[{"type":"U","date":"2018-04-18T01:20:00.000Z","volume":5000,"label":"U","price":56.1},{"type":"A","date":"2018-04-18T01:32:46.000Z","volume":3000,"label":" ","price":56.35},{"type":"B","date":"2018-04-18T01:33:02.000Z","volume":2000,"label":" ","price":56.35},{"type":"B","date":"2018-04-18T01:33:02.000Z","volume":1000,"label":" ","price":56.35},{"type":"B","date":"2018-04-18T01:33:03.000Z","volume":1000,"label":" ","price":56.35},{"type":"A","date":"2018-04-18T01:33:05.000Z","volume":1000,"label":" ","price":56.2},{"type":"B","date":"2018-04-18T01:33:17.000Z","volume":1000,"label":"Y","price":56.05},{"type":"B","date":"2018-04-18T01:41:52.000Z","volume":2000,"label":" ","price":55.7},{"type":"A","date":"2018-04-18T01:41:53.000Z","volume":1000,"label":" ","price":56},{"type":"A","date":"2018-04-18T01:41:53.000Z","volume":1000,"label":" ","price":56},{"type":"B","date":"2018-04-18T01:42:23.000Z","volume":1000,"label":"Y","price":55.65},{"type":"A","date":"2018-04-18T01:50:17.000Z","volume":1000,"label":" ","price":55.9},{"type":"B","date":"2018-04-18T01:50:47.000Z","volume":1000,"label":" ","price":55.7},{"type":"B","date":"2018-04-18T01:51:07.000Z","volume":1000,"label":" ","price":55.65},{"type":"A","date":"2018-04-18T01:51:09.000Z","volume":1000,"label":" ","price":55.85},{"type":"A","date":"2018-04-18T01:53:11.000Z","volume":2000,"label":" ","price":55.85},{"type":"B","date":"2018-04-18T01:53:18.000Z","volume":1000,"label":" ","price":55.6},{"type":"B","date":"2018-04-18T01:53:19.000Z","volume":1000,"label":" ","price":55.6},{"type":"A","date":"2018-04-18T01:53:19.000Z","volume":1000,"label":"Y","price":55.7},{"type":"A","date":"2018-04-18T01:53:35.000Z","volume":1000,"label":" ","price":55.7},{"type":"U","date":"2018-04-18T01:53:35.000Z","volume":1000,"label":"X","price":55.7},{"type":"A","date":"2018-04-18T01:53:44.000Z","volume":2000,"label":" ","price":55.7},{"type":"A","date":"2018-04-18T01:53:53.000Z","volume":3000,"label":" ","price":55.65},{"type":"A","date":"2018-04-18T01:53:55.000Z","volume":1000,"label":" ","price":55.7},{"type":"A","date":"2018-04-18T01:55:32.000Z","volume":1000,"label":" ","price":55.7},{"type":"A","date":"2018-04-18T01:55:32.000Z","volume":1000,"label":" ","price":55.7},{"type":"A","date":"2018-04-18T01:55:34.000Z","volume":1000,"label":" ","price":55.7},{"type":"B","date":"2018-04-18T01:55:48.000Z","volume":8000,"label":" ","price":55.6},{"type":"A","date":"2018-04-18T01:55:50.000Z","volume":1000,"label":" ","price":55.6},{"type":"A","date":"2018-04-18T01:55:51.000Z","volume":1000,"label":" ","price":55.6},{"type":"A","date":"2018-04-18T01:56:05.000Z","volume":1000,"label":" ","price":55.6},{"type":"U","date":"2018-04-18T01:56:05.000Z","volume":1000,"label":"X","price":55.6},{"type":"A","date":"2018-04-18T01:56:07.000Z","volume":1000,"label":" ","price":55.6},{"type":"A","date":"2018-04-18T01:56:07.000Z","volume":1000,"label":" ","price":55.6},{"type":"U","date":"2018-04-18T01:56:17.000Z","volume":1000,"label":" ","price":55.55},{"type":"A","date":"2018-04-18T01:56:19.000Z","volume":1000,"label":" ","price":55.6},{"type":"A","date":"2018-04-18T01:57:18.000Z","volume":1000,"label":" ","price":55.55},{"type":"A","date":"2018-04-18T01:57:20.000Z","volume":1000,"label":" ","price":55.55},{"type":"A","date":"2018-04-18T01:59:24.000Z","volume":1000,"label":" ","price":55.55},{"type":"A","date":"2018-04-18T02:02:32.000Z","volume":2000,"label":" ","price":55.55},{"type":"A","date":"2018-04-18T02:02:32.000Z","volume":1000,"label":" ","price":55.55},{"type":"A","date":"2018-04-18T02:02:36.000Z","volume":2000,"label":" ","price":55.55},{"type":"A","date":"2018-04-18T02:02:36.000Z","volume":1000,"label":" ","price":55.55},{"type":"A","date":"2018-04-18T02:02:36.000Z","volume":1000,"label":" ","price":55.55},{"type":"A","date":"2018-04-18T02:02:37.000Z","volume":2000,"label":" ","price":55.55},{"type":"A","date":"2018-04-18T02:02:40.000Z","volume":5000,"label":" ","price":55.65},{"type":"A","date":"2018-04-18T02:02:40.000Z","volume":1000,"label":" ","price":55.7},{"type":"A","date":"2018-04-18T02:06:06.000Z","volume":1000,"label":" ","price":55.7},{"type":"U","date":"2018-04-18T02:06:06.000Z","volume":1000,"label":"X","price":55.7},{"type":"A","date":"2018-04-18T02:06:06.000Z","volume":1000,"label":" ","price":55.7},{"type":"A","date":"2018-04-18T02:06:06.000Z","volume":1000,"label":" ","price":55.7},{"type":"A","date":"2018-04-18T02:06:17.000Z","volume":1000,"label":"Y","price":55.75},{"type":"B","date":"2018-04-18T02:08:24.000Z","volume":3000,"label":" ","price":55.75},{"type":"B","date":"2018-04-18T02:10:42.000Z","volume":1000,"label":" ","price":55.55},{"type":"B","date":"2018-04-18T02:21:33.000Z","volume":1000,"label":" ","price":55.55},{"type":"A","date":"2018-04-18T02:22:28.000Z","volume":1000,"label":" ","price":55.6},{"type":"A","date":"2018-04-18T02:22:28.000Z","volume":1000,"label":" ","price":55.6},{"type":"A","date":"2018-04-18T02:22:29.000Z","volume":1000,"label":" ","price":55.6},{"type":"A","date":"2018-04-18T02:22:30.000Z","volume":1000,"label":" ","price":55.6},{"type":"A","date":"2018-04-18T02:22:34.000Z","volume":1000,"label":" ","price":55.6},{"type":"B","date":"2018-04-18T02:26:55.000Z","volume":1000,"label":" ","price":55.55},{"type":"B","date":"2018-04-18T02:28:25.000Z","volume":1000,"label":" ","price":55.55},{"type":"A","date":"2018-04-18T02:29:02.000Z","volume":1000,"label":" ","price":55.6},{"type":"A","date":"2018-04-18T02:29:02.000Z","volume":1000,"label":" ","price":55.6},{"type":"A","date":"2018-04-18T02:29:03.000Z","volume":1000,"label":" ","price":55.6},{"type":"A","date":"2018-04-18T02:29:03.000Z","volume":2000,"label":" ","price":55.6},{"type":"U","date":"2018-04-18T02:35:06.000Z","volume":1000,"label":"X","price":55.6},{"type":"B","date":"2018-04-18T02:37:55.000Z","volume":1000,"label":" ","price":55.55},{"type":"A","date":"2018-04-18T02:37:56.000Z","volume":1000,"label":"Y","price":55.6},{"type":"B","date":"2018-04-18T02:39:04.000Z","volume":1000,"label":" ","price":55.55},{"type":"B","date":"2018-04-18T02:39:04.000Z","volume":2000,"label":" ","price":55.55},{"type":"B","date":"2018-04-18T02:39:04.000Z","volume":11000,"label":" ","price":55.55},{"type":"B","date":"2018-04-18T02:39:04.000Z","volume":2000,"label":" ","price":55.55},{"type":"A","date":"2018-04-18T02:39:06.000Z","volume":1000,"label":" ","price":55.6},{"type":"B","date":"2018-04-18T02:39:18.000Z","volume":5000,"label":" ","price":55.55},{"type":"A","date":"2018-04-18T02:39:18.000Z","volume":1000,"label":" ","price":55.6},{"type":"B","date":"2018-04-18T02:39:18.000Z","volume":1000,"label":" ","price":55.55},{"type":"A","date":"2018-04-18T02:39:20.000Z","volume":1000,"label":"Y","price":55.6},{"type":"B","date":"2018-04-18T02:39:25.000Z","volume":1000,"label":" ","price":55.55},{"type":"B","date":"2018-04-18T02:39:25.000Z","volume":1000,"label":" ","price":55.55},{"type":"B","date":"2018-04-18T02:39:55.000Z","volume":3000,"label":" ","price":55.55},{"type":"B","date":"2018-04-18T02:39:55.000Z","volume":1000,"label":" ","price":55.55},{"type":"B","date":"2018-04-18T02:39:55.000Z","volume":1000,"label":" ","price":55.55},{"type":"B","date":"2018-04-18T02:40:08.000Z","volume":5000,"label":" ","price":55.5},{"type":"B","date":"2018-04-18T02:40:17.000Z","volume":3000,"label":" ","price":55.5},{"type":"A","date":"2018-04-18T02:40:17.000Z","volume":1000,"label":"Y","price":55.55},{"type":"B","date":"2018-04-18T02:40:17.000Z","volume":1000,"label":"Y","price":55.5},{"type":"B","date":"2018-04-18T02:40:17.000Z","volume":1000,"label":" ","price":55.5},{"type":"B","date":"2018-04-18T02:42:25.000Z","volume":1000,"label":" ","price":55.4},{"type":"B","date":"2018-04-18T02:42:25.000Z","volume":1000,"label":"Y","price":55.4},{"type":"B","date":"2018-04-18T02:43:32.000Z","volume":1000,"label":" ","price":55.35},{"type":"B","date":"2018-04-18T02:43:32.000Z","volume":1000,"label":" ","price":55.35},{"type":"A","date":"2018-04-18T02:47:34.000Z","volume":9000,"label":" ","price":55.3},{"type":"A","date":"2018-04-18T02:47:36.000Z","volume":2000,"label":"Y","price":55.3},{"type":"U","date":"2018-04-18T02:48:36.000Z","volume":2000,"label":"X","price":55.3},{"type":"A","date":"2018-04-18T02:58:13.000Z","volume":1000,"label":" ","price":55.3},{"type":"A","date":"2018-04-18T02:58:14.000Z","volume":1000,"label":"Y","price":55.3},{"type":"A","date":"2018-04-18T02:58:29.000Z","volume":5000,"label":" ","price":55.3},{"type":"A","date":"2018-04-18T02:58:31.000Z","volume":1000,"label":"Y","price":55.3},{"type":"A","date":"2018-04-18T02:58:59.000Z","volume":2000,"label":" ","price":55.3},{"type":"A","date":"2018-04-18T02:59:33.000Z","volume":3000,"label":" ","price":55.3},{"type":"A","date":"2018-04-18T02:59:33.000Z","volume":1000,"label":" ","price":55.3},{"type":"A","date":"2018-04-18T02:59:33.000Z","volume":3000,"label":" ","price":55.3},{"type":"A","date":"2018-04-18T02:59:33.000Z","volume":2000,"label":"Y","price":55.3},{"type":"A","date":"2018-04-18T02:59:33.000Z","volume":3000,"label":" ","price":55.3},{"type":"A","date":"2018-04-18T02:59:33.000Z","volume":4000,"label":" ","price":55.35},{"type":"A","date":"2018-04-18T02:59:33.000Z","volume":1000,"label":"Y","price":55.35},{"type":"A","date":"2018-04-18T02:59:35.000Z","volume":1000,"label":"Y","price":55.4},{"type":"A","date":"2018-04-18T02:59:35.000Z","volume":2000,"label":" ","price":55.4},{"type":"A","date":"2018-04-18T02:59:35.000Z","volume":4000,"label":" ","price":55.4},{"type":"U","date":"2018-04-18T02:59:36.000Z","volume":1000,"label":" ","price":55.4},{"type":"A","date":"2018-04-18T02:59:37.000Z","volume":1000,"label":" ","price":55.4},{"type":"A","date":"2018-04-18T02:59:38.000Z","volume":5000,"label":" ","price":55.45},{"type":"A","date":"2018-04-18T02:59:39.000Z","volume":1000,"label":"Y","price":55.5},{"type":"A","date":"2018-04-18T02:59:39.000Z","volume":1000,"label":" ","price":55.5},{"type":"A","date":"2018-04-18T02:59:41.000Z","volume":1000,"label":" ","price":55.4},{"type":"B","date":"2018-04-18T03:01:32.000Z","volume":1000,"label":" ","price":55.3},{"type":"A","date":"2018-04-18T03:16:32.000Z","volume":1000,"label":" ","price":55.55},{"type":"A","date":"2018-04-18T03:16:32.000Z","volume":1000,"label":" ","price":55.55},{"type":"A","date":"2018-04-18T03:16:34.000Z","volume":1000,"label":"Y","price":55.55},{"type":"A","date":"2018-04-18T03:17:43.000Z","volume":1000,"label":" ","price":55.55},{"type":"B","date":"2018-04-18T03:23:27.000Z","volume":1000,"label":" ","price":55.35},{"type":"U","date":"2018-04-18T03:25:42.000Z","volume":1000,"label":"X","price":55.425},{"type":"A","date":"2018-04-18T03:27:17.000Z","volume":1000,"label":" ","price":55.45},{"type":"A","date":"2018-04-18T03:27:17.000Z","volume":1000,"label":" ","price":55.45},{"type":"A","date":"2018-04-18T03:27:19.000Z","volume":1000,"label":"Y","price":55.45},{"type":"B","date":"2018-04-18T03:27:27.000Z","volume":1000,"label":" ","price":55.35},{"type":"B","date":"2018-04-18T03:27:31.000Z","volume":5000,"label":" ","price":55.35},{"type":"B","date":"2018-04-18T03:27:31.000Z","volume":1000,"label":"Y","price":55.35},{"type":"B","date":"2018-04-18T03:27:31.000Z","volume":1000,"label":" ","price":55.35},{"type":"B","date":"2018-04-18T03:27:31.000Z","volume":3000,"label":" ","price":55.35},{"type":"B","date":"2018-04-18T03:27:31.000Z","volume":1000,"label":" ","price":55.35},{"type":"A","date":"2018-04-18T03:27:35.000Z","volume":1000,"label":"Y","price":55.35},{"type":"U","date":"2018-04-18T03:27:35.000Z","volume":1000,"label":"X","price":55.35},{"type":"A","date":"2018-04-18T03:27:36.000Z","volume":1000,"label":" ","price":55.35},{"type":"B","date":"2018-04-18T03:28:47.000Z","volume":2000,"label":" ","price":55.3},{"type":"B","date":"2018-04-18T03:28:53.000Z","volume":3000,"label":" ","price":55.3},{"type":"B","date":"2018-04-18T03:28:53.000Z","volume":1000,"label":" ","price":55.3},{"type":"B","date":"2018-04-18T03:28:55.000Z","volume":2000,"label":" ","price":55.3},{"type":"B","date":"2018-04-18T03:28:59.000Z","volume":1000,"label":" ","price":55.25},{"type":"A","date":"2018-04-18T03:29:01.000Z","volume":1000,"label":"Y","price":55.3},{"type":"B","date":"2018-04-18T03:29:04.000Z","volume":2000,"label":" ","price":55.25},{"type":"B","date":"2018-04-18T03:29:08.000Z","volume":1000,"label":" ","price":55.25},{"type":"B","date":"2018-04-18T03:29:13.000Z","volume":1000,"label":" ","price":55.25},{"type":"A","date":"2018-04-18T03:29:14.000Z","volume":1000,"label":"Y","price":55.3},{"type":"B","date":"2018-04-18T03:29:38.000Z","volume":1000,"label":" ","price":55.25},{"type":"A","date":"2018-04-18T03:29:41.000Z","volume":1000,"label":"Y","price":55.3},{"type":"U","date":"2018-04-18T03:29:41.000Z","volume":1000,"label":" ","price":55.25},{"type":"A","date":"2018-04-18T03:34:24.000Z","volume":2000,"label":" ","price":55.25},{"type":"A","date":"2018-04-18T03:34:26.000Z","volume":1000,"label":" ","price":55.25},{"type":"A","date":"2018-04-18T03:34:36.000Z","volume":2000,"label":" ","price":55.25},{"type":"A","date":"2018-04-18T03:34:36.000Z","volume":6000,"label":" ","price":55.25},{"type":"A","date":"2018-04-18T03:34:37.000Z","volume":2000,"label":" ","price":55.25},{"type":"A","date":"2018-04-18T03:34:37.000Z","volume":2000,"label":" ","price":55.3},{"type":"A","date":"2018-04-18T03:37:28.000Z","volume":6000,"label":" ","price":55.3},{"type":"A","date":"2018-04-18T03:37:30.000Z","volume":2000,"label":" ","price":55.35},{"type":"B","date":"2018-04-18T03:37:33.000Z","volume":4000,"label":" ","price":55.3},{"type":"A","date":"2018-04-18T03:37:34.000Z","volume":1000,"label":"Y","price":55.35},{"type":"B","date":"2018-04-18T03:37:37.000Z","volume":2000,"label":" ","price":55.3},{"type":"B","date":"2018-04-18T03:37:40.000Z","volume":1000,"label":" ","price":55.3},{"type":"B","date":"2018-04-18T03:37:43.000Z","volume":1000,"label":" ","price":55.3},{"type":"B","date":"2018-04-18T03:37:47.000Z","volume":1000,"label":" ","price":55.3},{"type":"B","date":"2018-04-18T03:37:52.000Z","volume":1000,"label":" ","price":55.3},{"type":"B","date":"2018-04-18T03:37:57.000Z","volume":1000,"label":" ","price":55.3},{"type":"A","date":"2018-04-18T03:38:28.000Z","volume":1000,"label":" ","price":55.25},{"type":"A","date":"2018-04-18T03:38:28.000Z","volume":1000,"label":" ","price":55.25},{"type":"A","date":"2018-04-18T03:38:28.000Z","volume":1000,"label":" ","price":55.3},{"type":"A","date":"2018-04-18T03:48:14.000Z","volume":6000,"label":" ","price":55.25},{"type":"U","date":"2018-04-18T03:48:14.000Z","volume":1000,"label":"X","price":55.25},{"type":"A","date":"2018-04-18T03:48:14.000Z","volume":2000,"label":" ","price":55.25},{"type":"A","date":"2018-04-18T03:48:16.000Z","volume":2000,"label":" ","price":55.4},{"type":"A","date":"2018-04-18T03:48:16.000Z","volume":1000,"label":" ","price":55.35},{"type":"A","date":"2018-04-18T03:48:16.000Z","volume":1000,"label":" ","price":55.4},{"type":"B","date":"2018-04-18T03:48:25.000Z","volume":3000,"label":" ","price":55.35},{"type":"B","date":"2018-04-18T03:48:26.000Z","volume":4000,"label":" ","price":55.35},{"type":"A","date":"2018-04-18T03:48:51.000Z","volume":6000,"label":" ","price":55.4},{"type":"A","date":"2018-04-18T03:48:53.000Z","volume":1000,"label":" ","price":55.4},{"type":"A","date":"2018-04-18T03:49:15.000Z","volume":5000,"label":" ","price":55.4},{"type":"A","date":"2018-04-18T03:49:15.000Z","volume":1000,"label":"Y","price":55.4},{"type":"U","date":"2018-04-18T03:49:15.000Z","volume":1000,"label":"X","price":55.35},{"type":"A","date":"2018-04-18T03:49:54.000Z","volume":1000,"label":" ","price":55.4},{"type":"U","date":"2018-04-18T03:50:03.000Z","volume":3000,"label":" ","price":55.5},{"type":"B","date":"2018-04-18T03:50:06.000Z","volume":1000,"label":" ","price":55.4},{"type":"B","date":"2018-04-18T03:50:49.000Z","volume":2000,"label":" ","price":55.3},{"type":"U","date":"2018-04-18T03:50:49.000Z","volume":1000,"label":"X","price":55.275},{"type":"B","date":"2018-04-18T03:52:36.000Z","volume":1000,"label":" ","price":55.2},{"type":"B","date":"2018-04-18T03:52:36.000Z","volume":1000,"label":" ","price":55.2},{"type":"A","date":"2018-04-18T03:52:38.000Z","volume":1000,"label":"Y","price":55.3},{"type":"A","date":"2018-04-18T03:52:41.000Z","volume":1000,"label":" ","price":55.25},{"type":"A","date":"2018-04-18T03:54:17.000Z","volume":7000,"label":" ","price":55.25},{"type":"A","date":"2018-04-18T03:54:17.000Z","volume":1000,"label":" ","price":55.3},{"type":"A","date":"2018-04-18T03:54:18.000Z","volume":1000,"label":" ","price":55.35},{"type":"A","date":"2018-04-18T03:59:44.000Z","volume":5000,"label":" ","price":55.5},{"type":"B","date":"2018-04-18T03:59:52.000Z","volume":1000,"label":" ","price":55.55},{"type":"A","date":"2018-04-18T03:59:52.000Z","volume":1000,"label":"Y","price":55.7},{"type":"A","date":"2018-04-18T05:00:09.000Z","volume":2000,"label":" ","price":55.65},{"type":"A","date":"2018-04-18T05:00:17.000Z","volume":1000,"label":" ","price":55.6},{"type":"A","date":"2018-04-18T05:00:17.000Z","volume":1000,"label":" ","price":55.6},{"type":"B","date":"2018-04-18T05:09:28.000Z","volume":1000,"label":" ","price":55.55},{"type":"B","date":"2018-04-18T05:09:28.000Z","volume":13000,"label":" ","price":55.55},{"type":"B","date":"2018-04-18T05:09:34.000Z","volume":1000,"label":" ","price":55.5},{"type":"A","date":"2018-04-18T05:09:34.000Z","volume":1000,"label":"Y","price":55.55},{"type":"U","date":"2018-04-18T05:09:50.000Z","volume":1000,"label":"X","price":55.525},{"type":"B","date":"2018-04-18T05:10:43.000Z","volume":1000,"label":" ","price":55.5},{"type":"A","date":"2018-04-18T05:13:35.000Z","volume":17000,"label":" ","price":55.55},{"type":"A","date":"2018-04-18T05:13:35.000Z","volume":4000,"label":" ","price":55.6},{"type":"A","date":"2018-04-18T05:13:37.000Z","volume":1000,"label":" ","price":55.65},{"type":"A","date":"2018-04-18T05:13:39.000Z","volume":1000,"label":" ","price":55.65},{"type":"A","date":"2018-04-18T05:13:41.000Z","volume":1000,"label":" ","price":55.8},{"type":"U","date":"2018-04-18T05:13:41.000Z","volume":1000,"label":"X","price":55.8},{"type":"A","date":"2018-04-18T05:15:27.000Z","volume":1000,"label":" ","price":55.75},{"type":"A","date":"2018-04-18T05:15:27.000Z","volume":1000,"label":"Y","price":55.75},{"type":"A","date":"2018-04-18T05:15:27.000Z","volume":1000,"label":"Y","price":55.75},{"type":"A","date":"2018-04-18T05:15:28.000Z","volume":1000,"label":" ","price":56},{"type":"B","date":"2018-04-18T05:16:19.000Z","volume":1000,"label":" ","price":55.6},{"type":"A","date":"2018-04-18T05:17:02.000Z","volume":1000,"label":" ","price":55.9},{"type":"U","date":"2018-04-18T05:22:12.000Z","volume":1000,"label":"X","price":55.85},{"type":"A","date":"2018-04-18T05:22:13.000Z","volume":1000,"label":" ","price":55.75},{"type":"A","date":"2018-04-18T05:22:14.000Z","volume":1000,"label":" ","price":55.9},{"type":"A","date":"2018-04-18T05:22:17.000Z","volume":1000,"label":" ","price":55.9},{"type":"A","date":"2018-04-18T05:31:04.000Z","volume":1000,"label":" ","price":55.75},{"type":"A","date":"2018-04-18T05:31:08.000Z","volume":1000,"label":" ","price":55.75},{"type":"A","date":"2018-04-18T05:40:13.000Z","volume":9000,"label":" ","price":55.75},{"type":"A","date":"2018-04-18T05:40:14.000Z","volume":1000,"label":" ","price":55.8},{"type":"A","date":"2018-04-18T05:40:14.000Z","volume":1000,"label":"Y","price":55.8},{"type":"A","date":"2018-04-18T05:40:14.000Z","volume":1000,"label":" ","price":55.8},{"type":"U","date":"2018-04-18T05:40:14.000Z","volume":1000,"label":" ","price":55.8},{"type":"A","date":"2018-04-18T05:40:15.000Z","volume":1000,"label":" ","price":55.85},{"type":"A","date":"2018-04-18T05:40:47.000Z","volume":1000,"label":" ","price":55.85},{"type":"B","date":"2018-04-18T05:45:30.000Z","volume":4000,"label":" ","price":55.85},{"type":"B","date":"2018-04-18T05:45:30.000Z","volume":1000,"label":"Y","price":55.85},{"type":"B","date":"2018-04-18T05:45:30.000Z","volume":3000,"label":" ","price":55.85},{"type":"A","date":"2018-04-18T05:45:30.000Z","volume":1000,"label":" ","price":56},{"type":"B","date":"2018-04-18T05:45:31.000Z","volume":1000,"label":" ","price":55.85},{"type":"B","date":"2018-04-18T05:45:50.000Z","volume":1000,"label":" ","price":55.8},{"type":"B","date":"2018-04-18T05:46:52.000Z","volume":1000,"label":" ","price":55.8},{"type":"A","date":"2018-04-18T05:50:02.000Z","volume":1000,"label":" ","price":55.85},{"type":"U","date":"2018-04-18T05:50:08.000Z","volume":769,"label":"D","price":55.66},{"type":"B","date":"2018-04-18T05:52:12.000Z","volume":1000,"label":" ","price":55.8},{"type":"B","date":"2018-04-18T06:00:09.000Z","volume":1000,"label":" ","price":55.8},{"type":"A","date":"2018-04-18T06:00:09.000Z","volume":1000,"label":"Y","price":55.85},{"type":"A","date":"2018-04-18T06:01:07.000Z","volume":2000,"label":" ","price":55.85},{"type":"B","date":"2018-04-18T06:01:07.000Z","volume":1000,"label":" ","price":55.8},{"type":"B","date":"2018-04-18T06:01:16.000Z","volume":10000,"label":" ","price":55.8},{"type":"B","date":"2018-04-18T06:01:17.000Z","volume":1000,"label":" ","price":55.8},{"type":"B","date":"2018-04-18T06:01:17.000Z","volume":1000,"label":" ","price":55.8},{"type":"A","date":"2018-04-18T06:01:17.000Z","volume":1000,"label":" ","price":55.85},{"type":"B","date":"2018-04-18T06:01:20.000Z","volume":1000,"label":" ","price":55.75},{"type":"A","date":"2018-04-18T06:01:51.000Z","volume":1000,"label":" ","price":55.75},{"type":"A","date":"2018-04-18T06:03:13.000Z","volume":1000,"label":" ","price":55.75},{"type":"A","date":"2018-04-18T06:03:13.000Z","volume":1000,"label":" ","price":55.75},{"type":"A","date":"2018-04-18T06:06:48.000Z","volume":1000,"label":" ","price":55.75},{"type":"A","date":"2018-04-18T06:10:00.000Z","volume":1000,"label":" ","price":55.75},{"type":"B","date":"2018-04-18T06:10:15.000Z","volume":1000,"label":" ","price":55.7},{"type":"A","date":"2018-04-18T06:12:09.000Z","volume":1000,"label":" ","price":55.75},{"type":"A","date":"2018-04-18T06:14:24.000Z","volume":1000,"label":" ","price":55.75},{"type":"A","date":"2018-04-18T06:14:26.000Z","volume":1000,"label":"Y","price":55.75},{"type":"A","date":"2018-04-18T06:14:33.000Z","volume":2000,"label":" ","price":55.75},{"type":"A","date":"2018-04-18T06:14:33.000Z","volume":8000,"label":" ","price":55.75},{"type":"A","date":"2018-04-18T06:14:33.000Z","volume":2000,"label":" ","price":55.8},{"type":"A","date":"2018-04-18T06:14:34.000Z","volume":2000,"label":" ","price":55.85},{"type":"A","date":"2018-04-18T06:14:35.000Z","volume":1000,"label":" ","price":55.85},{"type":"U","date":"2018-04-18T06:14:44.000Z","volume":1000,"label":"X","price":55.9},{"type":"U","date":"2018-04-18T06:15:08.000Z","volume":1000,"label":"X","price":55.8},{"type":"A","date":"2018-04-18T06:15:32.000Z","volume":1000,"label":" ","price":55.9},{"type":"A","date":"2018-04-18T06:15:32.000Z","volume":1000,"label":" ","price":55.9},{"type":"A","date":"2018-04-18T06:15:32.000Z","volume":1000,"label":" ","price":56},{"type":"A","date":"2018-04-18T06:18:42.000Z","volume":1000,"label":" ","price":56},{"type":"A","date":"2018-04-18T06:18:44.000Z","volume":1000,"label":" ","price":56},{"type":"A","date":"2018-04-18T06:21:49.000Z","volume":1000,"label":" ","price":56},{"type":"A","date":"2018-04-18T06:22:37.000Z","volume":1000,"label":" ","price":56},{"type":"A","date":"2018-04-18T06:22:37.000Z","volume":2000,"label":" ","price":56},{"type":"B","date":"2018-04-18T06:23:33.000Z","volume":3000,"label":" ","price":55.95},{"type":"B","date":"2018-04-18T06:23:33.000Z","volume":1000,"label":" ","price":55.95},{"type":"B","date":"2018-04-18T06:23:33.000Z","volume":7000,"label":" ","price":55.95},{"type":"B","date":"2018-04-18T06:23:33.000Z","volume":1000,"label":" ","price":55.9},{"type":"A","date":"2018-04-18T06:23:35.000Z","volume":1000,"label":" ","price":56},{"type":"A","date":"2018-04-18T06:23:35.000Z","volume":1000,"label":" ","price":55.95},{"type":"B","date":"2018-04-18T06:26:22.000Z","volume":1000,"label":" ","price":55.8},{"type":"A","date":"2018-04-18T06:26:24.000Z","volume":1000,"label":"Y","price":55.9},{"type":"B","date":"2018-04-18T06:28:57.000Z","volume":1000,"label":" ","price":55.8},{"type":"B","date":"2018-04-18T06:29:01.000Z","volume":1000,"label":" ","price":55.8},{"type":"A","date":"2018-04-18T06:29:37.000Z","volume":1000,"label":" ","price":55.85},{"type":"A","date":"2018-04-18T06:32:28.000Z","volume":1000,"label":" ","price":55.85},{"type":"A","date":"2018-04-18T06:35:04.000Z","volume":1000,"label":" ","price":55.85},{"type":"A","date":"2018-04-18T06:35:32.000Z","volume":6000,"label":" ","price":55.85},{"type":"A","date":"2018-04-18T06:35:32.000Z","volume":2000,"label":" ","price":55.9},{"type":"A","date":"2018-04-18T06:35:33.000Z","volume":1000,"label":" ","price":55.9},{"type":"A","date":"2018-04-18T06:35:34.000Z","volume":1000,"label":" ","price":55.9},{"type":"U","date":"2018-04-18T06:35:34.000Z","volume":1000,"label":"X","price":55.9},{"type":"A","date":"2018-04-18T06:35:34.000Z","volume":1000,"label":"Y","price":55.9},{"type":"A","date":"2018-04-18T06:35:36.000Z","volume":1000,"label":" ","price":55.95},{"type":"A","date":"2018-04-18T06:35:36.000Z","volume":1000,"label":" ","price":55.95},{"type":"A","date":"2018-04-18T06:35:47.000Z","volume":1000,"label":" ","price":55.95},{"type":"A","date":"2018-04-18T06:35:49.000Z","volume":1000,"label":" ","price":56.05},{"type":"A","date":"2018-04-18T06:37:51.000Z","volume":1000,"label":" ","price":56.1},{"type":"A","date":"2018-04-18T06:37:51.000Z","volume":1000,"label":" ","price":56.1},{"type":"A","date":"2018-04-18T06:38:02.000Z","volume":1000,"label":" ","price":56.1},{"type":"B","date":"2018-04-18T06:41:26.000Z","volume":4000,"label":" ","price":56.2},{"type":"A","date":"2018-04-18T06:41:26.000Z","volume":2000,"label":" ","price":56.25},{"type":"B","date":"2018-04-18T06:41:28.000Z","volume":1000,"label":" ","price":56.15},{"type":"A","date":"2018-04-18T06:41:28.000Z","volume":1000,"label":"Y","price":56.25},{"type":"B","date":"2018-04-18T06:45:17.000Z","volume":1000,"label":" ","price":56.1},{"type":"B","date":"2018-04-18T06:45:18.000Z","volume":1000,"label":" ","price":56.05},{"type":"A","date":"2018-04-18T06:45:19.000Z","volume":1000,"label":"Y","price":56.15},{"type":"A","date":"2018-04-18T06:47:57.000Z","volume":1000,"label":" ","price":56.1},{"type":"A","date":"2018-04-18T06:47:57.000Z","volume":2000,"label":" ","price":56.1},{"type":"A","date":"2018-04-18T06:47:59.000Z","volume":1000,"label":" ","price":56.15},{"type":"B","date":"2018-04-18T06:50:17.000Z","volume":1000,"label":" ","price":56.1},{"type":"A","date":"2018-04-18T06:50:19.000Z","volume":1000,"label":" ","price":56.15},{"type":"B","date":"2018-04-18T06:50:33.000Z","volume":2000,"label":"Y","price":56.05},{"type":"B","date":"2018-04-18T06:52:26.000Z","volume":1000,"label":" ","price":56.1},{"type":"A","date":"2018-04-18T06:52:56.000Z","volume":1000,"label":" ","price":56.15},{"type":"A","date":"2018-04-18T06:53:02.000Z","volume":1000,"label":" ","price":56.15},{"type":"A","date":"2018-04-18T06:53:02.000Z","volume":1000,"label":" ","price":56.15},{"type":"A","date":"2018-04-18T06:53:04.000Z","volume":1000,"label":" ","price":56.15},{"type":"A","date":"2018-04-18T06:53:07.000Z","volume":1000,"label":" ","price":56.15},{"type":"A","date":"2018-04-18T06:53:07.000Z","volume":2000,"label":" ","price":56.2},{"type":"B","date":"2018-04-18T06:53:08.000Z","volume":3000,"label":" ","price":56.1},{"type":"A","date":"2018-04-18T06:53:08.000Z","volume":1000,"label":" ","price":56.2},{"type":"B","date":"2018-04-18T06:53:22.000Z","volume":2000,"label":" ","price":56.1},{"type":"B","date":"2018-04-18T06:55:11.000Z","volume":1000,"label":" ","price":56.1},{"type":"B","date":"2018-04-18T06:57:47.000Z","volume":1000,"label":" ","price":56.1},{"type":"B","date":"2018-04-18T06:58:08.000Z","volume":4000,"label":" ","price":56.05},{"type":"A","date":"2018-04-18T06:58:10.000Z","volume":1000,"label":"Y","price":56.15},{"type":"A","date":"2018-04-18T07:00:35.000Z","volume":1000,"label":" ","price":56},{"type":"B","date":"2018-04-18T07:01:21.000Z","volume":3000,"label":" ","price":55.9},{"type":"A","date":"2018-04-18T07:01:23.000Z","volume":1000,"label":"Y","price":55.95},{"type":"U","date":"2018-04-18T07:02:10.000Z","volume":1000,"label":" ","price":55.7},{"type":"A","date":"2018-04-18T07:02:12.000Z","volume":4000,"label":" ","price":55.65},{"type":"A","date":"2018-04-18T07:02:13.000Z","volume":2000,"label":" ","price":55.7},{"type":"A","date":"2018-04-18T07:02:14.000Z","volume":1000,"label":" ","price":55.75},{"type":"A","date":"2018-04-18T07:10:44.000Z","volume":2000,"label":" ","price":55.8},{"type":"A","date":"2018-04-18T07:10:45.000Z","volume":1000,"label":" ","price":55.8},{"type":"A","date":"2018-04-18T07:10:46.000Z","volume":1000,"label":" ","price":55.8},{"type":"A","date":"2018-04-18T07:13:33.000Z","volume":1000,"label":" ","price":55.8},{"type":"A","date":"2018-04-18T07:19:38.000Z","volume":1000,"label":" ","price":55.8},{"type":"A","date":"2018-04-18T07:19:43.000Z","volume":1000,"label":" ","price":55.8},{"type":"U","date":"2018-04-18T07:19:58.000Z","volume":1000,"label":"X","price":55.775},{"type":"B","date":"2018-04-18T07:20:31.000Z","volume":11000,"label":" ","price":55.75},{"type":"B","date":"2018-04-18T07:20:32.000Z","volume":1000,"label":" ","price":55.7},{"type":"A","date":"2018-04-18T07:20:33.000Z","volume":1000,"label":" ","price":55.75},{"type":"B","date":"2018-04-18T07:20:57.000Z","volume":1000,"label":" ","price":55.7},{"type":"B","date":"2018-04-18T07:20:57.000Z","volume":1000,"label":" ","price":55.7},{"type":"A","date":"2018-04-18T07:22:15.000Z","volume":1000,"label":" ","price":55.6},{"type":"A","date":"2018-04-18T07:22:17.000Z","volume":1000,"label":"Y","price":55.65},{"type":"A","date":"2018-04-18T07:22:17.000Z","volume":3000,"label":" ","price":55.65},{"type":"A","date":"2018-04-18T07:27:01.000Z","volume":2000,"label":" ","price":55.7},{"type":"A","date":"2018-04-18T07:27:01.000Z","volume":3000,"label":" ","price":55.7},{"type":"A","date":"2018-04-18T07:27:02.000Z","volume":2000,"label":" ","price":55.75},{"type":"A","date":"2018-04-18T07:27:02.000Z","volume":1000,"label":" ","price":55.75},{"type":"A","date":"2018-04-18T07:31:17.000Z","volume":1000,"label":" ","price":55.7},{"type":"A","date":"2018-04-18T07:31:37.000Z","volume":1000,"label":" ","price":55.7},{"type":"A","date":"2018-04-18T07:31:38.000Z","volume":1000,"label":" ","price":55.7},{"type":"B","date":"2018-04-18T07:31:52.000Z","volume":1000,"label":" ","price":55.65},{"type":"A","date":"2018-04-18T07:33:32.000Z","volume":1000,"label":" ","price":55.7},{"type":"A","date":"2018-04-18T07:34:41.000Z","volume":1000,"label":" ","price":55.7},{"type":"A","date":"2018-04-18T07:35:16.000Z","volume":2000,"label":" ","price":55.7},{"type":"A","date":"2018-04-18T07:35:17.000Z","volume":1000,"label":" ","price":55.7},{"type":"A","date":"2018-04-18T07:35:50.000Z","volume":1000,"label":" ","price":55.7},{"type":"U","date":"2018-04-18T07:36:10.000Z","volume":1000,"label":"X","price":55.675},{"type":"A","date":"2018-04-18T07:39:54.000Z","volume":1000,"label":" ","price":55.7},{"type":"A","date":"2018-04-18T07:40:35.000Z","volume":1000,"label":" ","price":55.7},{"type":"A","date":"2018-04-18T07:42:25.000Z","volume":1000,"label":" ","price":55.7},{"type":"A","date":"2018-04-18T07:42:35.000Z","volume":1000,"label":" ","price":55.7},{"type":"A","date":"2018-04-18T07:42:35.000Z","volume":2000,"label":" ","price":55.7},{"type":"A","date":"2018-04-18T07:42:37.000Z","volume":1000,"label":" ","price":55.7},{"type":"A","date":"2018-04-18T07:42:37.000Z","volume":3000,"label":" ","price":55.7},{"type":"A","date":"2018-04-18T07:42:37.000Z","volume":1000,"label":" ","price":55.7},{"type":"A","date":"2018-04-18T07:43:36.000Z","volume":1000,"label":" ","price":55.7},{"type":"A","date":"2018-04-18T07:43:36.000Z","volume":1000,"label":" ","price":55.7},{"type":"U","date":"2018-04-18T07:43:36.000Z","volume":1000,"label":"X","price":55.7},{"type":"A","date":"2018-04-18T07:43:36.000Z","volume":14000,"label":" ","price":55.75},{"type":"A","date":"2018-04-18T07:43:36.000Z","volume":1000,"label":" ","price":55.8},{"type":"A","date":"2018-04-18T07:43:38.000Z","volume":1000,"label":"Y","price":55.85},{"type":"A","date":"2018-04-18T07:43:40.000Z","volume":2000,"label":" ","price":55.95},{"type":"A","date":"2018-04-18T07:43:50.000Z","volume":1000,"label":" ","price":55.95},{"type":"U","date":"2018-04-18T07:43:50.000Z","volume":1000,"label":" ","price":55.95},{"type":"A","date":"2018-04-18T07:43:50.000Z","volume":2000,"label":" ","price":56},{"type":"A","date":"2018-04-18T07:45:03.000Z","volume":1000,"label":" ","price":56},{"type":"B","date":"2018-04-18T07:45:12.000Z","volume":2000,"label":" ","price":55.95},{"type":"A","date":"2018-04-18T07:45:13.000Z","volume":1000,"label":" ","price":56},{"type":"U","date":"2018-04-18T07:45:46.000Z","volume":1000,"label":"X","price":55.95},{"type":"U","date":"2018-04-18T07:46:02.000Z","volume":1000,"label":"X","price":55.95},{"type":"A","date":"2018-04-18T07:46:35.000Z","volume":1000,"label":" ","price":55.95},{"type":"A","date":"2018-04-18T07:47:23.000Z","volume":2000,"label":" ","price":55.95},{"type":"B","date":"2018-04-18T07:48:06.000Z","volume":4000,"label":" ","price":55.9},{"type":"B","date":"2018-04-18T07:48:06.000Z","volume":5000,"label":" ","price":55.9},{"type":"A","date":"2018-04-18T07:48:06.000Z","volume":2000,"label":" ","price":55.95},{"type":"B","date":"2018-04-18T07:48:07.000Z","volume":1000,"label":" ","price":55.85},{"type":"A","date":"2018-04-18T07:48:08.000Z","volume":1000,"label":" ","price":56},{"type":"A","date":"2018-04-18T07:48:29.000Z","volume":1000,"label":" ","price":55.95},{"type":"U","date":"2018-04-18T07:49:11.000Z","volume":15000,"label":" ","price":55.75},{"type":"A","date":"2018-04-18T07:49:13.000Z","volume":1000,"label":" ","price":56},{"type":"A","date":"2018-04-18T07:49:15.000Z","volume":2000,"label":" ","price":56.05},{"type":"B","date":"2018-04-18T07:51:22.000Z","volume":2000,"label":" ","price":55.8},{"type":"A","date":"2018-04-18T07:53:12.000Z","volume":12000,"label":" ","price":55.85},{"type":"A","date":"2018-04-18T07:53:12.000Z","volume":2000,"label":" ","price":55.85},{"type":"A","date":"2018-04-18T07:53:12.000Z","volume":3000,"label":" ","price":55.85},{"type":"A","date":"2018-04-18T07:53:12.000Z","volume":2000,"label":" ","price":55.85},{"type":"A","date":"2018-04-18T07:53:12.000Z","volume":2000,"label":" ","price":55.9},{"type":"A","date":"2018-04-18T07:53:14.000Z","volume":2000,"label":" ","price":56.1},{"type":"U","date":"2018-04-18T07:55:06.000Z","volume":1000,"label":" ","price":56},{"type":"U","date":"2018-04-18T07:55:06.000Z","volume":3000,"label":" ","price":56},{"type":"B","date":"2018-04-18T07:55:10.000Z","volume":3000,"label":" ","price":56},{"type":"U","date":"2018-04-18T07:55:12.000Z","volume":3000,"label":" ","price":56},{"type":"U","date":"2018-04-18T07:55:12.000Z","volume":4000,"label":" ","price":56},{"type":"A","date":"2018-04-18T07:55:12.000Z","volume":2000,"label":" ","price":56.1},{"type":"U","date":"2018-04-18T07:56:24.000Z","volume":2000,"label":" ","price":56},{"type":"A","date":"2018-04-18T07:56:24.000Z","volume":2000,"label":" ","price":56.05},{"type":"A","date":"2018-04-18T07:56:25.000Z","volume":1000,"label":" ","price":56.05},{"type":"A","date":"2018-04-18T07:56:32.000Z","volume":1000,"label":" ","price":56.05},{"type":"U","date":"2018-04-18T07:56:53.000Z","volume":1000,"label":"X","price":55.95},{"type":"A","date":"2018-04-18T07:57:47.000Z","volume":1000,"label":" ","price":56},{"type":"A","date":"2018-04-18T07:58:14.000Z","volume":1000,"label":" ","price":56},{"type":"B","date":"2018-04-18T07:58:29.000Z","volume":1000,"label":" ","price":55.95},{"type":"B","date":"2018-04-18T07:58:40.000Z","volume":1000,"label":" ","price":55.95},{"type":"A","date":"2018-04-18T07:58:40.000Z","volume":1000,"label":" ","price":56},{"type":"A","date":"2018-04-18T07:58:47.000Z","volume":1000,"label":" ","price":56},{"type":"A","date":"2018-04-18T07:59:04.000Z","volume":1000,"label":"Y","price":56},{"type":"A","date":"2018-04-18T07:59:10.000Z","volume":1000,"label":" ","price":56},{"type":"A","date":"2018-04-18T07:59:16.000Z","volume":1000,"label":"Y","price":56},{"type":"A","date":"2018-04-18T07:59:29.000Z","volume":1000,"label":" ","price":56},{"type":"B","date":"2018-04-18T07:59:29.000Z","volume":1000,"label":" ","price":55.95},{"type":"B","date":"2018-04-18T07:59:30.000Z","volume":1000,"label":" ","price":55.95},{"type":"A","date":"2018-04-18T07:59:31.000Z","volume":1000,"label":" ","price":56},{"type":"A","date":"2018-04-18T07:59:55.000Z","volume":1000,"label":" ","price":56},{"type":"U","date":"2018-04-18T08:08:25.000Z","volume":211000,"label":"U","price":56.05}]