[{"type":"U","date":"2018-04-25T01:20:00.000Z","volume":16000,"label":"U","price":0.047},{"type":"B","date":"2018-04-25T01:42:16.000Z","volume":240000,"label":" ","price":0.046},{"type":"B","date":"2018-04-25T02:41:12.000Z","volume":640000,"label":"Y","price":0.046},{"type":"B","date":"2018-04-25T02:41:12.000Z","volume":160000,"label":" ","price":0.046},{"type":"A","date":"2018-04-25T02:43:21.000Z","volume":2000000,"label":" ","price":0.047},{"type":"A","date":"2018-04-25T02:43:22.000Z","volume":24000,"label":" ","price":0.047},{"type":"B","date":"2018-04-25T02:44:05.000Z","volume":160000,"label":" ","price":0.047},{"type":"B","date":"2018-04-25T02:54:23.000Z","volume":124000,"label":" ","price":0.047},{"type":"B","date":"2018-04-25T02:54:29.000Z","volume":600000,"label":" ","price":0.047},{"type":"B","date":"2018-04-25T03:15:15.000Z","volume":600000,"label":" ","price":0.047},{"type":"B","date":"2018-04-25T03:15:57.000Z","volume":640000,"label":" ","price":0.047},{"type":"B","date":"2018-04-25T03:22:04.000Z","volume":44000,"label":" ","price":0.047},{"type":"A","date":"2018-04-25T03:24:00.000Z","volume":500000,"label":" ","price":0.047},{"type":"A","date":"2018-04-25T03:26:19.000Z","volume":500000,"label":"Y","price":0.047},{"type":"A","date":"2018-04-25T03:26:54.000Z","volume":4000,"label":" ","price":0.047},{"type":"A","date":"2018-04-25T03:51:03.000Z","volume":352000,"label":" ","price":0.047},{"type":"B","date":"2018-04-25T03:51:21.000Z","volume":100000,"label":" ","price":0.047},{"type":"B","date":"2018-04-25T05:07:41.000Z","volume":28000,"label":" ","price":0.047},{"type":"U","date":"2018-04-25T05:08:11.000Z","volume":2820,"label":"D","price":0.041},{"type":"B","date":"2018-04-25T05:08:18.000Z","volume":4000,"label":" ","price":0.047},{"type":"B","date":"2018-04-25T05:13:23.000Z","volume":16000,"label":" ","price":0.047},{"type":"B","date":"2018-04-25T05:13:39.000Z","volume":184000,"label":" ","price":0.046},{"type":"B","date":"2018-04-25T05:24:09.000Z","volume":752000,"label":" ","price":0.047},{"type":"B","date":"2018-04-25T05:37:40.000Z","volume":848000,"label":" ","price":0.047},{"type":"A","date":"2018-04-25T05:39:49.000Z","volume":8000,"label":" ","price":0.047},{"type":"A","date":"2018-04-25T05:44:48.000Z","volume":144000,"label":" ","price":0.047},{"type":"B","date":"2018-04-25T05:51:02.000Z","volume":120000,"label":"Y","price":0.047},{"type":"U","date":"2018-04-25T05:57:12.000Z","volume":6,"label":"D","price":0.041},{"type":"B","date":"2018-04-25T06:07:24.000Z","volume":588000,"label":"Y","price":0.047},{"type":"B","date":"2018-04-25T06:07:24.000Z","volume":232000,"label":" ","price":0.047},{"type":"B","date":"2018-04-25T06:07:24.000Z","volume":900000,"label":" ","price":0.046},{"type":"B","date":"2018-04-25T06:27:12.000Z","volume":400000,"label":" ","price":0.047},{"type":"B","date":"2018-04-25T06:29:24.000Z","volume":60000,"label":" ","price":0.047},{"type":"B","date":"2018-04-25T06:33:28.000Z","volume":500000,"label":" ","price":0.047},{"type":"B","date":"2018-04-25T06:34:54.000Z","volume":40000,"label":" ","price":0.047},{"type":"A","date":"2018-04-25T06:42:51.000Z","volume":1440000,"label":" ","price":0.047},{"type":"B","date":"2018-04-25T06:50:59.000Z","volume":1120000,"label":" ","price":0.047},{"type":"B","date":"2018-04-25T06:52:22.000Z","volume":500000,"label":" ","price":0.047},{"type":"B","date":"2018-04-25T07:08:49.000Z","volume":4000,"label":" ","price":0.047},{"type":"B","date":"2018-04-25T07:11:23.000Z","volume":32000,"label":" ","price":0.047},{"type":"B","date":"2018-04-25T07:18:44.000Z","volume":200000,"label":" ","price":0.047},{"type":"B","date":"2018-04-25T07:21:39.000Z","volume":304000,"label":" ","price":0.047},{"type":"B","date":"2018-04-25T07:54:55.000Z","volume":160000,"label":" ","price":0.046},{"type":"A","date":"2018-04-25T07:55:28.000Z","volume":796000,"label":" ","price":0.047},{"type":"A","date":"2018-04-25T07:55:54.000Z","volume":4000,"label":" ","price":0.048}]