[{"type":"A","date":"2018-04-24T01:31:03.000Z","volume":20000,"label":" ","price":5.29},{"type":"A","date":"2018-04-24T01:31:10.000Z","volume":30000,"label":" ","price":5.29},{"type":"A","date":"2018-04-24T01:31:47.000Z","volume":20000,"label":" ","price":5.29},{"type":"A","date":"2018-04-24T01:32:05.000Z","volume":8000,"label":" ","price":5.29},{"type":"A","date":"2018-04-24T01:32:15.000Z","volume":12000,"label":" ","price":5.29},{"type":"A","date":"2018-04-24T01:32:23.000Z","volume":10000,"label":" ","price":5.29},{"type":"A","date":"2018-04-24T01:33:07.000Z","volume":20000,"label":" ","price":5.29},{"type":"A","date":"2018-04-24T01:35:05.000Z","volume":18000,"label":" ","price":5.29},{"type":"A","date":"2018-04-24T01:35:37.000Z","volume":4000,"label":" ","price":5.29},{"type":"A","date":"2018-04-24T01:36:07.000Z","volume":10000,"label":" ","price":5.29},{"type":"A","date":"2018-04-24T01:37:11.000Z","volume":20000,"label":" ","price":5.28},{"type":"B","date":"2018-04-24T01:39:32.000Z","volume":4000,"label":" ","price":5.24},{"type":"B","date":"2018-04-24T01:41:19.000Z","volume":36000,"label":" ","price":5.23},{"type":"B","date":"2018-04-24T01:41:23.000Z","volume":2000,"label":" ","price":5.23},{"type":"B","date":"2018-04-24T01:45:02.000Z","volume":4000,"label":" ","price":5.22},{"type":"B","date":"2018-04-24T01:46:52.000Z","volume":2000,"label":" ","price":5.21},{"type":"B","date":"2018-04-24T01:47:07.000Z","volume":10000,"label":" ","price":5.2},{"type":"B","date":"2018-04-24T01:47:07.000Z","volume":10000,"label":" ","price":5.19},{"type":"B","date":"2018-04-24T01:48:40.000Z","volume":8000,"label":" ","price":5.18},{"type":"B","date":"2018-04-24T01:48:40.000Z","volume":16000,"label":" ","price":5.17},{"type":"A","date":"2018-04-24T01:48:41.000Z","volume":2000,"label":" ","price":5.17},{"type":"A","date":"2018-04-24T01:48:44.000Z","volume":10000,"label":" ","price":5.17},{"type":"B","date":"2018-04-24T01:50:16.000Z","volume":8000,"label":" ","price":5.16},{"type":"B","date":"2018-04-24T01:50:49.000Z","volume":16000,"label":" ","price":5.15},{"type":"A","date":"2018-04-24T01:50:58.000Z","volume":12000,"label":" ","price":5.16},{"type":"A","date":"2018-04-24T01:52:10.000Z","volume":20000,"label":" ","price":5.23},{"type":"A","date":"2018-04-24T01:52:10.000Z","volume":10000,"label":" ","price":5.24},{"type":"B","date":"2018-04-24T01:58:56.000Z","volume":50000,"label":" ","price":5.21},{"type":"A","date":"2018-04-24T01:59:11.000Z","volume":10000,"label":" ","price":5.24},{"type":"A","date":"2018-04-24T02:02:33.000Z","volume":30000,"label":" ","price":5.23},{"type":"A","date":"2018-04-24T02:04:00.000Z","volume":24000,"label":" ","price":5.23},{"type":"A","date":"2018-04-24T02:04:07.000Z","volume":6000,"label":" ","price":5.23},{"type":"A","date":"2018-04-24T02:10:49.000Z","volume":10000,"label":" ","price":5.22},{"type":"A","date":"2018-04-24T02:11:02.000Z","volume":20000,"label":" ","price":5.22},{"type":"A","date":"2018-04-24T02:11:14.000Z","volume":14000,"label":" ","price":5.22},{"type":"B","date":"2018-04-24T02:12:41.000Z","volume":24000,"label":" ","price":5.2},{"type":"A","date":"2018-04-24T02:12:56.000Z","volume":20000,"label":" ","price":5.22},{"type":"A","date":"2018-04-24T02:13:34.000Z","volume":10000,"label":" ","price":5.22},{"type":"A","date":"2018-04-24T02:19:02.000Z","volume":10000,"label":" ","price":5.22},{"type":"A","date":"2018-04-24T02:25:13.000Z","volume":10000,"label":" ","price":5.21},{"type":"A","date":"2018-04-24T02:25:29.000Z","volume":14000,"label":" ","price":5.21},{"type":"A","date":"2018-04-24T02:25:41.000Z","volume":10000,"label":" ","price":5.21},{"type":"A","date":"2018-04-24T02:26:08.000Z","volume":28000,"label":" ","price":5.21},{"type":"A","date":"2018-04-24T02:27:25.000Z","volume":8000,"label":" ","price":5.21},{"type":"B","date":"2018-04-24T02:29:45.000Z","volume":2000,"label":" ","price":5.21},{"type":"A","date":"2018-04-24T02:30:54.000Z","volume":30000,"label":" ","price":5.21},{"type":"A","date":"2018-04-24T02:31:02.000Z","volume":10000,"label":" ","price":5.21},{"type":"A","date":"2018-04-24T02:34:00.000Z","volume":10000,"label":" ","price":5.22},{"type":"A","date":"2018-04-24T02:34:58.000Z","volume":20000,"label":" ","price":5.22},{"type":"A","date":"2018-04-24T02:35:08.000Z","volume":10000,"label":" ","price":5.22},{"type":"A","date":"2018-04-24T02:37:28.000Z","volume":40000,"label":" ","price":5.22},{"type":"A","date":"2018-04-24T02:37:29.000Z","volume":4000,"label":" ","price":5.22},{"type":"A","date":"2018-04-24T02:46:11.000Z","volume":30000,"label":" ","price":5.22},{"type":"B","date":"2018-04-24T02:46:19.000Z","volume":6000,"label":" ","price":5.2},{"type":"B","date":"2018-04-24T02:47:25.000Z","volume":2000,"label":" ","price":5.2},{"type":"A","date":"2018-04-24T02:47:38.000Z","volume":2000,"label":" ","price":5.2},{"type":"A","date":"2018-04-24T02:47:38.000Z","volume":28000,"label":" ","price":5.22},{"type":"A","date":"2018-04-24T02:47:46.000Z","volume":8000,"label":" ","price":5.22},{"type":"A","date":"2018-04-24T02:47:49.000Z","volume":14000,"label":" ","price":5.22},{"type":"A","date":"2018-04-24T02:47:53.000Z","volume":4000,"label":" ","price":5.22},{"type":"A","date":"2018-04-24T02:47:58.000Z","volume":2000,"label":" ","price":5.22},{"type":"A","date":"2018-04-24T02:48:00.000Z","volume":2000,"label":" ","price":5.22},{"type":"A","date":"2018-04-24T02:50:32.000Z","volume":2000,"label":" ","price":5.22},{"type":"A","date":"2018-04-24T02:51:36.000Z","volume":30000,"label":" ","price":5.22},{"type":"A","date":"2018-04-24T02:52:37.000Z","volume":10000,"label":" ","price":5.22},{"type":"A","date":"2018-04-24T02:55:22.000Z","volume":10000,"label":" ","price":5.22},{"type":"A","date":"2018-04-24T03:04:14.000Z","volume":20000,"label":" ","price":5.23},{"type":"A","date":"2018-04-24T03:04:27.000Z","volume":10000,"label":" ","price":5.23},{"type":"A","date":"2018-04-24T03:05:43.000Z","volume":6000,"label":" ","price":5.23},{"type":"B","date":"2018-04-24T03:05:50.000Z","volume":2000,"label":" ","price":5.2},{"type":"B","date":"2018-04-24T03:15:18.000Z","volume":2000,"label":" ","price":5.2},{"type":"B","date":"2018-04-24T03:15:45.000Z","volume":24000,"label":" ","price":5.2},{"type":"A","date":"2018-04-24T03:18:28.000Z","volume":18000,"label":" ","price":5.22},{"type":"A","date":"2018-04-24T03:18:44.000Z","volume":12000,"label":" ","price":5.22},{"type":"A","date":"2018-04-24T03:19:18.000Z","volume":20000,"label":" ","price":5.22},{"type":"B","date":"2018-04-24T03:21:23.000Z","volume":26000,"label":" ","price":5.2},{"type":"A","date":"2018-04-24T03:21:36.000Z","volume":10000,"label":" ","price":5.22},{"type":"A","date":"2018-04-24T03:27:08.000Z","volume":16000,"label":" ","price":5.22},{"type":"A","date":"2018-04-24T03:27:14.000Z","volume":14000,"label":" ","price":5.22},{"type":"A","date":"2018-04-24T03:31:31.000Z","volume":18000,"label":" ","price":5.22},{"type":"A","date":"2018-04-24T03:37:59.000Z","volume":6000,"label":" ","price":5.22},{"type":"B","date":"2018-04-24T03:41:03.000Z","volume":20000,"label":" ","price":5.2},{"type":"B","date":"2018-04-24T03:41:05.000Z","volume":8000,"label":" ","price":5.2},{"type":"A","date":"2018-04-24T03:45:20.000Z","volume":8000,"label":" ","price":5.22},{"type":"A","date":"2018-04-24T03:49:03.000Z","volume":16000,"label":" ","price":5.22},{"type":"A","date":"2018-04-24T03:58:16.000Z","volume":20000,"label":" ","price":5.22},{"type":"A","date":"2018-04-24T03:59:19.000Z","volume":10000,"label":" ","price":5.22},{"type":"A","date":"2018-04-24T05:03:42.000Z","volume":2000,"label":" ","price":5.22},{"type":"A","date":"2018-04-24T05:05:46.000Z","volume":28000,"label":" ","price":5.22},{"type":"A","date":"2018-04-24T05:05:51.000Z","volume":2000,"label":" ","price":5.22},{"type":"A","date":"2018-04-24T05:06:24.000Z","volume":14000,"label":" ","price":5.22},{"type":"A","date":"2018-04-24T05:06:27.000Z","volume":6000,"label":" ","price":5.22},{"type":"A","date":"2018-04-24T05:08:11.000Z","volume":16000,"label":" ","price":5.22},{"type":"B","date":"2018-04-24T05:10:37.000Z","volume":6000,"label":" ","price":5.22},{"type":"A","date":"2018-04-24T05:10:40.000Z","volume":24000,"label":" ","price":5.22},{"type":"B","date":"2018-04-24T05:14:36.000Z","volume":6000,"label":" ","price":5.22},{"type":"A","date":"2018-04-24T05:23:28.000Z","volume":30000,"label":" ","price":5.23},{"type":"A","date":"2018-04-24T05:27:04.000Z","volume":24000,"label":" ","price":5.23},{"type":"A","date":"2018-04-24T05:27:04.000Z","volume":6000,"label":" ","price":5.24},{"type":"A","date":"2018-04-24T05:32:24.000Z","volume":22000,"label":" ","price":5.23},{"type":"A","date":"2018-04-24T05:32:24.000Z","volume":28000,"label":" ","price":5.23},{"type":"A","date":"2018-04-24T05:37:13.000Z","volume":14000,"label":" ","price":5.24},{"type":"A","date":"2018-04-24T05:38:52.000Z","volume":2000,"label":" ","price":5.25},{"type":"A","date":"2018-04-24T05:39:49.000Z","volume":4000,"label":" ","price":5.25},{"type":"A","date":"2018-04-24T05:39:49.000Z","volume":24000,"label":" ","price":5.25},{"type":"A","date":"2018-04-24T05:40:37.000Z","volume":50000,"label":" ","price":5.26},{"type":"A","date":"2018-04-24T05:40:39.000Z","volume":30000,"label":" ","price":5.26},{"type":"A","date":"2018-04-24T05:40:45.000Z","volume":16000,"label":" ","price":5.27},{"type":"B","date":"2018-04-24T05:45:08.000Z","volume":10000,"label":" ","price":5.26},{"type":"A","date":"2018-04-24T05:51:30.000Z","volume":22000,"label":" ","price":5.27},{"type":"A","date":"2018-04-24T05:57:31.000Z","volume":10000,"label":" ","price":5.28},{"type":"A","date":"2018-04-24T05:58:34.000Z","volume":34000,"label":" ","price":5.29},{"type":"A","date":"2018-04-24T05:58:34.000Z","volume":20000,"label":" ","price":5.29},{"type":"A","date":"2018-04-24T06:00:35.000Z","volume":6000,"label":" ","price":5.3},{"type":"A","date":"2018-04-24T06:00:35.000Z","volume":38000,"label":" ","price":5.3},{"type":"A","date":"2018-04-24T06:01:36.000Z","volume":30000,"label":" ","price":5.31},{"type":"A","date":"2018-04-24T06:01:53.000Z","volume":10000,"label":" ","price":5.32},{"type":"A","date":"2018-04-24T06:02:16.000Z","volume":6000,"label":" ","price":5.32},{"type":"U","date":"2018-04-24T06:03:37.000Z","volume":30000,"label":" ","price":5.31},{"type":"A","date":"2018-04-24T06:03:48.000Z","volume":4000,"label":" ","price":5.32},{"type":"A","date":"2018-04-24T06:05:49.000Z","volume":20000,"label":" ","price":5.32},{"type":"A","date":"2018-04-24T06:05:49.000Z","volume":10000,"label":" ","price":5.32},{"type":"A","date":"2018-04-24T06:06:28.000Z","volume":24000,"label":" ","price":5.33},{"type":"A","date":"2018-04-24T06:12:10.000Z","volume":16000,"label":" ","price":5.33},{"type":"A","date":"2018-04-24T06:15:10.000Z","volume":20000,"label":" ","price":5.34},{"type":"A","date":"2018-04-24T06:15:10.000Z","volume":10000,"label":" ","price":5.34},{"type":"A","date":"2018-04-24T06:19:05.000Z","volume":30000,"label":" ","price":5.34},{"type":"A","date":"2018-04-24T06:20:02.000Z","volume":26000,"label":" ","price":5.34},{"type":"A","date":"2018-04-24T06:20:02.000Z","volume":22000,"label":" ","price":5.35},{"type":"A","date":"2018-04-24T06:20:02.000Z","volume":10000,"label":" ","price":5.36},{"type":"A","date":"2018-04-24T06:20:02.000Z","volume":10000,"label":" ","price":5.39},{"type":"A","date":"2018-04-24T06:20:02.000Z","volume":2000,"label":" ","price":5.4},{"type":"A","date":"2018-04-24T06:27:39.000Z","volume":8000,"label":" ","price":5.38},{"type":"A","date":"2018-04-24T06:33:57.000Z","volume":200000,"label":" ","price":5.38},{"type":"A","date":"2018-04-24T06:38:58.000Z","volume":14000,"label":" ","price":5.37},{"type":"A","date":"2018-04-24T06:39:16.000Z","volume":10000,"label":" ","price":5.37},{"type":"A","date":"2018-04-24T06:39:34.000Z","volume":6000,"label":" ","price":5.37},{"type":"A","date":"2018-04-24T06:40:14.000Z","volume":4000,"label":" ","price":5.37},{"type":"A","date":"2018-04-24T06:44:29.000Z","volume":2000,"label":" ","price":5.38},{"type":"A","date":"2018-04-24T06:45:25.000Z","volume":2000,"label":" ","price":5.38},{"type":"A","date":"2018-04-24T06:49:52.000Z","volume":4000,"label":" ","price":5.38},{"type":"A","date":"2018-04-24T06:49:52.000Z","volume":16000,"label":" ","price":5.39},{"type":"A","date":"2018-04-24T07:00:16.000Z","volume":6000,"label":" ","price":5.39},{"type":"A","date":"2018-04-24T07:03:33.000Z","volume":14000,"label":" ","price":5.38},{"type":"A","date":"2018-04-24T07:03:45.000Z","volume":6000,"label":" ","price":5.38},{"type":"A","date":"2018-04-24T07:04:04.000Z","volume":10000,"label":" ","price":5.38},{"type":"A","date":"2018-04-24T07:08:00.000Z","volume":20000,"label":" ","price":5.38},{"type":"A","date":"2018-04-24T07:08:11.000Z","volume":10000,"label":" ","price":5.38},{"type":"A","date":"2018-04-24T07:17:14.000Z","volume":4000,"label":" ","price":5.39},{"type":"A","date":"2018-04-24T07:23:31.000Z","volume":6000,"label":" ","price":5.38},{"type":"A","date":"2018-04-24T07:31:07.000Z","volume":20000,"label":" ","price":5.38},{"type":"A","date":"2018-04-24T07:35:49.000Z","volume":4000,"label":" ","price":5.38},{"type":"B","date":"2018-04-24T07:40:42.000Z","volume":2000,"label":" ","price":5.38},{"type":"A","date":"2018-04-24T07:43:11.000Z","volume":100000,"label":" ","price":5.38},{"type":"A","date":"2018-04-24T07:53:47.000Z","volume":2000,"label":" ","price":5.38},{"type":"B","date":"2018-04-24T07:54:05.000Z","volume":18000,"label":" ","price":5.38},{"type":"B","date":"2018-04-24T07:59:23.000Z","volume":10000,"label":" ","price":5.36},{"type":"A","date":"2018-04-24T07:59:25.000Z","volume":2000,"label":" ","price":5.39}]