[{"type":"U","date":"2018-04-06T01:20:00.000Z","volume":29000,"label":"U","price":42.15},{"type":"U","date":"2018-04-06T01:34:29.000Z","volume":873,"label":"D","price":42.15},{"type":"B","date":"2018-04-06T01:34:31.000Z","volume":4000,"label":" ","price":42},{"type":"B","date":"2018-04-06T01:34:31.000Z","volume":6000,"label":" ","price":42},{"type":"B","date":"2018-04-06T01:34:31.000Z","volume":1000,"label":" ","price":42},{"type":"U","date":"2018-04-06T01:34:32.000Z","volume":2000,"label":"Y","price":42},{"type":"B","date":"2018-04-06T01:34:32.000Z","volume":5000,"label":" ","price":41.95},{"type":"U","date":"2018-04-06T01:35:39.000Z","volume":1000,"label":" ","price":41.55},{"type":"B","date":"2018-04-06T01:35:40.000Z","volume":1000,"label":" ","price":41.55},{"type":"A","date":"2018-04-06T01:35:42.000Z","volume":1000,"label":" ","price":41.65},{"type":"U","date":"2018-04-06T01:35:42.000Z","volume":1000,"label":" ","price":41.6},{"type":"B","date":"2018-04-06T01:35:43.000Z","volume":1000,"label":"Y","price":41.55},{"type":"B","date":"2018-04-06T01:35:43.000Z","volume":1000,"label":" ","price":41.55},{"type":"U","date":"2018-04-06T01:35:46.000Z","volume":1000,"label":" ","price":41.5},{"type":"U","date":"2018-04-06T01:35:47.000Z","volume":1000,"label":" ","price":41.45},{"type":"B","date":"2018-04-06T01:35:47.000Z","volume":1000,"label":" ","price":41.3},{"type":"U","date":"2018-04-06T01:35:52.000Z","volume":1000,"label":" ","price":41.4},{"type":"U","date":"2018-04-06T01:36:25.000Z","volume":1000,"label":"X","price":41.35},{"type":"U","date":"2018-04-06T01:36:29.000Z","volume":4000,"label":" ","price":41.35},{"type":"U","date":"2018-04-06T01:36:29.000Z","volume":1000,"label":" ","price":41.35},{"type":"B","date":"2018-04-06T01:36:29.000Z","volume":1000,"label":" ","price":41.3},{"type":"B","date":"2018-04-06T01:36:30.000Z","volume":1000,"label":" ","price":41.3},{"type":"B","date":"2018-04-06T01:36:31.000Z","volume":1000,"label":" ","price":41.3},{"type":"A","date":"2018-04-06T01:36:31.000Z","volume":18000,"label":" ","price":41.4},{"type":"A","date":"2018-04-06T01:36:31.000Z","volume":2000,"label":" ","price":41.45},{"type":"U","date":"2018-04-06T01:36:31.000Z","volume":1000,"label":" ","price":41.35},{"type":"A","date":"2018-04-06T01:36:31.000Z","volume":2000,"label":" ","price":41.5},{"type":"A","date":"2018-04-06T01:36:33.000Z","volume":5000,"label":" ","price":42},{"type":"A","date":"2018-04-06T01:39:00.000Z","volume":1000,"label":" ","price":42},{"type":"A","date":"2018-04-06T01:39:00.000Z","volume":1000,"label":" ","price":42},{"type":"U","date":"2018-04-06T01:40:30.000Z","volume":1000,"label":"X","price":41.95},{"type":"U","date":"2018-04-06T01:41:05.000Z","volume":2000,"label":" ","price":41.95},{"type":"B","date":"2018-04-06T01:41:33.000Z","volume":4000,"label":" ","price":41.95},{"type":"A","date":"2018-04-06T01:41:34.000Z","volume":1000,"label":" ","price":42},{"type":"A","date":"2018-04-06T01:42:01.000Z","volume":1000,"label":" ","price":42},{"type":"A","date":"2018-04-06T01:43:00.000Z","volume":3000,"label":" ","price":42},{"type":"A","date":"2018-04-06T01:43:01.000Z","volume":1000,"label":" ","price":42},{"type":"U","date":"2018-04-06T01:45:24.000Z","volume":1000,"label":"X","price":41.975},{"type":"B","date":"2018-04-06T01:47:42.000Z","volume":22000,"label":" ","price":41.95},{"type":"B","date":"2018-04-06T01:47:42.000Z","volume":3000,"label":" ","price":41.95},{"type":"A","date":"2018-04-06T01:47:42.000Z","volume":2000,"label":" ","price":41.95},{"type":"A","date":"2018-04-06T01:47:43.000Z","volume":1000,"label":" ","price":41.95},{"type":"A","date":"2018-04-06T01:47:43.000Z","volume":2000,"label":" ","price":42},{"type":"B","date":"2018-04-06T01:47:43.000Z","volume":1000,"label":" ","price":41.9},{"type":"B","date":"2018-04-06T01:47:54.000Z","volume":1000,"label":" ","price":41.9},{"type":"B","date":"2018-04-06T01:50:56.000Z","volume":26000,"label":" ","price":41.9},{"type":"B","date":"2018-04-06T01:50:56.000Z","volume":5000,"label":" ","price":41.85},{"type":"B","date":"2018-04-06T01:52:05.000Z","volume":1000,"label":" ","price":41.45},{"type":"B","date":"2018-04-06T01:52:07.000Z","volume":1000,"label":"Y","price":41.45},{"type":"B","date":"2018-04-06T01:52:07.000Z","volume":3000,"label":" ","price":41.45},{"type":"A","date":"2018-04-06T01:52:11.000Z","volume":15000,"label":" ","price":41.35},{"type":"A","date":"2018-04-06T01:52:11.000Z","volume":11000,"label":" ","price":41.35},{"type":"A","date":"2018-04-06T01:52:11.000Z","volume":2000,"label":" ","price":41.4},{"type":"A","date":"2018-04-06T01:52:11.000Z","volume":1000,"label":" ","price":41.4},{"type":"A","date":"2018-04-06T01:52:11.000Z","volume":1000,"label":" ","price":41.35},{"type":"A","date":"2018-04-06T01:52:11.000Z","volume":1000,"label":" ","price":41.45},{"type":"A","date":"2018-04-06T01:52:11.000Z","volume":1000,"label":" ","price":41.35},{"type":"A","date":"2018-04-06T01:52:12.000Z","volume":1000,"label":" ","price":41.5},{"type":"A","date":"2018-04-06T01:52:32.000Z","volume":8000,"label":" ","price":41.5},{"type":"A","date":"2018-04-06T01:52:32.000Z","volume":1000,"label":" ","price":41.55},{"type":"A","date":"2018-04-06T01:52:32.000Z","volume":1000,"label":" ","price":41.55},{"type":"U","date":"2018-04-06T01:54:06.000Z","volume":2000,"label":"X","price":41.55},{"type":"A","date":"2018-04-06T01:54:06.000Z","volume":14000,"label":" ","price":41.55},{"type":"A","date":"2018-04-06T01:54:06.000Z","volume":1000,"label":" ","price":41.55},{"type":"A","date":"2018-04-06T01:54:06.000Z","volume":1000,"label":" ","price":41.55},{"type":"A","date":"2018-04-06T01:54:06.000Z","volume":1000,"label":" ","price":41.6},{"type":"B","date":"2018-04-06T01:54:06.000Z","volume":1000,"label":"Y","price":41.55},{"type":"A","date":"2018-04-06T01:54:06.000Z","volume":1000,"label":"Y","price":41.75},{"type":"A","date":"2018-04-06T01:54:06.000Z","volume":1000,"label":" ","price":41.75},{"type":"A","date":"2018-04-06T01:54:06.000Z","volume":1000,"label":" ","price":41.95},{"type":"A","date":"2018-04-06T02:02:21.000Z","volume":2000,"label":" ","price":41.85},{"type":"A","date":"2018-04-06T02:02:21.000Z","volume":1000,"label":" ","price":41.85},{"type":"A","date":"2018-04-06T02:03:01.000Z","volume":1000,"label":" ","price":41.85},{"type":"A","date":"2018-04-06T02:03:01.000Z","volume":4000,"label":" ","price":41.85},{"type":"A","date":"2018-04-06T02:03:02.000Z","volume":1000,"label":"Y","price":41.9},{"type":"U","date":"2018-04-06T02:03:04.000Z","volume":320,"label":"D","price":41.9},{"type":"A","date":"2018-04-06T02:03:17.000Z","volume":1000,"label":" ","price":41.9},{"type":"U","date":"2018-04-06T02:04:23.000Z","volume":1000,"label":"X","price":41.95},{"type":"A","date":"2018-04-06T02:04:23.000Z","volume":3000,"label":" ","price":41.95},{"type":"A","date":"2018-04-06T02:04:23.000Z","volume":12000,"label":" ","price":42},{"type":"A","date":"2018-04-06T02:04:23.000Z","volume":1000,"label":" ","price":42},{"type":"A","date":"2018-04-06T02:04:23.000Z","volume":1000,"label":" ","price":42},{"type":"A","date":"2018-04-06T02:04:23.000Z","volume":1000,"label":" ","price":42},{"type":"A","date":"2018-04-06T02:04:23.000Z","volume":1000,"label":" ","price":42.1},{"type":"A","date":"2018-04-06T02:04:23.000Z","volume":2000,"label":" ","price":42.35},{"type":"A","date":"2018-04-06T02:04:23.000Z","volume":1000,"label":" ","price":42.4},{"type":"B","date":"2018-04-06T02:04:23.000Z","volume":1000,"label":" ","price":42},{"type":"B","date":"2018-04-06T02:04:23.000Z","volume":2000,"label":" ","price":42},{"type":"B","date":"2018-04-06T02:04:23.000Z","volume":1000,"label":" ","price":42},{"type":"U","date":"2018-04-06T02:04:23.000Z","volume":2000,"label":" ","price":42},{"type":"A","date":"2018-04-06T02:04:23.000Z","volume":1000,"label":" ","price":42},{"type":"A","date":"2018-04-06T02:04:24.000Z","volume":1000,"label":" ","price":42},{"type":"A","date":"2018-04-06T02:04:25.000Z","volume":1000,"label":" ","price":42},{"type":"U","date":"2018-04-06T02:04:25.000Z","volume":1000,"label":" ","price":42},{"type":"A","date":"2018-04-06T02:04:26.000Z","volume":1000,"label":" ","price":42},{"type":"A","date":"2018-04-06T02:04:33.000Z","volume":2000,"label":" ","price":42},{"type":"A","date":"2018-04-06T02:04:33.000Z","volume":1000,"label":" ","price":42},{"type":"A","date":"2018-04-06T02:04:38.000Z","volume":1000,"label":" ","price":42},{"type":"A","date":"2018-04-06T02:04:41.000Z","volume":1000,"label":" ","price":42},{"type":"A","date":"2018-04-06T02:04:41.000Z","volume":4000,"label":" ","price":42},{"type":"B","date":"2018-04-06T02:04:41.000Z","volume":1000,"label":" ","price":41.95},{"type":"A","date":"2018-04-06T02:04:58.000Z","volume":1000,"label":" ","price":42},{"type":"B","date":"2018-04-06T02:04:59.000Z","volume":2000,"label":" ","price":42},{"type":"B","date":"2018-04-06T02:04:59.000Z","volume":1000,"label":" ","price":42},{"type":"A","date":"2018-04-06T02:04:59.000Z","volume":1000,"label":" ","price":42},{"type":"A","date":"2018-04-06T02:05:00.000Z","volume":1000,"label":" ","price":42},{"type":"A","date":"2018-04-06T02:05:00.000Z","volume":1000,"label":" ","price":42},{"type":"A","date":"2018-04-06T02:05:00.000Z","volume":1000,"label":" ","price":42.35},{"type":"A","date":"2018-04-06T02:05:00.000Z","volume":9000,"label":" ","price":42},{"type":"A","date":"2018-04-06T02:05:02.000Z","volume":3000,"label":" ","price":42.35},{"type":"U","date":"2018-04-06T02:10:19.000Z","volume":1000,"label":"X","price":42.25},{"type":"A","date":"2018-04-06T02:10:19.000Z","volume":12000,"label":" ","price":42.25},{"type":"A","date":"2018-04-06T02:10:20.000Z","volume":1000,"label":" ","price":42.2},{"type":"A","date":"2018-04-06T02:10:20.000Z","volume":1000,"label":" ","price":42.2},{"type":"A","date":"2018-04-06T02:14:44.000Z","volume":1000,"label":"Y","price":42.2},{"type":"A","date":"2018-04-06T02:14:45.000Z","volume":1000,"label":" ","price":42.2},{"type":"A","date":"2018-04-06T02:14:45.000Z","volume":3000,"label":" ","price":42.2},{"type":"A","date":"2018-04-06T02:14:47.000Z","volume":1000,"label":" ","price":42.25},{"type":"U","date":"2018-04-06T02:16:09.000Z","volume":1000,"label":"X","price":42.25},{"type":"A","date":"2018-04-06T02:16:09.000Z","volume":2000,"label":" ","price":42.25},{"type":"A","date":"2018-04-06T02:16:09.000Z","volume":1000,"label":" ","price":42.25},{"type":"A","date":"2018-04-06T02:16:09.000Z","volume":1000,"label":" ","price":42.3},{"type":"B","date":"2018-04-06T02:16:38.000Z","volume":1000,"label":" ","price":42.2},{"type":"A","date":"2018-04-06T02:21:40.000Z","volume":1000,"label":" ","price":42.25},{"type":"B","date":"2018-04-06T02:21:40.000Z","volume":1000,"label":" ","price":42.2},{"type":"A","date":"2018-04-06T02:21:47.000Z","volume":1000,"label":" ","price":42.25},{"type":"A","date":"2018-04-06T02:21:47.000Z","volume":1000,"label":" ","price":42.25},{"type":"U","date":"2018-04-06T02:22:13.000Z","volume":1000,"label":"X","price":42.225},{"type":"A","date":"2018-04-06T02:23:01.000Z","volume":1000,"label":" ","price":42.25},{"type":"A","date":"2018-04-06T02:23:01.000Z","volume":2000,"label":" ","price":42.25},{"type":"A","date":"2018-04-06T02:23:01.000Z","volume":6000,"label":" ","price":42.3},{"type":"B","date":"2018-04-06T02:23:01.000Z","volume":1000,"label":" ","price":42.2},{"type":"A","date":"2018-04-06T02:23:02.000Z","volume":2000,"label":" ","price":42.4},{"type":"U","date":"2018-04-06T02:23:02.000Z","volume":1000,"label":" ","price":42.3},{"type":"B","date":"2018-04-06T02:23:12.000Z","volume":1000,"label":" ","price":42.25},{"type":"A","date":"2018-04-06T02:23:13.000Z","volume":2000,"label":" ","price":42.35},{"type":"A","date":"2018-04-06T02:23:13.000Z","volume":1000,"label":" ","price":42.5},{"type":"U","date":"2018-04-06T02:23:15.000Z","volume":1000,"label":" ","price":42.35},{"type":"A","date":"2018-04-06T02:23:17.000Z","volume":1000,"label":" ","price":42.4},{"type":"A","date":"2018-04-06T02:23:36.000Z","volume":1000,"label":" ","price":42.35},{"type":"A","date":"2018-04-06T02:23:37.000Z","volume":1000,"label":" ","price":42.35},{"type":"A","date":"2018-04-06T02:23:38.000Z","volume":1000,"label":" ","price":42.5},{"type":"A","date":"2018-04-06T02:25:05.000Z","volume":1000,"label":" ","price":42.5},{"type":"B","date":"2018-04-06T02:25:05.000Z","volume":1000,"label":" ","price":42.35},{"type":"B","date":"2018-04-06T02:25:05.000Z","volume":1000,"label":" ","price":42.35},{"type":"U","date":"2018-04-06T02:25:09.000Z","volume":1000,"label":"X","price":42.45},{"type":"A","date":"2018-04-06T02:25:09.000Z","volume":1000,"label":" ","price":42.45},{"type":"A","date":"2018-04-06T02:25:10.000Z","volume":1000,"label":" ","price":42.45},{"type":"U","date":"2018-04-06T02:25:40.000Z","volume":1000,"label":"X","price":42.45},{"type":"A","date":"2018-04-06T02:25:40.000Z","volume":2000,"label":" ","price":42.45},{"type":"A","date":"2018-04-06T02:25:50.000Z","volume":1000,"label":" ","price":42.45},{"type":"B","date":"2018-04-06T02:26:05.000Z","volume":2000,"label":" ","price":42.45},{"type":"A","date":"2018-04-06T02:26:05.000Z","volume":1000,"label":" ","price":42.5},{"type":"B","date":"2018-04-06T02:27:08.000Z","volume":2000,"label":" ","price":42.35},{"type":"B","date":"2018-04-06T02:27:17.000Z","volume":1000,"label":" ","price":42.3},{"type":"B","date":"2018-04-06T02:27:36.000Z","volume":1000,"label":" ","price":42.3},{"type":"U","date":"2018-04-06T02:27:36.000Z","volume":1000,"label":" ","price":42.5},{"type":"B","date":"2018-04-06T02:28:30.000Z","volume":1000,"label":" ","price":42.25},{"type":"B","date":"2018-04-06T02:33:14.000Z","volume":1000,"label":" ","price":42.2},{"type":"B","date":"2018-04-06T02:33:14.000Z","volume":3000,"label":" ","price":42.2},{"type":"A","date":"2018-04-06T02:33:14.000Z","volume":1000,"label":" ","price":42.25},{"type":"B","date":"2018-04-06T02:33:14.000Z","volume":1000,"label":" ","price":42.15},{"type":"B","date":"2018-04-06T02:33:58.000Z","volume":1000,"label":" ","price":42.15},{"type":"B","date":"2018-04-06T02:34:01.000Z","volume":1000,"label":" ","price":42.1},{"type":"U","date":"2018-04-06T02:34:53.000Z","volume":1000,"label":" ","price":42.1},{"type":"A","date":"2018-04-06T02:34:54.000Z","volume":1000,"label":" ","price":42.2},{"type":"B","date":"2018-04-06T02:34:55.000Z","volume":5000,"label":" ","price":41.95},{"type":"U","date":"2018-04-06T02:34:56.000Z","volume":1000,"label":" ","price":42.05},{"type":"A","date":"2018-04-06T02:34:57.000Z","volume":1000,"label":" ","price":42.1},{"type":"A","date":"2018-04-06T02:34:58.000Z","volume":4000,"label":" ","price":42.1},{"type":"U","date":"2018-04-06T02:34:58.000Z","volume":1000,"label":" ","price":42.05},{"type":"A","date":"2018-04-06T02:35:00.000Z","volume":1000,"label":" ","price":42.2},{"type":"B","date":"2018-04-06T02:35:00.000Z","volume":1000,"label":" ","price":42.1},{"type":"A","date":"2018-04-06T02:35:54.000Z","volume":1000,"label":" ","price":42.3},{"type":"B","date":"2018-04-06T02:37:12.000Z","volume":2000,"label":" ","price":42.15},{"type":"A","date":"2018-04-06T02:37:14.000Z","volume":1000,"label":" ","price":42.3},{"type":"A","date":"2018-04-06T02:40:54.000Z","volume":1000,"label":" ","price":42.3},{"type":"B","date":"2018-04-06T02:46:30.000Z","volume":2000,"label":" ","price":42},{"type":"A","date":"2018-04-06T02:46:30.000Z","volume":1000,"label":" ","price":42.05},{"type":"U","date":"2018-04-06T02:47:18.000Z","volume":1000,"label":" ","price":42},{"type":"A","date":"2018-04-06T02:47:41.000Z","volume":6000,"label":" ","price":42},{"type":"A","date":"2018-04-06T02:47:41.000Z","volume":2000,"label":" ","price":42.05},{"type":"B","date":"2018-04-06T02:47:41.000Z","volume":1000,"label":" ","price":42},{"type":"A","date":"2018-04-06T02:47:43.000Z","volume":1000,"label":" ","price":42.1},{"type":"B","date":"2018-04-06T02:47:43.000Z","volume":1000,"label":" ","price":42},{"type":"B","date":"2018-04-06T02:51:55.000Z","volume":2000,"label":" ","price":42.05},{"type":"A","date":"2018-04-06T02:51:56.000Z","volume":1000,"label":" ","price":42.1},{"type":"A","date":"2018-04-06T02:55:02.000Z","volume":1000,"label":" ","price":42.05},{"type":"A","date":"2018-04-06T02:55:02.000Z","volume":1000,"label":" ","price":42.05},{"type":"A","date":"2018-04-06T02:55:32.000Z","volume":2000,"label":" ","price":42.05},{"type":"A","date":"2018-04-06T02:55:32.000Z","volume":1000,"label":" ","price":42.1},{"type":"A","date":"2018-04-06T02:55:33.000Z","volume":1000,"label":" ","price":42.15},{"type":"A","date":"2018-04-06T03:02:37.000Z","volume":1000,"label":" ","price":42.3},{"type":"U","date":"2018-04-06T03:11:14.000Z","volume":1000,"label":"X","price":42.075},{"type":"B","date":"2018-04-06T03:13:30.000Z","volume":1000,"label":" ","price":42.05},{"type":"B","date":"2018-04-06T03:13:31.000Z","volume":1000,"label":" ","price":42.05},{"type":"A","date":"2018-04-06T03:13:31.000Z","volume":1000,"label":" ","price":42.1},{"type":"U","date":"2018-04-06T03:14:56.000Z","volume":1000,"label":"X","price":42.1},{"type":"B","date":"2018-04-06T03:15:35.000Z","volume":1000,"label":" ","price":42.05},{"type":"A","date":"2018-04-06T03:21:14.000Z","volume":1000,"label":" ","price":42.1},{"type":"U","date":"2018-04-06T03:21:23.000Z","volume":140,"label":"D","price":42.25},{"type":"B","date":"2018-04-06T03:21:23.000Z","volume":1000,"label":" ","price":42.05},{"type":"B","date":"2018-04-06T03:21:27.000Z","volume":1000,"label":" ","price":42.05},{"type":"B","date":"2018-04-06T03:21:27.000Z","volume":2000,"label":" ","price":42.05},{"type":"B","date":"2018-04-06T03:21:28.000Z","volume":5000,"label":" ","price":42},{"type":"A","date":"2018-04-06T03:21:29.000Z","volume":1000,"label":" ","price":42.05},{"type":"B","date":"2018-04-06T03:21:29.000Z","volume":1000,"label":" ","price":41.95},{"type":"U","date":"2018-04-06T03:21:31.000Z","volume":1000,"label":" ","price":42},{"type":"B","date":"2018-04-06T03:21:31.000Z","volume":1000,"label":" ","price":41.95},{"type":"A","date":"2018-04-06T03:21:32.000Z","volume":1000,"label":" ","price":42.05},{"type":"A","date":"2018-04-06T03:21:33.000Z","volume":2000,"label":" ","price":42.05},{"type":"A","date":"2018-04-06T03:21:40.000Z","volume":11000,"label":" ","price":42},{"type":"A","date":"2018-04-06T03:21:40.000Z","volume":4000,"label":" ","price":42.05},{"type":"A","date":"2018-04-06T03:21:41.000Z","volume":1000,"label":" ","price":42.1},{"type":"A","date":"2018-04-06T03:21:41.000Z","volume":2000,"label":" ","price":42.4},{"type":"A","date":"2018-04-06T03:21:41.000Z","volume":1000,"label":" ","price":42.45},{"type":"B","date":"2018-04-06T03:21:41.000Z","volume":2000,"label":" ","price":42.05},{"type":"B","date":"2018-04-06T03:24:29.000Z","volume":1000,"label":" ","price":42.1},{"type":"B","date":"2018-04-06T03:24:29.000Z","volume":2000,"label":" ","price":42.05},{"type":"A","date":"2018-04-06T03:24:30.000Z","volume":3000,"label":" ","price":42.05},{"type":"A","date":"2018-04-06T03:24:31.000Z","volume":1000,"label":" ","price":42.4},{"type":"U","date":"2018-04-06T03:28:38.000Z","volume":1000,"label":" ","price":42.1},{"type":"B","date":"2018-04-06T03:28:43.000Z","volume":5000,"label":" ","price":42.05},{"type":"A","date":"2018-04-06T03:28:45.000Z","volume":2000,"label":" ","price":42.15},{"type":"A","date":"2018-04-06T03:29:09.000Z","volume":1000,"label":" ","price":42.1},{"type":"A","date":"2018-04-06T03:29:53.000Z","volume":3000,"label":" ","price":42.1},{"type":"U","date":"2018-04-06T03:38:44.000Z","volume":1000,"label":" ","price":42.1},{"type":"U","date":"2018-04-06T03:38:44.000Z","volume":1000,"label":" ","price":42.1},{"type":"A","date":"2018-04-06T03:38:45.000Z","volume":1000,"label":" ","price":42.15},{"type":"A","date":"2018-04-06T03:38:46.000Z","volume":1000,"label":" ","price":42.15},{"type":"A","date":"2018-04-06T03:39:52.000Z","volume":4000,"label":" ","price":42.15},{"type":"A","date":"2018-04-06T03:39:52.000Z","volume":1000,"label":" ","price":42.25},{"type":"A","date":"2018-04-06T03:39:52.000Z","volume":1000,"label":" ","price":42.25},{"type":"A","date":"2018-04-06T03:43:03.000Z","volume":1000,"label":" ","price":42.35},{"type":"A","date":"2018-04-06T03:43:09.000Z","volume":1000,"label":" ","price":42.35},{"type":"U","date":"2018-04-06T03:46:39.000Z","volume":1000,"label":" ","price":42.25},{"type":"A","date":"2018-04-06T03:46:39.000Z","volume":1000,"label":" ","price":42.3},{"type":"A","date":"2018-04-06T03:46:39.000Z","volume":1000,"label":" ","price":42.3},{"type":"A","date":"2018-04-06T03:46:40.000Z","volume":1000,"label":" ","price":42.3},{"type":"A","date":"2018-04-06T03:46:41.000Z","volume":1000,"label":" ","price":42.45},{"type":"U","date":"2018-04-06T03:48:41.000Z","volume":1000,"label":"X","price":42.4},{"type":"A","date":"2018-04-06T03:48:41.000Z","volume":2000,"label":" ","price":42.4},{"type":"A","date":"2018-04-06T03:48:41.000Z","volume":1000,"label":" ","price":42.4},{"type":"U","date":"2018-04-06T03:48:41.000Z","volume":1000,"label":" ","price":42.4},{"type":"A","date":"2018-04-06T03:51:05.000Z","volume":1000,"label":" ","price":42.45},{"type":"A","date":"2018-04-06T03:51:06.000Z","volume":1000,"label":" ","price":42.45},{"type":"A","date":"2018-04-06T03:51:06.000Z","volume":1000,"label":" ","price":42.45},{"type":"A","date":"2018-04-06T03:59:00.000Z","volume":1000,"label":" ","price":42.45},{"type":"A","date":"2018-04-06T03:59:02.000Z","volume":1000,"label":" ","price":42.45},{"type":"B","date":"2018-04-06T03:59:30.000Z","volume":1000,"label":" ","price":42.3},{"type":"A","date":"2018-04-06T05:00:20.000Z","volume":1000,"label":" ","price":42.45},{"type":"A","date":"2018-04-06T05:05:00.000Z","volume":1000,"label":" ","price":42.35},{"type":"A","date":"2018-04-06T05:05:00.000Z","volume":1000,"label":" ","price":42.4},{"type":"A","date":"2018-04-06T05:05:02.000Z","volume":1000,"label":" ","price":42.4},{"type":"U","date":"2018-04-06T05:06:18.000Z","volume":1000,"label":"X","price":42.35},{"type":"A","date":"2018-04-06T05:06:55.000Z","volume":1000,"label":" ","price":42.4},{"type":"A","date":"2018-04-06T05:08:32.000Z","volume":1000,"label":" ","price":42.35},{"type":"A","date":"2018-04-06T05:08:32.000Z","volume":2000,"label":" ","price":42.35},{"type":"A","date":"2018-04-06T05:08:32.000Z","volume":2000,"label":" ","price":42.35},{"type":"A","date":"2018-04-06T05:08:33.000Z","volume":1000,"label":" ","price":42.35},{"type":"A","date":"2018-04-06T05:08:33.000Z","volume":1000,"label":" ","price":42.4},{"type":"U","date":"2018-04-06T05:09:32.000Z","volume":1000,"label":"X","price":42.4},{"type":"A","date":"2018-04-06T05:09:32.000Z","volume":1000,"label":" ","price":42.4},{"type":"A","date":"2018-04-06T05:09:33.000Z","volume":1000,"label":" ","price":42.4},{"type":"U","date":"2018-04-06T05:12:32.000Z","volume":2000,"label":"X","price":42.35},{"type":"A","date":"2018-04-06T05:17:19.000Z","volume":1000,"label":" ","price":42.35},{"type":"B","date":"2018-04-06T05:18:39.000Z","volume":1000,"label":" ","price":42.3},{"type":"B","date":"2018-04-06T05:18:39.000Z","volume":13000,"label":" ","price":42.3},{"type":"B","date":"2018-04-06T05:18:39.000Z","volume":1000,"label":" ","price":42.3},{"type":"B","date":"2018-04-06T05:18:40.000Z","volume":1000,"label":" ","price":42.25},{"type":"A","date":"2018-04-06T05:18:40.000Z","volume":1000,"label":" ","price":42.3},{"type":"B","date":"2018-04-06T05:18:40.000Z","volume":4000,"label":" ","price":42.25},{"type":"B","date":"2018-04-06T05:18:40.000Z","volume":1000,"label":" ","price":42.25},{"type":"B","date":"2018-04-06T05:18:41.000Z","volume":1000,"label":" ","price":42.2},{"type":"A","date":"2018-04-06T05:18:41.000Z","volume":1000,"label":" ","price":42.25},{"type":"B","date":"2018-04-06T05:18:42.000Z","volume":1000,"label":" ","price":42.15},{"type":"B","date":"2018-04-06T05:18:50.000Z","volume":1000,"label":" ","price":42.15},{"type":"A","date":"2018-04-06T05:21:26.000Z","volume":2000,"label":" ","price":42.15},{"type":"A","date":"2018-04-06T05:21:31.000Z","volume":3000,"label":" ","price":42.15},{"type":"A","date":"2018-04-06T05:21:33.000Z","volume":1000,"label":" ","price":42.15},{"type":"A","date":"2018-04-06T05:21:33.000Z","volume":1000,"label":" ","price":42.15},{"type":"A","date":"2018-04-06T05:21:35.000Z","volume":1000,"label":" ","price":42.15},{"type":"A","date":"2018-04-06T05:21:40.000Z","volume":4000,"label":" ","price":42.15},{"type":"U","date":"2018-04-06T05:21:51.000Z","volume":1000,"label":"X","price":42.125},{"type":"A","date":"2018-04-06T05:28:45.000Z","volume":1000,"label":" ","price":42.15},{"type":"A","date":"2018-04-06T05:28:45.000Z","volume":1000,"label":" ","price":42.15},{"type":"A","date":"2018-04-06T05:28:45.000Z","volume":1000,"label":" ","price":42.15},{"type":"B","date":"2018-04-06T05:36:43.000Z","volume":1000,"label":" ","price":42.1},{"type":"A","date":"2018-04-06T05:36:47.000Z","volume":1000,"label":" ","price":42.15},{"type":"A","date":"2018-04-06T05:41:46.000Z","volume":3000,"label":" ","price":42.15},{"type":"A","date":"2018-04-06T05:41:46.000Z","volume":2000,"label":" ","price":42.15},{"type":"A","date":"2018-04-06T05:41:49.000Z","volume":2000,"label":" ","price":42.15},{"type":"A","date":"2018-04-06T05:41:49.000Z","volume":1000,"label":" ","price":42.15},{"type":"A","date":"2018-04-06T05:42:02.000Z","volume":1000,"label":" ","price":42.15},{"type":"B","date":"2018-04-06T05:42:02.000Z","volume":1000,"label":" ","price":42.1},{"type":"B","date":"2018-04-06T05:42:03.000Z","volume":2000,"label":" ","price":42.1},{"type":"B","date":"2018-04-06T05:42:03.000Z","volume":11000,"label":" ","price":42.1},{"type":"A","date":"2018-04-06T05:42:05.000Z","volume":1000,"label":" ","price":42.1},{"type":"B","date":"2018-04-06T05:43:46.000Z","volume":1000,"label":" ","price":42.05},{"type":"A","date":"2018-04-06T05:44:12.000Z","volume":6000,"label":" ","price":42},{"type":"A","date":"2018-04-06T05:44:12.000Z","volume":1000,"label":" ","price":42.05},{"type":"A","date":"2018-04-06T05:44:12.000Z","volume":4000,"label":" ","price":42.1},{"type":"A","date":"2018-04-06T05:44:13.000Z","volume":1000,"label":" ","price":42.3},{"type":"A","date":"2018-04-06T05:44:13.000Z","volume":1000,"label":" ","price":42.3},{"type":"A","date":"2018-04-06T05:44:13.000Z","volume":1000,"label":" ","price":42.3},{"type":"U","date":"2018-04-06T05:55:32.000Z","volume":2000,"label":" ","price":42.2},{"type":"A","date":"2018-04-06T05:55:34.000Z","volume":1000,"label":" ","price":42.3},{"type":"U","date":"2018-04-06T05:59:08.000Z","volume":1000,"label":"X","price":42.2},{"type":"U","date":"2018-04-06T06:02:40.000Z","volume":1000,"label":" ","price":42.2},{"type":"A","date":"2018-04-06T06:04:38.000Z","volume":5000,"label":" ","price":42.25},{"type":"A","date":"2018-04-06T06:04:38.000Z","volume":2000,"label":" ","price":42.25},{"type":"A","date":"2018-04-06T06:04:40.000Z","volume":3000,"label":" ","price":42.25},{"type":"A","date":"2018-04-06T06:06:14.000Z","volume":11000,"label":" ","price":42.25},{"type":"A","date":"2018-04-06T06:06:14.000Z","volume":1000,"label":" ","price":42.3},{"type":"A","date":"2018-04-06T06:06:14.000Z","volume":3000,"label":" ","price":42.45},{"type":"A","date":"2018-04-06T06:06:14.000Z","volume":1000,"label":" ","price":42.45},{"type":"A","date":"2018-04-06T06:06:15.000Z","volume":2000,"label":" ","price":42.4},{"type":"A","date":"2018-04-06T06:06:16.000Z","volume":4000,"label":" ","price":42.45},{"type":"A","date":"2018-04-06T06:11:38.000Z","volume":1000,"label":" ","price":42.45},{"type":"U","date":"2018-04-06T06:15:00.000Z","volume":1000,"label":" ","price":42.35},{"type":"A","date":"2018-04-06T06:15:01.000Z","volume":1000,"label":" ","price":42.35},{"type":"A","date":"2018-04-06T06:15:02.000Z","volume":1000,"label":" ","price":42.35},{"type":"A","date":"2018-04-06T06:15:02.000Z","volume":1000,"label":" ","price":42.35},{"type":"A","date":"2018-04-06T06:15:02.000Z","volume":1000,"label":" ","price":42.35},{"type":"A","date":"2018-04-06T06:15:04.000Z","volume":1000,"label":" ","price":42.35},{"type":"A","date":"2018-04-06T06:15:13.000Z","volume":1000,"label":"Y","price":42.35},{"type":"A","date":"2018-04-06T06:17:32.000Z","volume":4000,"label":" ","price":42.35},{"type":"A","date":"2018-04-06T06:17:32.000Z","volume":1000,"label":" ","price":42.4},{"type":"A","date":"2018-04-06T06:17:32.000Z","volume":1000,"label":" ","price":42.35},{"type":"A","date":"2018-04-06T06:17:32.000Z","volume":1000,"label":" ","price":42.4},{"type":"A","date":"2018-04-06T06:17:34.000Z","volume":3000,"label":" ","price":42.4},{"type":"B","date":"2018-04-06T06:27:29.000Z","volume":10000,"label":" ","price":42.35},{"type":"B","date":"2018-04-06T06:27:29.000Z","volume":2000,"label":" ","price":42.35},{"type":"B","date":"2018-04-06T06:27:29.000Z","volume":2000,"label":" ","price":42.3},{"type":"B","date":"2018-04-06T06:27:29.000Z","volume":8000,"label":" ","price":42.3},{"type":"A","date":"2018-04-06T06:27:29.000Z","volume":1000,"label":" ","price":42.35},{"type":"B","date":"2018-04-06T06:27:30.000Z","volume":2000,"label":" ","price":42.25},{"type":"B","date":"2018-04-06T06:27:30.000Z","volume":1000,"label":" ","price":42.25},{"type":"B","date":"2018-04-06T06:27:30.000Z","volume":3000,"label":" ","price":42.25},{"type":"B","date":"2018-04-06T06:27:30.000Z","volume":1000,"label":" ","price":42.2},{"type":"B","date":"2018-04-06T06:27:30.000Z","volume":1000,"label":" ","price":42.2},{"type":"A","date":"2018-04-06T06:27:31.000Z","volume":2000,"label":" ","price":42.2},{"type":"A","date":"2018-04-06T06:28:02.000Z","volume":9000,"label":" ","price":42.1},{"type":"A","date":"2018-04-06T06:28:03.000Z","volume":4000,"label":" ","price":42.15},{"type":"A","date":"2018-04-06T06:28:03.000Z","volume":2000,"label":" ","price":42.2},{"type":"A","date":"2018-04-06T06:28:03.000Z","volume":1000,"label":" ","price":42.2},{"type":"A","date":"2018-04-06T06:28:03.000Z","volume":2000,"label":" ","price":42.4},{"type":"A","date":"2018-04-06T06:28:03.000Z","volume":1000,"label":" ","price":42.4},{"type":"U","date":"2018-04-06T06:28:04.000Z","volume":1000,"label":" ","price":42.2},{"type":"U","date":"2018-04-06T06:30:34.000Z","volume":4000,"label":" ","price":42.3},{"type":"A","date":"2018-04-06T06:34:17.000Z","volume":1000,"label":" ","price":42.35},{"type":"B","date":"2018-04-06T06:36:04.000Z","volume":1000,"label":" ","price":42.2},{"type":"U","date":"2018-04-06T06:38:18.000Z","volume":1000,"label":" ","price":42.3},{"type":"A","date":"2018-04-06T06:40:14.000Z","volume":7000,"label":" ","price":42.35},{"type":"A","date":"2018-04-06T06:40:14.000Z","volume":1000,"label":" ","price":42.4},{"type":"A","date":"2018-04-06T06:40:15.000Z","volume":3000,"label":" ","price":42.45},{"type":"A","date":"2018-04-06T06:40:15.000Z","volume":3000,"label":" ","price":42.45},{"type":"A","date":"2018-04-06T06:40:16.000Z","volume":1000,"label":" ","price":42.45},{"type":"A","date":"2018-04-06T06:41:09.000Z","volume":4000,"label":" ","price":42.45},{"type":"A","date":"2018-04-06T06:41:09.000Z","volume":1000,"label":" ","price":42.5},{"type":"A","date":"2018-04-06T06:41:14.000Z","volume":1000,"label":" ","price":42.5},{"type":"A","date":"2018-04-06T06:41:16.000Z","volume":1000,"label":" ","price":42.5},{"type":"A","date":"2018-04-06T06:41:16.000Z","volume":1000,"label":" ","price":42.5},{"type":"A","date":"2018-04-06T06:41:16.000Z","volume":1000,"label":" ","price":42.5},{"type":"A","date":"2018-04-06T06:41:16.000Z","volume":3000,"label":" ","price":42.5},{"type":"A","date":"2018-04-06T06:41:19.000Z","volume":1000,"label":" ","price":42.6},{"type":"A","date":"2018-04-06T06:41:19.000Z","volume":1000,"label":" ","price":42.6},{"type":"U","date":"2018-04-06T06:41:54.000Z","volume":2000,"label":" ","price":42.55},{"type":"U","date":"2018-04-06T06:41:54.000Z","volume":1000,"label":" ","price":42.55},{"type":"A","date":"2018-04-06T06:41:56.000Z","volume":1000,"label":" ","price":42.6},{"type":"A","date":"2018-04-06T06:41:56.000Z","volume":1000,"label":" ","price":42.6},{"type":"A","date":"2018-04-06T06:41:56.000Z","volume":1000,"label":" ","price":42.6},{"type":"U","date":"2018-04-06T06:43:04.000Z","volume":2000,"label":" ","price":42.6},{"type":"A","date":"2018-04-06T06:43:05.000Z","volume":1000,"label":" ","price":42.65},{"type":"B","date":"2018-04-06T06:44:36.000Z","volume":2000,"label":" ","price":42.6},{"type":"A","date":"2018-04-06T06:52:24.000Z","volume":2000,"label":" ","price":42.65},{"type":"B","date":"2018-04-06T06:52:26.000Z","volume":1000,"label":" ","price":42.6},{"type":"A","date":"2018-04-06T06:52:29.000Z","volume":1000,"label":" ","price":42.65},{"type":"A","date":"2018-04-06T06:52:30.000Z","volume":2000,"label":" ","price":42.65},{"type":"A","date":"2018-04-06T06:53:24.000Z","volume":3000,"label":" ","price":42.65},{"type":"U","date":"2018-04-06T06:55:24.000Z","volume":1000,"label":"X","price":42.625},{"type":"A","date":"2018-04-06T06:58:55.000Z","volume":1000,"label":" ","price":42.65},{"type":"U","date":"2018-04-06T07:00:42.000Z","volume":57,"label":"D","price":42.65},{"type":"B","date":"2018-04-06T07:02:20.000Z","volume":1000,"label":" ","price":42.6},{"type":"B","date":"2018-04-06T07:02:22.000Z","volume":1000,"label":"Y","price":42.6},{"type":"B","date":"2018-04-06T07:02:22.000Z","volume":1000,"label":" ","price":42.6},{"type":"B","date":"2018-04-06T07:02:24.000Z","volume":3000,"label":" ","price":42.6},{"type":"B","date":"2018-04-06T07:02:24.000Z","volume":3000,"label":" ","price":42.6},{"type":"B","date":"2018-04-06T07:02:24.000Z","volume":2000,"label":" ","price":42.55},{"type":"B","date":"2018-04-06T07:02:27.000Z","volume":3000,"label":" ","price":42.5},{"type":"U","date":"2018-04-06T07:02:40.000Z","volume":1000,"label":" ","price":42.35},{"type":"B","date":"2018-04-06T07:02:40.000Z","volume":2000,"label":" ","price":42.3},{"type":"A","date":"2018-04-06T07:02:45.000Z","volume":6000,"label":" ","price":42.35},{"type":"A","date":"2018-04-06T07:02:45.000Z","volume":6000,"label":" ","price":42.35},{"type":"A","date":"2018-04-06T07:02:45.000Z","volume":1000,"label":"Y","price":42.35},{"type":"A","date":"2018-04-06T07:02:45.000Z","volume":2000,"label":" ","price":42.4},{"type":"A","date":"2018-04-06T07:02:45.000Z","volume":3000,"label":" ","price":42.45},{"type":"A","date":"2018-04-06T07:02:45.000Z","volume":1000,"label":" ","price":42.45},{"type":"A","date":"2018-04-06T07:05:23.000Z","volume":1000,"label":" ","price":42.65},{"type":"B","date":"2018-04-06T07:08:03.000Z","volume":1000,"label":" ","price":42.4},{"type":"A","date":"2018-04-06T07:11:04.000Z","volume":4000,"label":" ","price":42.65},{"type":"U","date":"2018-04-06T07:11:07.000Z","volume":175,"label":"D","price":42.65},{"type":"A","date":"2018-04-06T07:14:52.000Z","volume":2000,"label":" ","price":42.5},{"type":"A","date":"2018-04-06T07:14:52.000Z","volume":1000,"label":" ","price":42.5},{"type":"A","date":"2018-04-06T07:14:56.000Z","volume":4000,"label":" ","price":42.5},{"type":"A","date":"2018-04-06T07:14:56.000Z","volume":1000,"label":" ","price":42.5},{"type":"A","date":"2018-04-06T07:15:00.000Z","volume":1000,"label":" ","price":42.55},{"type":"A","date":"2018-04-06T07:15:00.000Z","volume":1000,"label":" ","price":42.55},{"type":"A","date":"2018-04-06T07:15:00.000Z","volume":1000,"label":" ","price":42.65},{"type":"U","date":"2018-04-06T07:15:07.000Z","volume":1000,"label":"X","price":42.525},{"type":"A","date":"2018-04-06T07:18:08.000Z","volume":1000,"label":" ","price":42.6},{"type":"B","date":"2018-04-06T07:22:23.000Z","volume":9000,"label":" ","price":42.55},{"type":"B","date":"2018-04-06T07:26:04.000Z","volume":5000,"label":" ","price":42.5},{"type":"B","date":"2018-04-06T07:27:11.000Z","volume":5000,"label":" ","price":42.45},{"type":"B","date":"2018-04-06T07:27:44.000Z","volume":3000,"label":" ","price":42.4},{"type":"U","date":"2018-04-06T07:27:44.000Z","volume":1000,"label":" ","price":42.45},{"type":"B","date":"2018-04-06T07:28:11.000Z","volume":1000,"label":" ","price":42.3},{"type":"B","date":"2018-04-06T07:28:26.000Z","volume":1000,"label":" ","price":42.3},{"type":"A","date":"2018-04-06T07:29:23.000Z","volume":8000,"label":" ","price":42.1},{"type":"A","date":"2018-04-06T07:29:23.000Z","volume":2000,"label":" ","price":42.1},{"type":"A","date":"2018-04-06T07:29:23.000Z","volume":1000,"label":" ","price":42.15},{"type":"U","date":"2018-04-06T07:29:23.000Z","volume":1000,"label":" ","price":42.1},{"type":"A","date":"2018-04-06T07:29:23.000Z","volume":1000,"label":" ","price":42.15},{"type":"U","date":"2018-04-06T07:29:23.000Z","volume":1000,"label":" ","price":42.05},{"type":"A","date":"2018-04-06T07:29:29.000Z","volume":24000,"label":" ","price":42.15},{"type":"A","date":"2018-04-06T07:29:29.000Z","volume":1000,"label":" ","price":42.2},{"type":"A","date":"2018-04-06T07:29:29.000Z","volume":1000,"label":" ","price":42.25},{"type":"A","date":"2018-04-06T07:29:29.000Z","volume":1000,"label":" ","price":42.45},{"type":"A","date":"2018-04-06T07:29:29.000Z","volume":1000,"label":" ","price":42.45},{"type":"A","date":"2018-04-06T07:29:29.000Z","volume":1000,"label":" ","price":42.45},{"type":"A","date":"2018-04-06T07:29:29.000Z","volume":1000,"label":"Y","price":42.45},{"type":"A","date":"2018-04-06T07:29:29.000Z","volume":1000,"label":"Y","price":42.45},{"type":"A","date":"2018-04-06T07:34:58.000Z","volume":1000,"label":" ","price":42.45},{"type":"A","date":"2018-04-06T07:36:20.000Z","volume":1000,"label":" ","price":42.4},{"type":"A","date":"2018-04-06T07:36:25.000Z","volume":1000,"label":" ","price":42.4},{"type":"A","date":"2018-04-06T07:36:26.000Z","volume":10000,"label":" ","price":42.4},{"type":"A","date":"2018-04-06T07:36:27.000Z","volume":1000,"label":" ","price":42.45},{"type":"A","date":"2018-04-06T07:36:27.000Z","volume":1000,"label":" ","price":42.45},{"type":"A","date":"2018-04-06T07:36:27.000Z","volume":1000,"label":" ","price":42.45},{"type":"A","date":"2018-04-06T07:36:27.000Z","volume":3000,"label":" ","price":42.45},{"type":"A","date":"2018-04-06T07:36:54.000Z","volume":1000,"label":" ","price":42.5},{"type":"A","date":"2018-04-06T07:36:56.000Z","volume":3000,"label":" ","price":42.5},{"type":"U","date":"2018-04-06T07:38:54.000Z","volume":1000,"label":"X","price":42.575},{"type":"U","date":"2018-04-06T07:43:11.000Z","volume":1000,"label":"X","price":42.65},{"type":"A","date":"2018-04-06T07:44:37.000Z","volume":25000,"label":" ","price":42.55},{"type":"A","date":"2018-04-06T07:44:37.000Z","volume":1000,"label":" ","price":42.55},{"type":"A","date":"2018-04-06T07:44:37.000Z","volume":4000,"label":" ","price":42.6},{"type":"A","date":"2018-04-06T07:44:37.000Z","volume":1000,"label":" ","price":42.65},{"type":"A","date":"2018-04-06T07:44:38.000Z","volume":1000,"label":" ","price":42.65},{"type":"A","date":"2018-04-06T07:46:24.000Z","volume":1000,"label":" ","price":42.65},{"type":"A","date":"2018-04-06T07:48:17.000Z","volume":1000,"label":" ","price":42.65},{"type":"A","date":"2018-04-06T07:50:58.000Z","volume":1000,"label":" ","price":42.6},{"type":"A","date":"2018-04-06T07:53:47.000Z","volume":1000,"label":" ","price":42.6},{"type":"A","date":"2018-04-06T07:53:48.000Z","volume":1000,"label":" ","price":42.6},{"type":"A","date":"2018-04-06T07:56:22.000Z","volume":1000,"label":" ","price":42.6},{"type":"A","date":"2018-04-06T07:56:32.000Z","volume":1000,"label":" ","price":42.6},{"type":"A","date":"2018-04-06T07:56:32.000Z","volume":1000,"label":" ","price":42.6},{"type":"A","date":"2018-04-06T07:57:12.000Z","volume":1000,"label":" ","price":42.6},{"type":"A","date":"2018-04-06T07:57:13.000Z","volume":1000,"label":" ","price":42.6},{"type":"B","date":"2018-04-06T07:57:13.000Z","volume":1000,"label":" ","price":42.55},{"type":"B","date":"2018-04-06T07:57:18.000Z","volume":1000,"label":"Y","price":42.55},{"type":"B","date":"2018-04-06T07:57:19.000Z","volume":1000,"label":"Y","price":42.55},{"type":"B","date":"2018-04-06T07:58:09.000Z","volume":1000,"label":" ","price":42.55},{"type":"U","date":"2018-04-06T07:58:26.000Z","volume":1000,"label":" ","price":42.5},{"type":"A","date":"2018-04-06T07:58:27.000Z","volume":1000,"label":" ","price":42.45},{"type":"A","date":"2018-04-06T07:58:27.000Z","volume":1000,"label":" ","price":42.45},{"type":"B","date":"2018-04-06T07:58:51.000Z","volume":1000,"label":" ","price":42.4},{"type":"B","date":"2018-04-06T07:59:02.000Z","volume":1000,"label":" ","price":42.4},{"type":"A","date":"2018-04-06T07:59:06.000Z","volume":1000,"label":" ","price":42.45},{"type":"A","date":"2018-04-06T07:59:34.000Z","volume":11000,"label":" ","price":42.45},{"type":"A","date":"2018-04-06T07:59:37.000Z","volume":2000,"label":" ","price":42.55},{"type":"U","date":"2018-04-06T08:08:20.000Z","volume":106000,"label":"U","price":42.5}]