[{"type":"A","date":"2018-03-13T05:00:05.000Z","volume":48000,"price":5.24,"category":"ubbull"},{"type":"A","date":"2018-03-13T07:47:03.000Z","volume":20000,"price":5.5,"category":"bbull"},{"type":"A","date":"2018-03-13T07:33:44.000Z","volume":21000,"price":5.48,"category":"bbull"},{"type":"A","date":"2018-03-13T05:42:04.000Z","volume":16000,"price":5.4,"category":"bbull"},{"type":"A","date":"2018-03-13T05:40:26.000Z","volume":18000,"price":5.34,"category":"bbull"},{"type":"A","date":"2018-03-13T03:40:30.000Z","volume":18000,"price":5.23,"category":"bbull"},{"type":"A","date":"2018-03-13T03:38:27.000Z","volume":17000,"price":5.23,"category":"bbull"},{"type":"A","date":"2018-03-13T03:27:14.000Z","volume":18000,"price":5.22,"category":"bbull"},{"type":"A","date":"2018-03-13T03:24:11.000Z","volume":20000,"price":5.22,"category":"bbull"},{"type":"A","date":"2018-03-13T03:20:12.000Z","volume":25000,"price":5.18,"category":"bbull"},{"type":"A","date":"2018-03-13T03:12:21.000Z","volume":16000,"price":5.18,"category":"bbull"},{"type":"A","date":"2018-03-13T02:47:23.000Z","volume":11000,"price":5.18,"category":"bbull"},{"type":"A","date":"2018-03-13T07:59:00.000Z","volume":1000,"price":5.49,"category":"rbull"},{"type":"A","date":"2018-03-13T07:56:34.000Z","volume":1000,"price":5.49,"category":"rbull"},{"type":"A","date":"2018-03-13T07:55:55.000Z","volume":1000,"price":5.49,"category":"rbull"},{"type":"A","date":"2018-03-13T07:33:55.000Z","volume":1000,"price":5.49,"category":"rbull"},{"type":"A","date":"2018-03-13T06:38:43.000Z","volume":1000,"price":5.46,"category":"rbull"},{"type":"A","date":"2018-03-13T06:06:09.000Z","volume":1000,"price":5.53,"category":"rbull"},{"type":"A","date":"2018-03-13T06:03:45.000Z","volume":1000,"price":5.45,"category":"rbull"},{"type":"A","date":"2018-03-13T06:03:03.000Z","volume":1000,"price":5.45,"category":"rbull"},{"type":"A","date":"2018-03-13T05:37:06.000Z","volume":1000,"price":5.34,"category":"rbull"},{"type":"A","date":"2018-03-13T03:41:30.000Z","volume":1000,"price":5.23,"category":"rbull"},{"type":"B","date":"2018-03-13T07:59:25.000Z","volume":1000,"price":5.48,"category":"rbear"},{"type":"B","date":"2018-03-13T07:55:11.000Z","volume":1000,"price":5.48,"category":"rbear"},{"type":"B","date":"2018-03-13T07:50:22.000Z","volume":1000,"price":5.49,"category":"rbear"},{"type":"B","date":"2018-03-13T07:39:06.000Z","volume":1000,"price":5.48,"category":"rbear"},{"type":"B","date":"2018-03-13T07:25:23.000Z","volume":1000,"price":5.37,"category":"rbear"},{"type":"B","date":"2018-03-13T07:15:20.000Z","volume":1000,"price":5.37,"category":"rbear"},{"type":"B","date":"2018-03-13T06:45:27.000Z","volume":1000,"price":5.37,"category":"rbear"},{"type":"B","date":"2018-03-13T05:47:36.000Z","volume":1000,"price":5.4,"category":"rbear"},{"type":"B","date":"2018-03-13T05:44:12.000Z","volume":1000,"price":5.41,"category":"rbear"},{"type":"B","date":"2018-03-13T05:47:36.000Z","volume":10000,"price":5.41,"category":"bbear"},{"type":"B","date":"2018-03-13T03:06:35.000Z","volume":16000,"price":5.18,"category":"bbear"}]