[{"type":"U","date":"2018-04-27T01:00:27.000Z","volume":299,"label":"P","price":80.75},{"type":"U","date":"2018-04-27T01:05:01.000Z","volume":2000,"label":"P","price":80.75},{"type":"U","date":"2018-04-27T01:05:02.000Z","volume":402,"label":"P","price":80.75},{"type":"U","date":"2018-04-27T01:20:00.000Z","volume":33500,"label":"U","price":81.15},{"type":"A","date":"2018-04-27T01:30:01.000Z","volume":1500,"label":" ","price":81.15},{"type":"U","date":"2018-04-27T01:30:01.000Z","volume":293,"label":"D","price":81.15},{"type":"B","date":"2018-04-27T01:30:02.000Z","volume":500,"label":" ","price":81.05},{"type":"B","date":"2018-04-27T01:30:02.000Z","volume":2000,"label":" ","price":81.05},{"type":"A","date":"2018-04-27T01:30:02.000Z","volume":500,"label":" ","price":81.15},{"type":"B","date":"2018-04-27T01:30:29.000Z","volume":1500,"label":" ","price":81},{"type":"A","date":"2018-04-27T01:31:25.000Z","volume":500,"label":" ","price":81},{"type":"B","date":"2018-04-27T01:33:38.000Z","volume":6500,"label":" ","price":80.9},{"type":"B","date":"2018-04-27T01:33:38.000Z","volume":1000,"label":" ","price":80.85},{"type":"B","date":"2018-04-27T01:34:23.000Z","volume":1500,"label":" ","price":80.8},{"type":"A","date":"2018-04-27T01:34:42.000Z","volume":500,"label":" ","price":80.95},{"type":"A","date":"2018-04-27T01:34:43.000Z","volume":500,"label":" ","price":80.95},{"type":"U","date":"2018-04-27T01:35:20.000Z","volume":1000,"label":"X","price":80.904},{"type":"A","date":"2018-04-27T01:36:03.000Z","volume":1000,"label":" ","price":80.95},{"type":"U","date":"2018-04-27T01:36:09.000Z","volume":500,"label":"X","price":80.925},{"type":"B","date":"2018-04-27T01:36:29.000Z","volume":1000,"label":" ","price":80.9},{"type":"B","date":"2018-04-27T01:36:30.000Z","volume":1000,"label":" ","price":80.9},{"type":"B","date":"2018-04-27T01:37:23.000Z","volume":1000,"label":" ","price":80.85},{"type":"A","date":"2018-04-27T01:37:34.000Z","volume":500,"label":" ","price":80.9},{"type":"B","date":"2018-04-27T01:37:34.000Z","volume":500,"label":" ","price":80.8},{"type":"B","date":"2018-04-27T01:39:53.000Z","volume":1500,"label":" ","price":80.85},{"type":"A","date":"2018-04-27T01:40:18.000Z","volume":3000,"label":" ","price":80.9},{"type":"A","date":"2018-04-27T01:40:18.000Z","volume":1500,"label":" ","price":80.9},{"type":"A","date":"2018-04-27T01:40:25.000Z","volume":500,"label":" ","price":80.9},{"type":"U","date":"2018-04-27T01:40:27.000Z","volume":500,"label":"X","price":80.9},{"type":"A","date":"2018-04-27T01:42:03.000Z","volume":500,"label":" ","price":80.9},{"type":"A","date":"2018-04-27T01:42:04.000Z","volume":500,"label":" ","price":80.9},{"type":"A","date":"2018-04-27T01:43:20.000Z","volume":500,"label":" ","price":80.9},{"type":"A","date":"2018-04-27T01:44:53.000Z","volume":500,"label":"Y","price":80.9},{"type":"A","date":"2018-04-27T01:44:53.000Z","volume":20000,"label":" ","price":80.9},{"type":"A","date":"2018-04-27T01:44:53.000Z","volume":500,"label":" ","price":80.9},{"type":"A","date":"2018-04-27T01:44:54.000Z","volume":1000,"label":" ","price":80.9},{"type":"A","date":"2018-04-27T01:44:54.000Z","volume":5500,"label":" ","price":80.9},{"type":"A","date":"2018-04-27T01:44:54.000Z","volume":2500,"label":" ","price":80.9},{"type":"A","date":"2018-04-27T01:44:54.000Z","volume":7000,"label":" ","price":80.9},{"type":"A","date":"2018-04-27T01:44:54.000Z","volume":1000,"label":" ","price":80.9},{"type":"A","date":"2018-04-27T01:44:55.000Z","volume":1500,"label":" ","price":80.9},{"type":"A","date":"2018-04-27T01:44:55.000Z","volume":2000,"label":" ","price":80.9},{"type":"A","date":"2018-04-27T01:44:55.000Z","volume":4500,"label":" ","price":80.9},{"type":"A","date":"2018-04-27T01:44:55.000Z","volume":500,"label":" ","price":80.9},{"type":"A","date":"2018-04-27T01:44:55.000Z","volume":500,"label":" ","price":80.9},{"type":"A","date":"2018-04-27T01:44:55.000Z","volume":500,"label":" ","price":80.9},{"type":"A","date":"2018-04-27T01:44:56.000Z","volume":1000,"label":" ","price":80.9},{"type":"A","date":"2018-04-27T01:44:56.000Z","volume":35000,"label":" ","price":80.9},{"type":"A","date":"2018-04-27T01:44:56.000Z","volume":3500,"label":" ","price":80.95},{"type":"A","date":"2018-04-27T01:44:57.000Z","volume":2500,"label":" ","price":80.95},{"type":"A","date":"2018-04-27T01:44:57.000Z","volume":500,"label":" ","price":80.95},{"type":"A","date":"2018-04-27T01:44:58.000Z","volume":500,"label":" ","price":80.95},{"type":"A","date":"2018-04-27T01:44:58.000Z","volume":500,"label":"Y","price":80.95},{"type":"A","date":"2018-04-27T01:44:58.000Z","volume":15000,"label":" ","price":80.95},{"type":"A","date":"2018-04-27T01:44:58.000Z","volume":500,"label":" ","price":80.95},{"type":"A","date":"2018-04-27T01:44:58.000Z","volume":500,"label":" ","price":80.95},{"type":"A","date":"2018-04-27T01:44:58.000Z","volume":2000,"label":" ","price":80.95},{"type":"A","date":"2018-04-27T01:44:59.000Z","volume":1000,"label":" ","price":80.95},{"type":"A","date":"2018-04-27T01:45:01.000Z","volume":500,"label":" ","price":80.95},{"type":"A","date":"2018-04-27T01:45:02.000Z","volume":500,"label":" ","price":80.95},{"type":"A","date":"2018-04-27T01:45:02.000Z","volume":500,"label":" ","price":80.95},{"type":"A","date":"2018-04-27T01:45:02.000Z","volume":500,"label":" ","price":80.95},{"type":"U","date":"2018-04-27T01:45:02.000Z","volume":292,"label":"D","price":80.95},{"type":"A","date":"2018-04-27T01:45:02.000Z","volume":7000,"label":" ","price":80.95},{"type":"U","date":"2018-04-27T01:45:03.000Z","volume":1000,"label":" ","price":80.95},{"type":"A","date":"2018-04-27T01:45:05.000Z","volume":1500,"label":" ","price":81},{"type":"A","date":"2018-04-27T01:45:07.000Z","volume":1000,"label":" ","price":81},{"type":"A","date":"2018-04-27T01:45:08.000Z","volume":3000,"label":" ","price":81},{"type":"B","date":"2018-04-27T01:45:32.000Z","volume":8500,"label":" ","price":80.95},{"type":"B","date":"2018-04-27T01:45:32.000Z","volume":5000,"label":" ","price":80.95},{"type":"B","date":"2018-04-27T01:45:32.000Z","volume":500,"label":" ","price":80.95},{"type":"A","date":"2018-04-27T01:45:34.000Z","volume":500,"label":" ","price":80.95},{"type":"A","date":"2018-04-27T01:45:37.000Z","volume":1000,"label":" ","price":81},{"type":"U","date":"2018-04-27T01:47:11.000Z","volume":500,"label":"X","price":80.953},{"type":"A","date":"2018-04-27T01:48:45.000Z","volume":1000,"label":" ","price":81},{"type":"A","date":"2018-04-27T01:48:47.000Z","volume":500,"label":" ","price":81},{"type":"A","date":"2018-04-27T01:49:35.000Z","volume":500,"label":" ","price":81},{"type":"U","date":"2018-04-27T01:50:19.000Z","volume":500,"label":"X","price":81},{"type":"A","date":"2018-04-27T01:52:12.000Z","volume":500,"label":" ","price":81},{"type":"A","date":"2018-04-27T01:53:33.000Z","volume":500,"label":" ","price":81},{"type":"A","date":"2018-04-27T01:54:24.000Z","volume":500,"label":" ","price":81},{"type":"A","date":"2018-04-27T01:54:25.000Z","volume":500,"label":" ","price":81},{"type":"A","date":"2018-04-27T01:54:26.000Z","volume":500,"label":" ","price":81},{"type":"B","date":"2018-04-27T01:55:25.000Z","volume":500,"label":" ","price":80.95},{"type":"B","date":"2018-04-27T01:55:25.000Z","volume":7500,"label":" ","price":80.95},{"type":"B","date":"2018-04-27T01:55:25.000Z","volume":1500,"label":" ","price":80.95},{"type":"A","date":"2018-04-27T01:55:27.000Z","volume":500,"label":" ","price":80.95},{"type":"A","date":"2018-04-27T01:55:31.000Z","volume":500,"label":" ","price":80.95},{"type":"A","date":"2018-04-27T01:57:03.000Z","volume":500,"label":" ","price":80.95},{"type":"B","date":"2018-04-27T01:58:00.000Z","volume":7000,"label":" ","price":80.9},{"type":"B","date":"2018-04-27T01:58:00.000Z","volume":2000,"label":" ","price":80.9},{"type":"A","date":"2018-04-27T01:58:02.000Z","volume":1000,"label":" ","price":80.9},{"type":"A","date":"2018-04-27T01:59:35.000Z","volume":500,"label":" ","price":80.9},{"type":"A","date":"2018-04-27T01:59:35.000Z","volume":500,"label":" ","price":80.9},{"type":"A","date":"2018-04-27T02:03:16.000Z","volume":500,"label":" ","price":80.9},{"type":"B","date":"2018-04-27T02:04:26.000Z","volume":7500,"label":" ","price":80.85},{"type":"A","date":"2018-04-27T02:04:26.000Z","volume":500,"label":" ","price":80.85},{"type":"A","date":"2018-04-27T02:04:33.000Z","volume":10500,"label":" ","price":80.85},{"type":"A","date":"2018-04-27T02:04:33.000Z","volume":1500,"label":" ","price":80.85},{"type":"A","date":"2018-04-27T02:04:36.000Z","volume":1000,"label":" ","price":80.9},{"type":"U","date":"2018-04-27T02:04:46.000Z","volume":1000,"label":"X","price":80.8},{"type":"U","date":"2018-04-27T02:06:40.000Z","volume":500,"label":" ","price":80.9},{"type":"U","date":"2018-04-27T02:06:52.000Z","volume":1000,"label":" ","price":80.9},{"type":"A","date":"2018-04-27T02:06:57.000Z","volume":2500,"label":" ","price":80.9},{"type":"A","date":"2018-04-27T02:07:02.000Z","volume":500,"label":" ","price":80.9},{"type":"A","date":"2018-04-27T02:07:02.000Z","volume":500,"label":" ","price":80.95},{"type":"B","date":"2018-04-27T02:08:48.000Z","volume":500,"label":" ","price":80.9},{"type":"U","date":"2018-04-27T02:09:01.000Z","volume":1000,"label":"X","price":80.905},{"type":"A","date":"2018-04-27T02:09:06.000Z","volume":500,"label":" ","price":80.95},{"type":"A","date":"2018-04-27T02:10:28.000Z","volume":2500,"label":" ","price":80.95},{"type":"A","date":"2018-04-27T02:10:28.000Z","volume":500,"label":" ","price":80.95},{"type":"B","date":"2018-04-27T02:12:16.000Z","volume":500,"label":" ","price":80.9},{"type":"A","date":"2018-04-27T02:12:51.000Z","volume":500,"label":" ","price":80.95},{"type":"A","date":"2018-04-27T02:14:26.000Z","volume":29500,"label":" ","price":80.95},{"type":"A","date":"2018-04-27T02:14:27.000Z","volume":1500,"label":" ","price":81},{"type":"A","date":"2018-04-27T02:14:28.000Z","volume":8000,"label":" ","price":81},{"type":"A","date":"2018-04-27T02:14:30.000Z","volume":500,"label":" ","price":81},{"type":"A","date":"2018-04-27T02:14:36.000Z","volume":6500,"label":" ","price":81},{"type":"A","date":"2018-04-27T02:14:36.000Z","volume":500,"label":" ","price":81},{"type":"A","date":"2018-04-27T02:14:36.000Z","volume":500,"label":" ","price":81},{"type":"A","date":"2018-04-27T02:14:36.000Z","volume":500,"label":" ","price":81},{"type":"A","date":"2018-04-27T02:14:37.000Z","volume":1500,"label":" ","price":81},{"type":"U","date":"2018-04-27T02:14:41.000Z","volume":500,"label":"X","price":81},{"type":"A","date":"2018-04-27T02:17:02.000Z","volume":500,"label":" ","price":81.05},{"type":"A","date":"2018-04-27T02:17:02.000Z","volume":1000,"label":" ","price":81.05},{"type":"B","date":"2018-04-27T02:17:03.000Z","volume":2500,"label":" ","price":81},{"type":"A","date":"2018-04-27T02:17:03.000Z","volume":500,"label":"Y","price":81.05},{"type":"A","date":"2018-04-27T02:17:03.000Z","volume":500,"label":" ","price":81.05},{"type":"A","date":"2018-04-27T02:17:35.000Z","volume":500,"label":" ","price":81.05},{"type":"A","date":"2018-04-27T02:18:32.000Z","volume":500,"label":" ","price":81.05},{"type":"A","date":"2018-04-27T02:19:54.000Z","volume":500,"label":" ","price":81.05},{"type":"A","date":"2018-04-27T02:22:56.000Z","volume":500,"label":" ","price":81.05},{"type":"A","date":"2018-04-27T02:23:56.000Z","volume":1000,"label":" ","price":81.05},{"type":"A","date":"2018-04-27T02:23:57.000Z","volume":1000,"label":" ","price":81.05},{"type":"A","date":"2018-04-27T02:24:32.000Z","volume":500,"label":" ","price":81.05},{"type":"A","date":"2018-04-27T02:24:41.000Z","volume":500,"label":" ","price":81.05},{"type":"A","date":"2018-04-27T02:24:41.000Z","volume":1000,"label":" ","price":81.05},{"type":"B","date":"2018-04-27T02:25:16.000Z","volume":2000,"label":" ","price":81},{"type":"B","date":"2018-04-27T02:25:16.000Z","volume":5000,"label":" ","price":81},{"type":"B","date":"2018-04-27T02:25:17.000Z","volume":2500,"label":" ","price":81},{"type":"B","date":"2018-04-27T02:25:17.000Z","volume":500,"label":" ","price":81},{"type":"B","date":"2018-04-27T02:25:17.000Z","volume":1500,"label":" ","price":81},{"type":"B","date":"2018-04-27T02:25:18.000Z","volume":6000,"label":" ","price":80.95},{"type":"B","date":"2018-04-27T02:26:26.000Z","volume":3000,"label":" ","price":80.95},{"type":"B","date":"2018-04-27T02:26:26.000Z","volume":500,"label":" ","price":80.95},{"type":"B","date":"2018-04-27T02:26:26.000Z","volume":500,"label":" ","price":80.95},{"type":"B","date":"2018-04-27T02:29:50.000Z","volume":500,"label":" ","price":80.85},{"type":"A","date":"2018-04-27T02:30:12.000Z","volume":1000,"label":" ","price":80.9},{"type":"B","date":"2018-04-27T02:30:45.000Z","volume":3000,"label":" ","price":80.85},{"type":"A","date":"2018-04-27T02:30:45.000Z","volume":2500,"label":" ","price":80.9},{"type":"A","date":"2018-04-27T02:30:48.000Z","volume":500,"label":"Y","price":80.9},{"type":"A","date":"2018-04-27T02:30:48.000Z","volume":500,"label":" ","price":80.9},{"type":"U","date":"2018-04-27T02:32:04.000Z","volume":500,"label":"X","price":80.877},{"type":"U","date":"2018-04-27T02:36:14.000Z","volume":500,"label":"X","price":80.85},{"type":"A","date":"2018-04-27T02:36:37.000Z","volume":500,"label":" ","price":80.9},{"type":"B","date":"2018-04-27T02:39:42.000Z","volume":1000,"label":" ","price":80.85},{"type":"A","date":"2018-04-27T02:41:10.000Z","volume":1000,"label":" ","price":80.9},{"type":"A","date":"2018-04-27T02:41:11.000Z","volume":1000,"label":" ","price":80.9},{"type":"B","date":"2018-04-27T02:41:44.000Z","volume":2500,"label":" ","price":80.85},{"type":"A","date":"2018-04-27T02:45:20.000Z","volume":500,"label":" ","price":80.85},{"type":"B","date":"2018-04-27T02:46:55.000Z","volume":2000,"label":" ","price":80.8},{"type":"A","date":"2018-04-27T02:47:16.000Z","volume":500,"label":" ","price":80.85},{"type":"A","date":"2018-04-27T02:48:54.000Z","volume":10000,"label":" ","price":80.85},{"type":"A","date":"2018-04-27T02:48:54.000Z","volume":500,"label":" ","price":80.85},{"type":"A","date":"2018-04-27T02:48:54.000Z","volume":3000,"label":" ","price":80.85},{"type":"A","date":"2018-04-27T02:50:31.000Z","volume":500,"label":" ","price":80.85},{"type":"A","date":"2018-04-27T02:52:15.000Z","volume":3000,"label":" ","price":80.85},{"type":"A","date":"2018-04-27T02:52:15.000Z","volume":500,"label":" ","price":80.85},{"type":"A","date":"2018-04-27T02:56:12.000Z","volume":500,"label":" ","price":80.85},{"type":"A","date":"2018-04-27T02:57:43.000Z","volume":500,"label":" ","price":80.85},{"type":"A","date":"2018-04-27T02:59:47.000Z","volume":500,"label":" ","price":80.85},{"type":"B","date":"2018-04-27T03:02:40.000Z","volume":2000,"label":" ","price":80.8},{"type":"A","date":"2018-04-27T03:03:23.000Z","volume":500,"label":" ","price":80.85},{"type":"A","date":"2018-04-27T03:04:08.000Z","volume":12000,"label":" ","price":80.85},{"type":"A","date":"2018-04-27T03:04:08.000Z","volume":1000,"label":" ","price":80.9},{"type":"A","date":"2018-04-27T03:04:08.000Z","volume":1500,"label":" ","price":80.9},{"type":"A","date":"2018-04-27T03:04:09.000Z","volume":4000,"label":" ","price":80.9},{"type":"A","date":"2018-04-27T03:04:17.000Z","volume":500,"label":" ","price":80.95},{"type":"A","date":"2018-04-27T03:04:17.000Z","volume":500,"label":" ","price":80.95},{"type":"A","date":"2018-04-27T03:04:17.000Z","volume":500,"label":" ","price":80.95},{"type":"A","date":"2018-04-27T03:04:17.000Z","volume":500,"label":" ","price":80.95},{"type":"A","date":"2018-04-27T03:04:40.000Z","volume":500,"label":" ","price":81},{"type":"U","date":"2018-04-27T03:05:29.000Z","volume":500,"label":"X","price":81},{"type":"A","date":"2018-04-27T03:06:45.000Z","volume":500,"label":" ","price":80.95},{"type":"U","date":"2018-04-27T03:06:50.000Z","volume":500,"label":"X","price":80.9},{"type":"U","date":"2018-04-27T03:06:50.000Z","volume":2500,"label":"X","price":80.9},{"type":"U","date":"2018-04-27T03:06:50.000Z","volume":500,"label":"X","price":80.95},{"type":"A","date":"2018-04-27T03:06:50.000Z","volume":500,"label":" ","price":80.95},{"type":"A","date":"2018-04-27T03:06:50.000Z","volume":500,"label":" ","price":80.95},{"type":"U","date":"2018-04-27T03:06:55.000Z","volume":500,"label":"X","price":80.95},{"type":"A","date":"2018-04-27T03:06:55.000Z","volume":1000,"label":" ","price":80.95},{"type":"A","date":"2018-04-27T03:06:55.000Z","volume":1500,"label":" ","price":80.95},{"type":"U","date":"2018-04-27T03:07:58.000Z","volume":3000,"label":" ","price":80.95},{"type":"A","date":"2018-04-27T03:08:00.000Z","volume":1500,"label":" ","price":81},{"type":"A","date":"2018-04-27T03:08:00.000Z","volume":1000,"label":" ","price":81},{"type":"A","date":"2018-04-27T03:08:00.000Z","volume":500,"label":" ","price":81},{"type":"A","date":"2018-04-27T03:10:37.000Z","volume":500,"label":" ","price":81},{"type":"A","date":"2018-04-27T03:10:38.000Z","volume":500,"label":" ","price":81},{"type":"A","date":"2018-04-27T03:15:20.000Z","volume":500,"label":" ","price":81},{"type":"A","date":"2018-04-27T03:15:20.000Z","volume":500,"label":" ","price":81},{"type":"A","date":"2018-04-27T03:15:50.000Z","volume":500,"label":" ","price":81},{"type":"A","date":"2018-04-27T03:18:16.000Z","volume":500,"label":" ","price":81},{"type":"A","date":"2018-04-27T03:18:16.000Z","volume":500,"label":" ","price":81},{"type":"A","date":"2018-04-27T03:19:46.000Z","volume":500,"label":" ","price":81},{"type":"B","date":"2018-04-27T03:23:10.000Z","volume":8500,"label":" ","price":80.95},{"type":"B","date":"2018-04-27T03:23:10.000Z","volume":500,"label":" ","price":80.95},{"type":"B","date":"2018-04-27T03:23:10.000Z","volume":1000,"label":" ","price":80.95},{"type":"B","date":"2018-04-27T03:23:10.000Z","volume":500,"label":" ","price":80.95},{"type":"A","date":"2018-04-27T03:23:10.000Z","volume":500,"label":" ","price":80.95},{"type":"B","date":"2018-04-27T03:26:06.000Z","volume":1500,"label":" ","price":80.9},{"type":"B","date":"2018-04-27T03:26:06.000Z","volume":500,"label":" ","price":80.9},{"type":"A","date":"2018-04-27T03:26:07.000Z","volume":500,"label":" ","price":80.9},{"type":"A","date":"2018-04-27T03:26:17.000Z","volume":500,"label":" ","price":80.9},{"type":"A","date":"2018-04-27T03:26:18.000Z","volume":500,"label":" ","price":80.9},{"type":"B","date":"2018-04-27T03:27:59.000Z","volume":9500,"label":" ","price":80.85},{"type":"A","date":"2018-04-27T03:30:31.000Z","volume":500,"label":" ","price":80.9},{"type":"A","date":"2018-04-27T03:30:32.000Z","volume":1000,"label":" ","price":80.9},{"type":"A","date":"2018-04-27T03:30:32.000Z","volume":1000,"label":" ","price":80.9},{"type":"A","date":"2018-04-27T03:30:32.000Z","volume":500,"label":" ","price":80.9},{"type":"U","date":"2018-04-27T03:31:50.000Z","volume":500,"label":"X","price":80.9},{"type":"A","date":"2018-04-27T03:33:38.000Z","volume":2500,"label":" ","price":80.9},{"type":"A","date":"2018-04-27T03:33:40.000Z","volume":500,"label":" ","price":80.9},{"type":"B","date":"2018-04-27T03:34:01.000Z","volume":500,"label":" ","price":80.85},{"type":"A","date":"2018-04-27T03:37:19.000Z","volume":500,"label":" ","price":80.9},{"type":"U","date":"2018-04-27T03:39:35.000Z","volume":84,"label":"D","price":80.85},{"type":"B","date":"2018-04-27T03:44:58.000Z","volume":45000,"label":" ","price":80.85},{"type":"B","date":"2018-04-27T03:44:58.000Z","volume":12500,"label":" ","price":80.85},{"type":"U","date":"2018-04-27T03:44:58.000Z","volume":7000,"label":" ","price":80.85},{"type":"U","date":"2018-04-27T03:44:58.000Z","volume":500,"label":" ","price":80.85},{"type":"A","date":"2018-04-27T03:44:59.000Z","volume":1000,"label":" ","price":80.85},{"type":"B","date":"2018-04-27T03:45:00.000Z","volume":4500,"label":" ","price":80.8},{"type":"B","date":"2018-04-27T03:45:24.000Z","volume":2000,"label":" ","price":80.75},{"type":"U","date":"2018-04-27T03:45:35.000Z","volume":149,"label":"D","price":80.8},{"type":"A","date":"2018-04-27T03:47:20.000Z","volume":500,"label":" ","price":80.8},{"type":"B","date":"2018-04-27T03:51:50.000Z","volume":1000,"label":" ","price":80.7},{"type":"U","date":"2018-04-27T03:56:51.000Z","volume":38,"label":"D","price":80.7},{"type":"A","date":"2018-04-27T03:59:44.000Z","volume":2000,"label":" ","price":80.8},{"type":"A","date":"2018-04-27T05:00:01.000Z","volume":1000,"label":" ","price":80.8},{"type":"A","date":"2018-04-27T05:00:01.000Z","volume":500,"label":" ","price":80.8},{"type":"B","date":"2018-04-27T05:00:06.000Z","volume":500,"label":" ","price":80.7},{"type":"U","date":"2018-04-27T05:00:23.000Z","volume":500,"label":"X","price":80.7},{"type":"A","date":"2018-04-27T05:01:08.000Z","volume":1500,"label":" ","price":80.8},{"type":"A","date":"2018-04-27T05:10:17.000Z","volume":500,"label":" ","price":80.8},{"type":"A","date":"2018-04-27T05:11:04.000Z","volume":500,"label":" ","price":80.8},{"type":"A","date":"2018-04-27T05:11:57.000Z","volume":500,"label":" ","price":80.8},{"type":"A","date":"2018-04-27T05:15:32.000Z","volume":500,"label":" ","price":80.8},{"type":"A","date":"2018-04-27T05:15:32.000Z","volume":500,"label":" ","price":80.8},{"type":"A","date":"2018-04-27T05:16:51.000Z","volume":500,"label":" ","price":80.8},{"type":"A","date":"2018-04-27T05:17:39.000Z","volume":500,"label":" ","price":80.8},{"type":"A","date":"2018-04-27T05:19:21.000Z","volume":500,"label":" ","price":80.8},{"type":"A","date":"2018-04-27T05:20:11.000Z","volume":500,"label":" ","price":80.75},{"type":"B","date":"2018-04-27T05:21:11.000Z","volume":500,"label":" ","price":80.7},{"type":"B","date":"2018-04-27T05:21:11.000Z","volume":5500,"label":" ","price":80.7},{"type":"B","date":"2018-04-27T05:26:10.000Z","volume":500,"label":" ","price":80.65},{"type":"A","date":"2018-04-27T05:28:37.000Z","volume":500,"label":" ","price":80.7},{"type":"A","date":"2018-04-27T05:31:46.000Z","volume":500,"label":" ","price":80.7},{"type":"A","date":"2018-04-27T05:32:07.000Z","volume":500,"label":" ","price":80.7},{"type":"A","date":"2018-04-27T05:34:05.000Z","volume":500,"label":" ","price":80.7},{"type":"A","date":"2018-04-27T05:38:19.000Z","volume":500,"label":" ","price":80.7},{"type":"A","date":"2018-04-27T05:39:37.000Z","volume":500,"label":" ","price":80.7},{"type":"B","date":"2018-04-27T05:40:54.000Z","volume":4000,"label":" ","price":80.65},{"type":"A","date":"2018-04-27T05:42:31.000Z","volume":500,"label":" ","price":80.7},{"type":"B","date":"2018-04-27T05:45:17.000Z","volume":1000,"label":" ","price":80.65},{"type":"B","date":"2018-04-27T05:46:51.000Z","volume":500,"label":" ","price":80.65},{"type":"A","date":"2018-04-27T05:47:08.000Z","volume":47500,"label":" ","price":80.7},{"type":"A","date":"2018-04-27T05:47:08.000Z","volume":13000,"label":" ","price":80.75},{"type":"A","date":"2018-04-27T05:47:08.000Z","volume":9500,"label":" ","price":80.8},{"type":"A","date":"2018-04-27T05:50:30.000Z","volume":500,"label":" ","price":80.8},{"type":"U","date":"2018-04-27T05:50:46.000Z","volume":500,"label":"X","price":80.8},{"type":"A","date":"2018-04-27T05:55:51.000Z","volume":500,"label":" ","price":80.8},{"type":"A","date":"2018-04-27T06:04:06.000Z","volume":500,"label":" ","price":80.8},{"type":"A","date":"2018-04-27T06:08:32.000Z","volume":4000,"label":"Y","price":80.8},{"type":"A","date":"2018-04-27T06:08:32.000Z","volume":500,"label":"Y","price":80.8},{"type":"A","date":"2018-04-27T06:08:32.000Z","volume":6500,"label":" ","price":80.8},{"type":"A","date":"2018-04-27T06:09:19.000Z","volume":500,"label":" ","price":80.8},{"type":"A","date":"2018-04-27T06:09:28.000Z","volume":500,"label":" ","price":80.8},{"type":"U","date":"2018-04-27T06:10:24.000Z","volume":500,"label":"X","price":80.8},{"type":"A","date":"2018-04-27T06:10:34.000Z","volume":500,"label":" ","price":80.8},{"type":"A","date":"2018-04-27T06:14:25.000Z","volume":500,"label":" ","price":80.8},{"type":"A","date":"2018-04-27T06:15:35.000Z","volume":1500,"label":" ","price":80.8},{"type":"B","date":"2018-04-27T06:17:26.000Z","volume":500,"label":" ","price":80.75},{"type":"A","date":"2018-04-27T06:17:29.000Z","volume":500,"label":" ","price":80.8},{"type":"A","date":"2018-04-27T06:22:25.000Z","volume":500,"label":" ","price":80.8},{"type":"B","date":"2018-04-27T06:22:25.000Z","volume":500,"label":" ","price":80.75},{"type":"A","date":"2018-04-27T06:22:57.000Z","volume":500,"label":" ","price":80.8},{"type":"B","date":"2018-04-27T06:27:39.000Z","volume":500,"label":" ","price":80.75},{"type":"U","date":"2018-04-27T06:28:08.000Z","volume":2400,"label":"X","price":80.8},{"type":"A","date":"2018-04-27T06:28:28.000Z","volume":500,"label":" ","price":80.8},{"type":"A","date":"2018-04-27T06:28:47.000Z","volume":500,"label":" ","price":80.8},{"type":"A","date":"2018-04-27T06:28:47.000Z","volume":500,"label":" ","price":80.8},{"type":"A","date":"2018-04-27T06:36:29.000Z","volume":3000,"label":" ","price":80.8},{"type":"A","date":"2018-04-27T06:36:31.000Z","volume":500,"label":" ","price":80.8},{"type":"A","date":"2018-04-27T06:36:33.000Z","volume":500,"label":" ","price":80.8},{"type":"A","date":"2018-04-27T06:43:34.000Z","volume":500,"label":" ","price":80.8},{"type":"A","date":"2018-04-27T06:45:10.000Z","volume":500,"label":" ","price":80.8},{"type":"B","date":"2018-04-27T06:45:52.000Z","volume":500,"label":" ","price":80.75},{"type":"A","date":"2018-04-27T06:45:52.000Z","volume":2500,"label":" ","price":80.8},{"type":"A","date":"2018-04-27T06:45:58.000Z","volume":500,"label":" ","price":80.8},{"type":"B","date":"2018-04-27T06:46:50.000Z","volume":500,"label":" ","price":80.75},{"type":"A","date":"2018-04-27T06:46:51.000Z","volume":500,"label":" ","price":80.8},{"type":"B","date":"2018-04-27T06:47:45.000Z","volume":500,"label":" ","price":80.75},{"type":"A","date":"2018-04-27T06:50:39.000Z","volume":500,"label":" ","price":80.8},{"type":"A","date":"2018-04-27T06:50:42.000Z","volume":500,"label":"Y","price":80.8},{"type":"A","date":"2018-04-27T06:51:32.000Z","volume":500,"label":" ","price":80.8},{"type":"A","date":"2018-04-27T06:54:14.000Z","volume":500,"label":" ","price":80.8},{"type":"A","date":"2018-04-27T06:55:21.000Z","volume":500,"label":" ","price":80.8},{"type":"A","date":"2018-04-27T06:58:57.000Z","volume":500,"label":" ","price":80.8},{"type":"B","date":"2018-04-27T07:00:13.000Z","volume":500,"label":" ","price":80.75},{"type":"A","date":"2018-04-27T07:02:08.000Z","volume":500,"label":" ","price":80.8},{"type":"B","date":"2018-04-27T07:02:12.000Z","volume":500,"label":" ","price":80.75},{"type":"A","date":"2018-04-27T07:03:19.000Z","volume":500,"label":" ","price":80.8},{"type":"B","date":"2018-04-27T07:03:49.000Z","volume":5500,"label":" ","price":80.75},{"type":"A","date":"2018-04-27T07:05:47.000Z","volume":500,"label":" ","price":80.8},{"type":"A","date":"2018-04-27T07:05:47.000Z","volume":500,"label":" ","price":80.8},{"type":"A","date":"2018-04-27T07:06:00.000Z","volume":500,"label":" ","price":80.8},{"type":"A","date":"2018-04-27T07:07:26.000Z","volume":500,"label":" ","price":80.8},{"type":"A","date":"2018-04-27T07:13:03.000Z","volume":500,"label":" ","price":80.8},{"type":"A","date":"2018-04-27T07:13:58.000Z","volume":500,"label":" ","price":80.8},{"type":"A","date":"2018-04-27T07:16:19.000Z","volume":500,"label":" ","price":80.8},{"type":"A","date":"2018-04-27T07:16:23.000Z","volume":500,"label":" ","price":80.8},{"type":"A","date":"2018-04-27T07:16:25.000Z","volume":500,"label":"Y","price":80.8},{"type":"B","date":"2018-04-27T07:17:48.000Z","volume":500,"label":" ","price":80.75},{"type":"A","date":"2018-04-27T07:21:15.000Z","volume":500,"label":" ","price":80.8},{"type":"A","date":"2018-04-27T07:21:52.000Z","volume":500,"label":" ","price":80.8},{"type":"A","date":"2018-04-27T07:22:47.000Z","volume":500,"label":" ","price":80.8},{"type":"B","date":"2018-04-27T07:23:14.000Z","volume":3000,"label":" ","price":80.75},{"type":"B","date":"2018-04-27T07:23:14.000Z","volume":17000,"label":" ","price":80.75},{"type":"B","date":"2018-04-27T07:23:14.000Z","volume":2500,"label":" ","price":80.75},{"type":"B","date":"2018-04-27T07:23:15.000Z","volume":2000,"label":" ","price":80.75},{"type":"A","date":"2018-04-27T07:23:15.000Z","volume":1500,"label":" ","price":80.8},{"type":"A","date":"2018-04-27T07:24:04.000Z","volume":500,"label":" ","price":80.8},{"type":"U","date":"2018-04-27T07:24:11.000Z","volume":500,"label":"X","price":80.8},{"type":"B","date":"2018-04-27T07:26:20.000Z","volume":500,"label":" ","price":80.75},{"type":"A","date":"2018-04-27T07:29:04.000Z","volume":500,"label":" ","price":80.8},{"type":"A","date":"2018-04-27T07:30:01.000Z","volume":500,"label":" ","price":80.8},{"type":"A","date":"2018-04-27T07:31:54.000Z","volume":500,"label":" ","price":80.8},{"type":"A","date":"2018-04-27T07:34:48.000Z","volume":500,"label":" ","price":80.8},{"type":"A","date":"2018-04-27T07:34:48.000Z","volume":500,"label":" ","price":80.8},{"type":"B","date":"2018-04-27T07:36:16.000Z","volume":2000,"label":" ","price":80.75},{"type":"A","date":"2018-04-27T07:37:53.000Z","volume":500,"label":" ","price":80.8},{"type":"B","date":"2018-04-27T07:37:55.000Z","volume":500,"label":" ","price":80.75},{"type":"B","date":"2018-04-27T07:38:06.000Z","volume":2000,"label":" ","price":80.75},{"type":"A","date":"2018-04-27T07:40:34.000Z","volume":500,"label":" ","price":80.8},{"type":"A","date":"2018-04-27T07:40:44.000Z","volume":500,"label":" ","price":80.8},{"type":"A","date":"2018-04-27T07:41:20.000Z","volume":500,"label":" ","price":80.8},{"type":"A","date":"2018-04-27T07:41:49.000Z","volume":500,"label":" ","price":80.8},{"type":"A","date":"2018-04-27T07:41:55.000Z","volume":500,"label":"Y","price":80.8},{"type":"A","date":"2018-04-27T07:41:55.000Z","volume":5500,"label":" ","price":80.8},{"type":"A","date":"2018-04-27T07:42:16.000Z","volume":500,"label":" ","price":80.8},{"type":"A","date":"2018-04-27T07:42:36.000Z","volume":1000,"label":"Y","price":80.8},{"type":"B","date":"2018-04-27T07:42:44.000Z","volume":500,"label":" ","price":80.75},{"type":"A","date":"2018-04-27T07:43:05.000Z","volume":500,"label":" ","price":80.8},{"type":"A","date":"2018-04-27T07:43:07.000Z","volume":500,"label":" ","price":80.8},{"type":"A","date":"2018-04-27T07:43:32.000Z","volume":500,"label":" ","price":80.8},{"type":"A","date":"2018-04-27T07:43:52.000Z","volume":1000,"label":"Y","price":80.8},{"type":"A","date":"2018-04-27T07:44:01.000Z","volume":500,"label":" ","price":80.8},{"type":"A","date":"2018-04-27T07:44:04.000Z","volume":500,"label":"Y","price":80.8},{"type":"A","date":"2018-04-27T07:44:30.000Z","volume":500,"label":" ","price":80.8},{"type":"A","date":"2018-04-27T07:44:56.000Z","volume":1000,"label":" ","price":80.8},{"type":"A","date":"2018-04-27T07:44:58.000Z","volume":1000,"label":" ","price":80.8},{"type":"A","date":"2018-04-27T07:45:21.000Z","volume":1000,"label":" ","price":80.8},{"type":"A","date":"2018-04-27T07:45:59.000Z","volume":500,"label":"Y","price":80.8},{"type":"A","date":"2018-04-27T07:45:59.000Z","volume":500,"label":" ","price":80.8},{"type":"B","date":"2018-04-27T07:46:04.000Z","volume":4000,"label":" ","price":80.75},{"type":"A","date":"2018-04-27T07:46:12.000Z","volume":500,"label":" ","price":80.8},{"type":"B","date":"2018-04-27T07:46:25.000Z","volume":8000,"label":" ","price":80.75},{"type":"A","date":"2018-04-27T07:46:47.000Z","volume":1500,"label":" ","price":80.8},{"type":"A","date":"2018-04-27T07:46:50.000Z","volume":1000,"label":" ","price":80.8},{"type":"A","date":"2018-04-27T07:47:28.000Z","volume":1000,"label":" ","price":80.8},{"type":"A","date":"2018-04-27T07:47:38.000Z","volume":1000,"label":"Y","price":80.8},{"type":"A","date":"2018-04-27T07:47:40.000Z","volume":500,"label":" ","price":80.8},{"type":"A","date":"2018-04-27T07:48:06.000Z","volume":500,"label":" ","price":80.8},{"type":"A","date":"2018-04-27T07:48:10.000Z","volume":500,"label":"Y","price":80.8},{"type":"A","date":"2018-04-27T07:48:26.000Z","volume":500,"label":"Y","price":80.8},{"type":"A","date":"2018-04-27T07:48:30.000Z","volume":500,"label":" ","price":80.8},{"type":"A","date":"2018-04-27T07:48:45.000Z","volume":500,"label":" ","price":80.8},{"type":"A","date":"2018-04-27T07:48:45.000Z","volume":1000,"label":" ","price":80.8},{"type":"A","date":"2018-04-27T07:48:46.000Z","volume":500,"label":"Y","price":80.8},{"type":"A","date":"2018-04-27T07:48:58.000Z","volume":500,"label":" ","price":80.8},{"type":"A","date":"2018-04-27T07:49:06.000Z","volume":500,"label":"Y","price":80.8},{"type":"A","date":"2018-04-27T07:49:24.000Z","volume":500,"label":" ","price":80.8},{"type":"A","date":"2018-04-27T07:49:25.000Z","volume":500,"label":" ","price":80.8},{"type":"A","date":"2018-04-27T07:49:26.000Z","volume":500,"label":" ","price":80.8},{"type":"B","date":"2018-04-27T07:49:26.000Z","volume":500,"label":" ","price":80.75},{"type":"A","date":"2018-04-27T07:49:45.000Z","volume":500,"label":"Y","price":80.8},{"type":"A","date":"2018-04-27T07:49:50.000Z","volume":500,"label":" ","price":80.8},{"type":"A","date":"2018-04-27T07:50:03.000Z","volume":500,"label":" ","price":80.8},{"type":"A","date":"2018-04-27T07:50:16.000Z","volume":500,"label":" ","price":80.8},{"type":"A","date":"2018-04-27T07:50:21.000Z","volume":500,"label":" ","price":80.8},{"type":"A","date":"2018-04-27T07:50:27.000Z","volume":500,"label":" ","price":80.8},{"type":"A","date":"2018-04-27T07:50:29.000Z","volume":500,"label":" ","price":80.8},{"type":"A","date":"2018-04-27T07:50:38.000Z","volume":500,"label":"Y","price":80.8},{"type":"A","date":"2018-04-27T07:50:40.000Z","volume":500,"label":" ","price":80.8},{"type":"A","date":"2018-04-27T07:50:42.000Z","volume":500,"label":" ","price":80.8},{"type":"A","date":"2018-04-27T07:50:59.000Z","volume":500,"label":" ","price":80.8},{"type":"A","date":"2018-04-27T07:51:00.000Z","volume":500,"label":" ","price":80.8},{"type":"A","date":"2018-04-27T07:51:13.000Z","volume":500,"label":" ","price":80.8},{"type":"A","date":"2018-04-27T07:51:27.000Z","volume":500,"label":" ","price":80.8},{"type":"A","date":"2018-04-27T07:51:29.000Z","volume":500,"label":" ","price":80.8},{"type":"A","date":"2018-04-27T07:51:34.000Z","volume":500,"label":" ","price":80.8},{"type":"A","date":"2018-04-27T07:51:43.000Z","volume":500,"label":" ","price":80.8},{"type":"A","date":"2018-04-27T07:51:57.000Z","volume":500,"label":" ","price":80.8},{"type":"A","date":"2018-04-27T07:52:00.000Z","volume":500,"label":" ","price":80.8},{"type":"A","date":"2018-04-27T07:52:01.000Z","volume":500,"label":" ","price":80.8},{"type":"A","date":"2018-04-27T07:52:12.000Z","volume":1000,"label":" ","price":80.8},{"type":"A","date":"2018-04-27T07:52:13.000Z","volume":500,"label":" ","price":80.8},{"type":"A","date":"2018-04-27T07:52:14.000Z","volume":500,"label":" ","price":80.8},{"type":"B","date":"2018-04-27T07:52:23.000Z","volume":500,"label":" ","price":80.75},{"type":"A","date":"2018-04-27T07:52:28.000Z","volume":500,"label":" ","price":80.8},{"type":"A","date":"2018-04-27T07:52:30.000Z","volume":500,"label":" ","price":80.8},{"type":"A","date":"2018-04-27T07:52:42.000Z","volume":500,"label":" ","price":80.8},{"type":"A","date":"2018-04-27T07:52:52.000Z","volume":500,"label":" ","price":80.8},{"type":"A","date":"2018-04-27T07:52:52.000Z","volume":1000,"label":" ","price":80.8},{"type":"A","date":"2018-04-27T07:52:56.000Z","volume":500,"label":" ","price":80.8},{"type":"B","date":"2018-04-27T07:52:58.000Z","volume":500,"label":" ","price":80.75},{"type":"A","date":"2018-04-27T07:53:05.000Z","volume":500,"label":" ","price":80.8},{"type":"A","date":"2018-04-27T07:53:07.000Z","volume":500,"label":" ","price":80.8},{"type":"A","date":"2018-04-27T07:53:15.000Z","volume":500,"label":" ","price":80.8},{"type":"A","date":"2018-04-27T07:53:20.000Z","volume":500,"label":" ","price":80.8},{"type":"A","date":"2018-04-27T07:53:20.000Z","volume":500,"label":" ","price":80.8},{"type":"A","date":"2018-04-27T07:53:20.000Z","volume":500,"label":" ","price":80.8},{"type":"A","date":"2018-04-27T07:53:33.000Z","volume":500,"label":" ","price":80.8},{"type":"A","date":"2018-04-27T07:53:44.000Z","volume":500,"label":" ","price":80.8},{"type":"A","date":"2018-04-27T07:53:44.000Z","volume":500,"label":" ","price":80.8},{"type":"A","date":"2018-04-27T07:53:57.000Z","volume":500,"label":" ","price":80.8},{"type":"A","date":"2018-04-27T07:54:08.000Z","volume":500,"label":" ","price":80.8},{"type":"A","date":"2018-04-27T07:54:08.000Z","volume":500,"label":" ","price":80.8},{"type":"A","date":"2018-04-27T07:54:10.000Z","volume":500,"label":" ","price":80.8},{"type":"A","date":"2018-04-27T07:54:21.000Z","volume":500,"label":" ","price":80.8},{"type":"A","date":"2018-04-27T07:54:23.000Z","volume":500,"label":" ","price":80.8},{"type":"A","date":"2018-04-27T07:54:31.000Z","volume":500,"label":" ","price":80.8},{"type":"B","date":"2018-04-27T07:54:34.000Z","volume":1000,"label":"Y","price":80.75},{"type":"B","date":"2018-04-27T07:54:34.000Z","volume":3000,"label":" ","price":80.75},{"type":"A","date":"2018-04-27T07:54:37.000Z","volume":500,"label":" ","price":80.8},{"type":"A","date":"2018-04-27T07:54:43.000Z","volume":500,"label":" ","price":80.8},{"type":"B","date":"2018-04-27T07:54:43.000Z","volume":500,"label":" ","price":80.75},{"type":"A","date":"2018-04-27T07:54:53.000Z","volume":500,"label":"Y","price":80.8},{"type":"A","date":"2018-04-27T07:55:01.000Z","volume":500,"label":"Y","price":80.8},{"type":"U","date":"2018-04-27T07:55:10.000Z","volume":1000,"label":"X","price":80.793},{"type":"A","date":"2018-04-27T07:55:11.000Z","volume":500,"label":" ","price":80.8},{"type":"A","date":"2018-04-27T07:55:11.000Z","volume":500,"label":" ","price":80.8},{"type":"A","date":"2018-04-27T07:55:11.000Z","volume":500,"label":"Y","price":80.8},{"type":"A","date":"2018-04-27T07:55:15.000Z","volume":500,"label":" ","price":80.8},{"type":"A","date":"2018-04-27T07:55:22.000Z","volume":500,"label":"Y","price":80.8},{"type":"A","date":"2018-04-27T07:55:30.000Z","volume":500,"label":"Y","price":80.8},{"type":"A","date":"2018-04-27T07:55:41.000Z","volume":500,"label":"Y","price":80.8},{"type":"A","date":"2018-04-27T07:55:49.000Z","volume":500,"label":"Y","price":80.8},{"type":"A","date":"2018-04-27T07:55:54.000Z","volume":500,"label":" ","price":80.8},{"type":"A","date":"2018-04-27T07:55:58.000Z","volume":500,"label":"Y","price":80.8},{"type":"A","date":"2018-04-27T07:55:58.000Z","volume":1000,"label":" ","price":80.8},{"type":"B","date":"2018-04-27T07:55:59.000Z","volume":500,"label":" ","price":80.75},{"type":"A","date":"2018-04-27T07:56:03.000Z","volume":500,"label":" ","price":80.8},{"type":"A","date":"2018-04-27T07:56:07.000Z","volume":500,"label":" ","price":80.8},{"type":"A","date":"2018-04-27T07:56:10.000Z","volume":500,"label":"Y","price":80.8},{"type":"A","date":"2018-04-27T07:56:14.000Z","volume":500,"label":"Y","price":80.8},{"type":"A","date":"2018-04-27T07:56:17.000Z","volume":500,"label":" ","price":80.8},{"type":"A","date":"2018-04-27T07:56:24.000Z","volume":500,"label":"Y","price":80.8},{"type":"A","date":"2018-04-27T07:56:30.000Z","volume":500,"label":" ","price":80.8},{"type":"A","date":"2018-04-27T07:56:33.000Z","volume":500,"label":"Y","price":80.8},{"type":"A","date":"2018-04-27T07:56:41.000Z","volume":500,"label":"Y","price":80.8},{"type":"B","date":"2018-04-27T07:56:44.000Z","volume":500,"label":" ","price":80.75},{"type":"B","date":"2018-04-27T07:56:45.000Z","volume":2000,"label":" ","price":80.75},{"type":"A","date":"2018-04-27T07:56:46.000Z","volume":500,"label":"Y","price":80.8},{"type":"A","date":"2018-04-27T07:56:56.000Z","volume":500,"label":"Y","price":80.8},{"type":"A","date":"2018-04-27T07:56:59.000Z","volume":500,"label":" ","price":80.8},{"type":"A","date":"2018-04-27T07:57:04.000Z","volume":500,"label":"Y","price":80.8},{"type":"A","date":"2018-04-27T07:57:10.000Z","volume":500,"label":"Y","price":80.8},{"type":"A","date":"2018-04-27T07:57:16.000Z","volume":500,"label":"Y","price":80.8},{"type":"A","date":"2018-04-27T07:57:25.000Z","volume":500,"label":" ","price":80.8},{"type":"A","date":"2018-04-27T07:57:25.000Z","volume":500,"label":" ","price":80.8},{"type":"A","date":"2018-04-27T07:57:33.000Z","volume":500,"label":"Y","price":80.8},{"type":"A","date":"2018-04-27T07:57:37.000Z","volume":500,"label":"Y","price":80.8},{"type":"A","date":"2018-04-27T07:57:46.000Z","volume":500,"label":"Y","price":80.8},{"type":"A","date":"2018-04-27T07:57:49.000Z","volume":500,"label":" ","price":80.8},{"type":"A","date":"2018-04-27T07:57:51.000Z","volume":500,"label":" ","price":80.8},{"type":"A","date":"2018-04-27T07:57:57.000Z","volume":500,"label":"Y","price":80.8},{"type":"A","date":"2018-04-27T07:58:03.000Z","volume":500,"label":"Y","price":80.8},{"type":"A","date":"2018-04-27T07:58:07.000Z","volume":500,"label":"Y","price":80.8},{"type":"A","date":"2018-04-27T07:58:17.000Z","volume":500,"label":" ","price":80.8},{"type":"A","date":"2018-04-27T07:58:17.000Z","volume":500,"label":" ","price":80.8},{"type":"A","date":"2018-04-27T07:58:20.000Z","volume":500,"label":"Y","price":80.8},{"type":"A","date":"2018-04-27T07:58:21.000Z","volume":500,"label":" ","price":80.8},{"type":"A","date":"2018-04-27T07:58:25.000Z","volume":500,"label":"Y","price":80.8},{"type":"A","date":"2018-04-27T07:58:30.000Z","volume":500,"label":" ","price":80.8},{"type":"A","date":"2018-04-27T07:58:32.000Z","volume":500,"label":"Y","price":80.8},{"type":"A","date":"2018-04-27T07:58:36.000Z","volume":500,"label":"Y","price":80.8},{"type":"A","date":"2018-04-27T07:58:42.000Z","volume":500,"label":"Y","price":80.8},{"type":"A","date":"2018-04-27T07:58:43.000Z","volume":500,"label":" ","price":80.8},{"type":"A","date":"2018-04-27T07:58:46.000Z","volume":500,"label":" ","price":80.8},{"type":"A","date":"2018-04-27T07:58:46.000Z","volume":500,"label":" ","price":80.8},{"type":"A","date":"2018-04-27T07:58:51.000Z","volume":500,"label":" ","price":80.8},{"type":"A","date":"2018-04-27T07:58:51.000Z","volume":1000,"label":" ","price":80.8},{"type":"A","date":"2018-04-27T07:58:55.000Z","volume":500,"label":" ","price":80.8},{"type":"B","date":"2018-04-27T07:58:56.000Z","volume":500,"label":" ","price":80.75},{"type":"A","date":"2018-04-27T07:58:56.000Z","volume":500,"label":" ","price":80.8},{"type":"A","date":"2018-04-27T07:59:00.000Z","volume":500,"label":"Y","price":80.8},{"type":"A","date":"2018-04-27T07:59:04.000Z","volume":500,"label":"Y","price":80.8},{"type":"A","date":"2018-04-27T07:59:11.000Z","volume":500,"label":"Y","price":80.8},{"type":"A","date":"2018-04-27T07:59:13.000Z","volume":500,"label":" ","price":80.8},{"type":"A","date":"2018-04-27T07:59:14.000Z","volume":500,"label":" ","price":80.8},{"type":"A","date":"2018-04-27T07:59:18.000Z","volume":500,"label":" ","price":80.8},{"type":"A","date":"2018-04-27T07:59:22.000Z","volume":500,"label":" ","price":80.8},{"type":"A","date":"2018-04-27T07:59:27.000Z","volume":500,"label":"Y","price":80.8},{"type":"A","date":"2018-04-27T07:59:31.000Z","volume":500,"label":"Y","price":80.8},{"type":"A","date":"2018-04-27T07:59:31.000Z","volume":1500,"label":" ","price":80.8},{"type":"A","date":"2018-04-27T07:59:34.000Z","volume":500,"label":"Y","price":80.8},{"type":"A","date":"2018-04-27T07:59:36.000Z","volume":500,"label":" ","price":80.8},{"type":"B","date":"2018-04-27T07:59:37.000Z","volume":1000,"label":" ","price":80.75},{"type":"A","date":"2018-04-27T07:59:50.000Z","volume":2000,"label":" ","price":80.8},{"type":"B","date":"2018-04-27T07:59:57.000Z","volume":500,"label":" ","price":80.7},{"type":"U","date":"2018-04-27T08:09:03.000Z","volume":272500,"label":"U","price":80.85}]