[{"type":"U","date":"2018-04-12T01:20:00.000Z","volume":22000,"label":"U","price":15.98},{"type":"B","date":"2018-04-12T01:30:31.000Z","volume":2000,"label":" ","price":15.86},{"type":"B","date":"2018-04-12T01:31:07.000Z","volume":2000,"label":" ","price":15.86},{"type":"B","date":"2018-04-12T01:33:07.000Z","volume":2000,"label":" ","price":15.86},{"type":"B","date":"2018-04-12T01:33:07.000Z","volume":2000,"label":" ","price":15.86},{"type":"B","date":"2018-04-12T01:33:10.000Z","volume":2000,"label":" ","price":15.84},{"type":"B","date":"2018-04-12T01:38:11.000Z","volume":4000,"label":" ","price":15.8},{"type":"B","date":"2018-04-12T01:51:12.000Z","volume":8000,"label":" ","price":15.74},{"type":"B","date":"2018-04-12T01:51:16.000Z","volume":2000,"label":" ","price":15.72},{"type":"B","date":"2018-04-12T01:51:17.000Z","volume":2000,"label":" ","price":15.7},{"type":"B","date":"2018-04-12T01:51:17.000Z","volume":2000,"label":" ","price":15.7},{"type":"A","date":"2018-04-12T01:51:17.000Z","volume":2000,"label":" ","price":15.78},{"type":"A","date":"2018-04-12T01:52:59.000Z","volume":10000,"label":" ","price":15.74},{"type":"U","date":"2018-04-12T01:56:33.000Z","volume":8000,"label":"X","price":15.71},{"type":"B","date":"2018-04-12T01:59:18.000Z","volume":2000,"label":" ","price":15.7},{"type":"B","date":"2018-04-12T01:59:18.000Z","volume":6000,"label":" ","price":15.7},{"type":"B","date":"2018-04-12T01:59:22.000Z","volume":2000,"label":" ","price":15.66},{"type":"U","date":"2018-04-12T01:59:22.000Z","volume":2000,"label":" ","price":15.7},{"type":"B","date":"2018-04-12T01:59:22.000Z","volume":2000,"label":" ","price":15.66},{"type":"A","date":"2018-04-12T01:59:55.000Z","volume":2000,"label":" ","price":15.72},{"type":"A","date":"2018-04-12T02:03:06.000Z","volume":2000,"label":" ","price":15.72},{"type":"B","date":"2018-04-12T02:03:08.000Z","volume":2000,"label":" ","price":15.7},{"type":"A","date":"2018-04-12T02:03:10.000Z","volume":12000,"label":" ","price":15.72},{"type":"A","date":"2018-04-12T02:03:10.000Z","volume":2000,"label":"Y","price":15.74},{"type":"A","date":"2018-04-12T02:03:10.000Z","volume":2000,"label":" ","price":15.74},{"type":"A","date":"2018-04-12T02:03:10.000Z","volume":2000,"label":"Y","price":15.76},{"type":"A","date":"2018-04-12T02:03:12.000Z","volume":2000,"label":" ","price":15.76},{"type":"A","date":"2018-04-12T02:03:12.000Z","volume":2000,"label":" ","price":15.76},{"type":"A","date":"2018-04-12T02:03:30.000Z","volume":8000,"label":" ","price":15.76},{"type":"A","date":"2018-04-12T02:03:30.000Z","volume":2000,"label":" ","price":15.76},{"type":"A","date":"2018-04-12T02:03:30.000Z","volume":2000,"label":" ","price":15.76},{"type":"A","date":"2018-04-12T02:03:31.000Z","volume":2000,"label":" ","price":15.76},{"type":"A","date":"2018-04-12T02:03:32.000Z","volume":2000,"label":" ","price":15.76},{"type":"A","date":"2018-04-12T02:05:07.000Z","volume":2000,"label":" ","price":15.74},{"type":"A","date":"2018-04-12T02:05:07.000Z","volume":2000,"label":" ","price":15.74},{"type":"A","date":"2018-04-12T02:05:07.000Z","volume":2000,"label":" ","price":15.76},{"type":"B","date":"2018-04-12T02:32:01.000Z","volume":2000,"label":" ","price":15.66},{"type":"B","date":"2018-04-12T02:41:39.000Z","volume":2000,"label":" ","price":15.68},{"type":"A","date":"2018-04-12T02:41:40.000Z","volume":2000,"label":" ","price":15.74},{"type":"A","date":"2018-04-12T02:41:43.000Z","volume":2000,"label":" ","price":15.74},{"type":"A","date":"2018-04-12T02:43:00.000Z","volume":8000,"label":" ","price":15.74},{"type":"A","date":"2018-04-12T02:43:01.000Z","volume":2000,"label":" ","price":15.76},{"type":"B","date":"2018-04-12T02:43:04.000Z","volume":12000,"label":" ","price":15.74},{"type":"B","date":"2018-04-12T02:43:04.000Z","volume":6000,"label":" ","price":15.72},{"type":"B","date":"2018-04-12T02:43:04.000Z","volume":2000,"label":" ","price":15.74},{"type":"B","date":"2018-04-12T02:43:04.000Z","volume":2000,"label":" ","price":15.7},{"type":"B","date":"2018-04-12T02:43:04.000Z","volume":2000,"label":" ","price":15.74},{"type":"U","date":"2018-04-12T02:43:04.000Z","volume":2000,"label":" ","price":15.7},{"type":"A","date":"2018-04-12T02:43:05.000Z","volume":2000,"label":" ","price":15.72},{"type":"A","date":"2018-04-12T02:43:06.000Z","volume":2000,"label":" ","price":15.74},{"type":"A","date":"2018-04-12T02:45:05.000Z","volume":10000,"label":" ","price":15.72},{"type":"U","date":"2018-04-12T02:45:30.000Z","volume":2000,"label":"X","price":15.66},{"type":"A","date":"2018-04-12T02:50:22.000Z","volume":2000,"label":" ","price":15.72},{"type":"A","date":"2018-04-12T02:57:30.000Z","volume":20000,"label":" ","price":15.72},{"type":"A","date":"2018-04-12T02:57:30.000Z","volume":2000,"label":" ","price":15.72},{"type":"A","date":"2018-04-12T02:57:30.000Z","volume":2000,"label":"Y","price":15.72},{"type":"A","date":"2018-04-12T02:57:30.000Z","volume":2000,"label":" ","price":15.72},{"type":"A","date":"2018-04-12T02:57:30.000Z","volume":4000,"label":" ","price":15.74},{"type":"A","date":"2018-04-12T02:57:32.000Z","volume":2000,"label":" ","price":15.74},{"type":"U","date":"2018-04-12T02:57:32.000Z","volume":2000,"label":"X","price":15.62},{"type":"A","date":"2018-04-12T02:57:33.000Z","volume":2000,"label":" ","price":15.74},{"type":"A","date":"2018-04-12T02:58:19.000Z","volume":2000,"label":"Y","price":15.74},{"type":"A","date":"2018-04-12T02:58:19.000Z","volume":22000,"label":" ","price":15.74},{"type":"A","date":"2018-04-12T02:58:20.000Z","volume":6000,"label":" ","price":15.76},{"type":"B","date":"2018-04-12T02:58:20.000Z","volume":2000,"label":" ","price":15.72},{"type":"B","date":"2018-04-12T02:58:20.000Z","volume":2000,"label":" ","price":15.72},{"type":"A","date":"2018-04-12T02:58:21.000Z","volume":2000,"label":" ","price":15.76},{"type":"A","date":"2018-04-12T02:58:21.000Z","volume":2000,"label":"Y","price":15.76},{"type":"A","date":"2018-04-12T02:58:22.000Z","volume":2000,"label":" ","price":15.76},{"type":"U","date":"2018-04-12T03:01:55.000Z","volume":18000,"label":"X","price":15.74},{"type":"U","date":"2018-04-12T03:01:56.000Z","volume":20000,"label":"X","price":15.74},{"type":"U","date":"2018-04-12T03:01:56.000Z","volume":36000,"label":"X","price":15.74},{"type":"U","date":"2018-04-12T03:01:57.000Z","volume":4000,"label":"X","price":15.74},{"type":"A","date":"2018-04-12T03:03:41.000Z","volume":4000,"label":" ","price":15.76},{"type":"A","date":"2018-04-12T03:06:35.000Z","volume":2000,"label":" ","price":15.76},{"type":"A","date":"2018-04-12T03:08:21.000Z","volume":6000,"label":" ","price":15.76},{"type":"A","date":"2018-04-12T03:08:21.000Z","volume":14000,"label":" ","price":15.78},{"type":"A","date":"2018-04-12T03:08:21.000Z","volume":2000,"label":" ","price":15.78},{"type":"A","date":"2018-04-12T03:08:22.000Z","volume":6000,"label":" ","price":15.78},{"type":"A","date":"2018-04-12T03:08:24.000Z","volume":2000,"label":" ","price":15.8},{"type":"B","date":"2018-04-12T03:12:30.000Z","volume":2000,"label":" ","price":15.74},{"type":"B","date":"2018-04-12T03:12:30.000Z","volume":2000,"label":" ","price":15.78},{"type":"A","date":"2018-04-12T03:12:54.000Z","volume":2000,"label":" ","price":15.8},{"type":"B","date":"2018-04-12T03:13:04.000Z","volume":2000,"label":" ","price":15.76},{"type":"B","date":"2018-04-12T03:13:51.000Z","volume":2000,"label":" ","price":15.76},{"type":"B","date":"2018-04-12T03:13:51.000Z","volume":2000,"label":" ","price":15.76},{"type":"B","date":"2018-04-12T03:13:53.000Z","volume":2000,"label":" ","price":15.76},{"type":"B","date":"2018-04-12T03:13:53.000Z","volume":2000,"label":" ","price":15.76},{"type":"U","date":"2018-04-12T03:14:06.000Z","volume":6000,"label":"X","price":15.77},{"type":"B","date":"2018-04-12T03:23:54.000Z","volume":2000,"label":" ","price":15.74},{"type":"B","date":"2018-04-12T03:24:04.000Z","volume":2000,"label":" ","price":15.74},{"type":"B","date":"2018-04-12T03:24:05.000Z","volume":6000,"label":" ","price":15.74},{"type":"U","date":"2018-04-12T03:24:05.000Z","volume":2000,"label":" ","price":15.74},{"type":"B","date":"2018-04-12T03:24:06.000Z","volume":2000,"label":" ","price":15.72},{"type":"A","date":"2018-04-12T03:36:22.000Z","volume":2000,"label":" ","price":15.74},{"type":"B","date":"2018-04-12T03:55:22.000Z","volume":2000,"label":" ","price":15.72},{"type":"A","date":"2018-04-12T03:55:23.000Z","volume":2000,"label":" ","price":15.74},{"type":"A","date":"2018-04-12T03:55:23.000Z","volume":2000,"label":" ","price":15.74},{"type":"B","date":"2018-04-12T05:00:02.000Z","volume":2000,"label":" ","price":15.72},{"type":"B","date":"2018-04-12T05:00:05.000Z","volume":6000,"label":" ","price":15.72},{"type":"B","date":"2018-04-12T05:00:05.000Z","volume":4000,"label":" ","price":15.72},{"type":"B","date":"2018-04-12T05:00:05.000Z","volume":2000,"label":" ","price":15.72},{"type":"B","date":"2018-04-12T05:00:05.000Z","volume":2000,"label":" ","price":15.72},{"type":"B","date":"2018-04-12T05:00:05.000Z","volume":2000,"label":" ","price":15.72},{"type":"B","date":"2018-04-12T05:00:06.000Z","volume":2000,"label":" ","price":15.72},{"type":"B","date":"2018-04-12T05:00:06.000Z","volume":2000,"label":" ","price":15.72},{"type":"B","date":"2018-04-12T05:00:07.000Z","volume":2000,"label":" ","price":15.72},{"type":"B","date":"2018-04-12T05:00:07.000Z","volume":2000,"label":" ","price":15.72},{"type":"B","date":"2018-04-12T05:00:09.000Z","volume":4000,"label":" ","price":15.72},{"type":"B","date":"2018-04-12T05:01:17.000Z","volume":2000,"label":" ","price":15.7},{"type":"B","date":"2018-04-12T05:01:50.000Z","volume":2000,"label":" ","price":15.7},{"type":"B","date":"2018-04-12T05:03:38.000Z","volume":2000,"label":" ","price":15.7},{"type":"A","date":"2018-04-12T05:03:40.000Z","volume":2000,"label":" ","price":15.72},{"type":"B","date":"2018-04-12T05:04:20.000Z","volume":2000,"label":" ","price":15.7},{"type":"B","date":"2018-04-12T05:10:38.000Z","volume":2000,"label":" ","price":15.7},{"type":"B","date":"2018-04-12T05:10:39.000Z","volume":12000,"label":" ","price":15.7},{"type":"B","date":"2018-04-12T05:10:39.000Z","volume":34000,"label":" ","price":15.7},{"type":"B","date":"2018-04-12T05:10:39.000Z","volume":4000,"label":" ","price":15.7},{"type":"B","date":"2018-04-12T05:10:39.000Z","volume":2000,"label":" ","price":15.68},{"type":"B","date":"2018-04-12T05:10:40.000Z","volume":2000,"label":" ","price":15.68},{"type":"B","date":"2018-04-12T05:10:40.000Z","volume":6000,"label":" ","price":15.68},{"type":"B","date":"2018-04-12T05:10:43.000Z","volume":2000,"label":" ","price":15.64},{"type":"B","date":"2018-04-12T05:11:20.000Z","volume":6000,"label":" ","price":15.62},{"type":"B","date":"2018-04-12T05:11:20.000Z","volume":2000,"label":" ","price":15.62},{"type":"B","date":"2018-04-12T05:11:21.000Z","volume":2000,"label":" ","price":15.62},{"type":"B","date":"2018-04-12T05:11:35.000Z","volume":2000,"label":" ","price":15.62},{"type":"A","date":"2018-04-12T05:11:36.000Z","volume":2000,"label":" ","price":15.62},{"type":"B","date":"2018-04-12T05:12:15.000Z","volume":8000,"label":" ","price":15.6},{"type":"B","date":"2018-04-12T05:12:15.000Z","volume":2000,"label":" ","price":15.6},{"type":"U","date":"2018-04-12T05:12:16.000Z","volume":2000,"label":"X","price":15.6},{"type":"U","date":"2018-04-12T05:12:19.000Z","volume":2000,"label":"X","price":15.6},{"type":"B","date":"2018-04-12T05:12:47.000Z","volume":2000,"label":" ","price":15.6},{"type":"B","date":"2018-04-12T05:13:08.000Z","volume":4000,"label":" ","price":15.58},{"type":"U","date":"2018-04-12T05:13:09.000Z","volume":2000,"label":"X","price":15.59},{"type":"B","date":"2018-04-12T05:15:23.000Z","volume":2000,"label":" ","price":15.58},{"type":"A","date":"2018-04-12T05:15:27.000Z","volume":2000,"label":" ","price":15.6},{"type":"B","date":"2018-04-12T05:15:29.000Z","volume":2000,"label":" ","price":15.58},{"type":"B","date":"2018-04-12T05:18:55.000Z","volume":10000,"label":" ","price":15.58},{"type":"A","date":"2018-04-12T05:18:57.000Z","volume":2000,"label":" ","price":15.6},{"type":"B","date":"2018-04-12T05:21:54.000Z","volume":2000,"label":" ","price":15.58},{"type":"A","date":"2018-04-12T05:21:54.000Z","volume":2000,"label":"Y","price":15.6},{"type":"B","date":"2018-04-12T05:21:55.000Z","volume":2000,"label":" ","price":15.58},{"type":"B","date":"2018-04-12T05:21:58.000Z","volume":4000,"label":" ","price":15.58},{"type":"B","date":"2018-04-12T05:22:12.000Z","volume":4000,"label":" ","price":15.58},{"type":"B","date":"2018-04-12T05:22:12.000Z","volume":2000,"label":" ","price":15.58},{"type":"B","date":"2018-04-12T05:22:14.000Z","volume":2000,"label":" ","price":15.58},{"type":"B","date":"2018-04-12T05:23:29.000Z","volume":4000,"label":" ","price":15.58},{"type":"B","date":"2018-04-12T05:24:40.000Z","volume":4000,"label":" ","price":15.56},{"type":"B","date":"2018-04-12T05:24:40.000Z","volume":2000,"label":" ","price":15.56},{"type":"U","date":"2018-04-12T05:24:42.000Z","volume":2000,"label":"X","price":15.56},{"type":"A","date":"2018-04-12T05:27:54.000Z","volume":2000,"label":" ","price":15.56},{"type":"B","date":"2018-04-12T05:33:35.000Z","volume":2000,"label":" ","price":15.54},{"type":"B","date":"2018-04-12T05:33:35.000Z","volume":2000,"label":" ","price":15.54},{"type":"A","date":"2018-04-12T05:34:04.000Z","volume":58000,"label":" ","price":15.56},{"type":"A","date":"2018-04-12T05:34:04.000Z","volume":2000,"label":"Y","price":15.58},{"type":"A","date":"2018-04-12T05:34:04.000Z","volume":6000,"label":" ","price":15.58},{"type":"A","date":"2018-04-12T05:34:04.000Z","volume":20000,"label":" ","price":15.58},{"type":"A","date":"2018-04-12T05:34:05.000Z","volume":2000,"label":"Y","price":15.6},{"type":"A","date":"2018-04-12T05:34:06.000Z","volume":2000,"label":" ","price":15.6},{"type":"A","date":"2018-04-12T05:34:06.000Z","volume":2000,"label":" ","price":15.62},{"type":"A","date":"2018-04-12T05:34:06.000Z","volume":4000,"label":"Y","price":15.62},{"type":"A","date":"2018-04-12T05:34:07.000Z","volume":2000,"label":" ","price":15.64},{"type":"A","date":"2018-04-12T05:34:07.000Z","volume":2000,"label":" ","price":15.66},{"type":"A","date":"2018-04-12T05:34:08.000Z","volume":8000,"label":" ","price":15.66},{"type":"B","date":"2018-04-12T05:34:18.000Z","volume":34000,"label":" ","price":15.64},{"type":"B","date":"2018-04-12T05:34:19.000Z","volume":16000,"label":" ","price":15.62},{"type":"B","date":"2018-04-12T05:34:19.000Z","volume":2000,"label":" ","price":15.62},{"type":"B","date":"2018-04-12T05:34:19.000Z","volume":4000,"label":" ","price":15.62},{"type":"A","date":"2018-04-12T05:34:19.000Z","volume":2000,"label":" ","price":15.64},{"type":"A","date":"2018-04-12T05:34:19.000Z","volume":2000,"label":" ","price":15.64},{"type":"B","date":"2018-04-12T05:34:19.000Z","volume":2000,"label":" ","price":15.6},{"type":"B","date":"2018-04-12T05:34:21.000Z","volume":16000,"label":" ","price":15.58},{"type":"A","date":"2018-04-12T05:34:21.000Z","volume":2000,"label":" ","price":15.6},{"type":"B","date":"2018-04-12T05:34:24.000Z","volume":8000,"label":" ","price":15.56},{"type":"B","date":"2018-04-12T05:35:31.000Z","volume":2000,"label":" ","price":15.54},{"type":"B","date":"2018-04-12T05:36:00.000Z","volume":2000,"label":" ","price":15.54},{"type":"B","date":"2018-04-12T05:36:01.000Z","volume":2000,"label":"Y","price":15.54},{"type":"B","date":"2018-04-12T05:36:01.000Z","volume":2000,"label":" ","price":15.54},{"type":"B","date":"2018-04-12T05:36:02.000Z","volume":2000,"label":" ","price":15.54},{"type":"A","date":"2018-04-12T05:40:03.000Z","volume":2000,"label":" ","price":15.56},{"type":"B","date":"2018-04-12T05:44:16.000Z","volume":4000,"label":" ","price":15.54},{"type":"B","date":"2018-04-12T05:46:45.000Z","volume":4000,"label":" ","price":15.54},{"type":"U","date":"2018-04-12T05:46:45.000Z","volume":2000,"label":"X","price":15.54},{"type":"B","date":"2018-04-12T05:48:54.000Z","volume":10000,"label":" ","price":15.52},{"type":"A","date":"2018-04-12T05:48:54.000Z","volume":4000,"label":" ","price":15.54},{"type":"A","date":"2018-04-12T05:49:06.000Z","volume":2000,"label":" ","price":15.54},{"type":"A","date":"2018-04-12T05:53:07.000Z","volume":2000,"label":" ","price":15.54},{"type":"A","date":"2018-04-12T05:53:09.000Z","volume":2000,"label":" ","price":15.54},{"type":"B","date":"2018-04-12T05:53:09.000Z","volume":2000,"label":" ","price":15.52},{"type":"A","date":"2018-04-12T05:53:09.000Z","volume":2000,"label":" ","price":15.54},{"type":"A","date":"2018-04-12T05:53:09.000Z","volume":2000,"label":" ","price":15.54},{"type":"A","date":"2018-04-12T05:53:09.000Z","volume":2000,"label":" ","price":15.54},{"type":"A","date":"2018-04-12T05:53:10.000Z","volume":2000,"label":" ","price":15.54},{"type":"U","date":"2018-04-12T05:53:11.000Z","volume":2000,"label":"X","price":15.52},{"type":"U","date":"2018-04-12T05:53:49.000Z","volume":2000,"label":"X","price":15.52},{"type":"U","date":"2018-04-12T05:53:49.000Z","volume":2000,"label":"X","price":15.52},{"type":"B","date":"2018-04-12T05:54:01.000Z","volume":6000,"label":" ","price":15.52},{"type":"B","date":"2018-04-12T05:54:01.000Z","volume":2000,"label":" ","price":15.52},{"type":"B","date":"2018-04-12T05:57:38.000Z","volume":10000,"label":" ","price":15.52},{"type":"A","date":"2018-04-12T05:57:38.000Z","volume":2000,"label":" ","price":15.52},{"type":"A","date":"2018-04-12T05:57:38.000Z","volume":4000,"label":" ","price":15.54},{"type":"A","date":"2018-04-12T05:57:38.000Z","volume":2000,"label":" ","price":15.54},{"type":"U","date":"2018-04-12T05:57:38.000Z","volume":2000,"label":" ","price":15.52},{"type":"B","date":"2018-04-12T06:00:58.000Z","volume":4000,"label":" ","price":15.52},{"type":"A","date":"2018-04-12T06:12:07.000Z","volume":2000,"label":" ","price":15.52},{"type":"B","date":"2018-04-12T06:15:50.000Z","volume":2000,"label":" ","price":15.5},{"type":"A","date":"2018-04-12T06:15:54.000Z","volume":2000,"label":" ","price":15.52},{"type":"B","date":"2018-04-12T06:17:51.000Z","volume":2000,"label":" ","price":15.5},{"type":"B","date":"2018-04-12T06:18:33.000Z","volume":2000,"label":" ","price":15.5},{"type":"A","date":"2018-04-12T06:18:36.000Z","volume":2000,"label":" ","price":15.52},{"type":"A","date":"2018-04-12T06:18:44.000Z","volume":28000,"label":" ","price":15.52},{"type":"A","date":"2018-04-12T06:18:44.000Z","volume":2000,"label":" ","price":15.52},{"type":"A","date":"2018-04-12T06:18:44.000Z","volume":4000,"label":" ","price":15.52},{"type":"A","date":"2018-04-12T06:18:44.000Z","volume":4000,"label":" ","price":15.52},{"type":"A","date":"2018-04-12T06:18:45.000Z","volume":2000,"label":" ","price":15.52},{"type":"B","date":"2018-04-12T06:19:49.000Z","volume":20000,"label":" ","price":15.52},{"type":"B","date":"2018-04-12T06:19:49.000Z","volume":4000,"label":" ","price":15.52},{"type":"A","date":"2018-04-12T06:22:48.000Z","volume":2000,"label":" ","price":15.54},{"type":"A","date":"2018-04-12T06:26:07.000Z","volume":2000,"label":" ","price":15.54},{"type":"A","date":"2018-04-12T06:26:14.000Z","volume":2000,"label":" ","price":15.54},{"type":"A","date":"2018-04-12T06:26:51.000Z","volume":4000,"label":" ","price":15.54},{"type":"A","date":"2018-04-12T06:27:07.000Z","volume":2000,"label":" ","price":15.54},{"type":"B","date":"2018-04-12T06:27:12.000Z","volume":16000,"label":" ","price":15.52},{"type":"A","date":"2018-04-12T06:27:12.000Z","volume":2000,"label":" ","price":15.52},{"type":"A","date":"2018-04-12T06:27:13.000Z","volume":10000,"label":" ","price":15.52},{"type":"B","date":"2018-04-12T06:29:34.000Z","volume":28000,"label":" ","price":15.52},{"type":"A","date":"2018-04-12T06:29:34.000Z","volume":2000,"label":" ","price":15.52},{"type":"U","date":"2018-04-12T06:29:36.000Z","volume":4000,"label":"X","price":15.5},{"type":"B","date":"2018-04-12T06:30:02.000Z","volume":16000,"label":" ","price":15.5},{"type":"A","date":"2018-04-12T06:36:37.000Z","volume":2000,"label":" ","price":15.48},{"type":"A","date":"2018-04-12T06:37:03.000Z","volume":6000,"label":" ","price":15.48},{"type":"B","date":"2018-04-12T06:49:07.000Z","volume":4000,"label":"Y","price":15.44},{"type":"B","date":"2018-04-12T06:49:07.000Z","volume":8000,"label":" ","price":15.44},{"type":"B","date":"2018-04-12T06:49:07.000Z","volume":16000,"label":" ","price":15.42},{"type":"B","date":"2018-04-12T06:49:07.000Z","volume":32000,"label":" ","price":15.4},{"type":"B","date":"2018-04-12T06:49:07.000Z","volume":2000,"label":" ","price":15.4},{"type":"A","date":"2018-04-12T06:49:09.000Z","volume":4000,"label":" ","price":15.4},{"type":"A","date":"2018-04-12T06:49:11.000Z","volume":4000,"label":" ","price":15.4},{"type":"A","date":"2018-04-12T06:49:11.000Z","volume":6000,"label":" ","price":15.4},{"type":"A","date":"2018-04-12T06:49:11.000Z","volume":2000,"label":"Y","price":15.4},{"type":"A","date":"2018-04-12T06:49:11.000Z","volume":8000,"label":" ","price":15.4},{"type":"A","date":"2018-04-12T06:49:11.000Z","volume":2000,"label":" ","price":15.4},{"type":"A","date":"2018-04-12T06:49:11.000Z","volume":2000,"label":" ","price":15.4},{"type":"A","date":"2018-04-12T06:49:11.000Z","volume":2000,"label":" ","price":15.4},{"type":"A","date":"2018-04-12T06:49:12.000Z","volume":2000,"label":" ","price":15.4},{"type":"A","date":"2018-04-12T06:49:13.000Z","volume":2000,"label":"Y","price":15.4},{"type":"A","date":"2018-04-12T06:49:13.000Z","volume":2000,"label":" ","price":15.4},{"type":"U","date":"2018-04-12T06:49:20.000Z","volume":2000,"label":" ","price":15.4},{"type":"U","date":"2018-04-12T06:49:20.000Z","volume":2000,"label":" ","price":15.4},{"type":"B","date":"2018-04-12T06:50:07.000Z","volume":6000,"label":" ","price":15.4},{"type":"B","date":"2018-04-12T06:54:20.000Z","volume":2000,"label":" ","price":15.38},{"type":"B","date":"2018-04-12T06:59:01.000Z","volume":2000,"label":" ","price":15.38},{"type":"B","date":"2018-04-12T07:01:17.000Z","volume":2000,"label":" ","price":15.38},{"type":"A","date":"2018-04-12T07:05:36.000Z","volume":10000,"label":" ","price":15.4},{"type":"B","date":"2018-04-12T07:05:36.000Z","volume":4000,"label":" ","price":15.38},{"type":"A","date":"2018-04-12T07:05:36.000Z","volume":2000,"label":" ","price":15.4},{"type":"A","date":"2018-04-12T07:05:37.000Z","volume":2000,"label":" ","price":15.4},{"type":"A","date":"2018-04-12T07:05:39.000Z","volume":2000,"label":" ","price":15.4},{"type":"A","date":"2018-04-12T07:08:45.000Z","volume":22000,"label":" ","price":15.4},{"type":"A","date":"2018-04-12T07:08:45.000Z","volume":2000,"label":" ","price":15.42},{"type":"A","date":"2018-04-12T07:08:45.000Z","volume":10000,"label":" ","price":15.42},{"type":"B","date":"2018-04-12T07:08:45.000Z","volume":18000,"label":" ","price":15.38},{"type":"A","date":"2018-04-12T07:08:47.000Z","volume":2000,"label":" ","price":15.44},{"type":"B","date":"2018-04-12T07:09:21.000Z","volume":10000,"label":" ","price":15.42},{"type":"B","date":"2018-04-12T07:09:22.000Z","volume":22000,"label":" ","price":15.42},{"type":"B","date":"2018-04-12T07:09:22.000Z","volume":2000,"label":" ","price":15.38},{"type":"A","date":"2018-04-12T07:13:37.000Z","volume":2000,"label":" ","price":15.42},{"type":"A","date":"2018-04-12T07:15:27.000Z","volume":2000,"label":" ","price":15.42},{"type":"A","date":"2018-04-12T07:15:48.000Z","volume":2000,"label":" ","price":15.4},{"type":"A","date":"2018-04-12T07:15:50.000Z","volume":2000,"label":" ","price":15.4},{"type":"A","date":"2018-04-12T07:15:53.000Z","volume":2000,"label":" ","price":15.4},{"type":"B","date":"2018-04-12T07:22:35.000Z","volume":2000,"label":" ","price":15.36},{"type":"A","date":"2018-04-12T07:23:08.000Z","volume":32000,"label":" ","price":15.38},{"type":"B","date":"2018-04-12T07:23:08.000Z","volume":6000,"label":" ","price":15.38},{"type":"A","date":"2018-04-12T07:23:08.000Z","volume":2000,"label":" ","price":15.4},{"type":"A","date":"2018-04-12T07:23:10.000Z","volume":2000,"label":" ","price":15.4},{"type":"A","date":"2018-04-12T07:23:10.000Z","volume":2000,"label":" ","price":15.4},{"type":"B","date":"2018-04-12T07:25:43.000Z","volume":30000,"label":" ","price":15.38},{"type":"B","date":"2018-04-12T07:25:43.000Z","volume":4000,"label":" ","price":15.38},{"type":"B","date":"2018-04-12T07:25:43.000Z","volume":2000,"label":"Y","price":15.38},{"type":"A","date":"2018-04-12T07:26:23.000Z","volume":2000,"label":" ","price":15.4},{"type":"A","date":"2018-04-12T07:26:24.000Z","volume":2000,"label":" ","price":15.4},{"type":"B","date":"2018-04-12T07:29:02.000Z","volume":2000,"label":" ","price":15.38},{"type":"B","date":"2018-04-12T07:29:02.000Z","volume":2000,"label":" ","price":15.38},{"type":"A","date":"2018-04-12T07:29:27.000Z","volume":2000,"label":" ","price":15.4},{"type":"B","date":"2018-04-12T07:29:30.000Z","volume":2000,"label":"Y","price":15.38},{"type":"A","date":"2018-04-12T07:29:32.000Z","volume":2000,"label":" ","price":15.4},{"type":"A","date":"2018-04-12T07:30:05.000Z","volume":6000,"label":" ","price":15.4},{"type":"A","date":"2018-04-12T07:31:58.000Z","volume":2000,"label":" ","price":15.4},{"type":"A","date":"2018-04-12T07:31:59.000Z","volume":2000,"label":" ","price":15.4},{"type":"B","date":"2018-04-12T07:32:01.000Z","volume":2000,"label":" ","price":15.38},{"type":"A","date":"2018-04-12T07:32:53.000Z","volume":4000,"label":" ","price":15.4},{"type":"A","date":"2018-04-12T07:34:37.000Z","volume":2000,"label":" ","price":15.4},{"type":"A","date":"2018-04-12T07:36:30.000Z","volume":2000,"label":" ","price":15.4},{"type":"A","date":"2018-04-12T07:36:55.000Z","volume":8000,"label":" ","price":15.4},{"type":"A","date":"2018-04-12T07:36:55.000Z","volume":2000,"label":" ","price":15.4},{"type":"A","date":"2018-04-12T07:36:55.000Z","volume":2000,"label":" ","price":15.4},{"type":"B","date":"2018-04-12T07:36:55.000Z","volume":2000,"label":"Y","price":15.38},{"type":"A","date":"2018-04-12T07:36:55.000Z","volume":2000,"label":" ","price":15.4},{"type":"A","date":"2018-04-12T07:36:57.000Z","volume":6000,"label":" ","price":15.4},{"type":"A","date":"2018-04-12T07:36:57.000Z","volume":42000,"label":" ","price":15.42},{"type":"A","date":"2018-04-12T07:36:57.000Z","volume":4000,"label":" ","price":15.42},{"type":"A","date":"2018-04-12T07:36:57.000Z","volume":4000,"label":" ","price":15.42},{"type":"A","date":"2018-04-12T07:36:57.000Z","volume":2000,"label":"Y","price":15.42},{"type":"A","date":"2018-04-12T07:36:57.000Z","volume":2000,"label":" ","price":15.42},{"type":"B","date":"2018-04-12T07:40:20.000Z","volume":2000,"label":" ","price":15.42},{"type":"B","date":"2018-04-12T07:41:52.000Z","volume":26000,"label":" ","price":15.42},{"type":"B","date":"2018-04-12T07:41:52.000Z","volume":4000,"label":"Y","price":15.42},{"type":"B","date":"2018-04-12T07:41:52.000Z","volume":2000,"label":" ","price":15.42},{"type":"B","date":"2018-04-12T07:41:55.000Z","volume":2000,"label":"Y","price":15.42},{"type":"B","date":"2018-04-12T07:41:55.000Z","volume":10000,"label":" ","price":15.42},{"type":"A","date":"2018-04-12T07:42:56.000Z","volume":10000,"label":" ","price":15.42},{"type":"A","date":"2018-04-12T07:42:56.000Z","volume":2000,"label":" ","price":15.42},{"type":"A","date":"2018-04-12T07:42:58.000Z","volume":2000,"label":" ","price":15.42},{"type":"B","date":"2018-04-12T07:42:58.000Z","volume":2000,"label":"Y","price":15.4},{"type":"B","date":"2018-04-12T07:43:28.000Z","volume":2000,"label":" ","price":15.4},{"type":"B","date":"2018-04-12T07:44:24.000Z","volume":10000,"label":" ","price":15.4},{"type":"B","date":"2018-04-12T07:44:25.000Z","volume":2000,"label":" ","price":15.4},{"type":"B","date":"2018-04-12T07:45:01.000Z","volume":10000,"label":" ","price":15.4},{"type":"A","date":"2018-04-12T07:45:25.000Z","volume":2000,"label":" ","price":15.42},{"type":"B","date":"2018-04-12T07:45:25.000Z","volume":2000,"label":" ","price":15.4},{"type":"B","date":"2018-04-12T07:48:09.000Z","volume":2000,"label":" ","price":15.4},{"type":"A","date":"2018-04-12T07:50:22.000Z","volume":2000,"label":" ","price":15.42},{"type":"A","date":"2018-04-12T07:50:26.000Z","volume":2000,"label":" ","price":15.42},{"type":"B","date":"2018-04-12T07:52:16.000Z","volume":66000,"label":" ","price":15.4},{"type":"B","date":"2018-04-12T07:52:16.000Z","volume":2000,"label":" ","price":15.4},{"type":"B","date":"2018-04-12T07:52:16.000Z","volume":12000,"label":" ","price":15.38},{"type":"A","date":"2018-04-12T07:52:17.000Z","volume":12000,"label":" ","price":15.4},{"type":"A","date":"2018-04-12T07:52:18.000Z","volume":2000,"label":"Y","price":15.4},{"type":"B","date":"2018-04-12T07:52:18.000Z","volume":2000,"label":" ","price":15.38},{"type":"B","date":"2018-04-12T07:52:18.000Z","volume":8000,"label":" ","price":15.4},{"type":"B","date":"2018-04-12T07:52:19.000Z","volume":2000,"label":" ","price":15.38},{"type":"B","date":"2018-04-12T07:53:35.000Z","volume":2000,"label":" ","price":15.38},{"type":"B","date":"2018-04-12T07:53:35.000Z","volume":2000,"label":" ","price":15.38},{"type":"B","date":"2018-04-12T07:54:14.000Z","volume":2000,"label":" ","price":15.38},{"type":"B","date":"2018-04-12T07:54:15.000Z","volume":2000,"label":" ","price":15.38},{"type":"B","date":"2018-04-12T07:54:16.000Z","volume":2000,"label":" ","price":15.4},{"type":"U","date":"2018-04-12T07:56:09.000Z","volume":1000,"label":"D","price":15.3},{"type":"B","date":"2018-04-12T07:56:19.000Z","volume":26000,"label":" ","price":15.4},{"type":"B","date":"2018-04-12T07:56:19.000Z","volume":30000,"label":" ","price":15.4},{"type":"B","date":"2018-04-12T07:56:20.000Z","volume":4000,"label":" ","price":15.38},{"type":"U","date":"2018-04-12T07:56:20.000Z","volume":2000,"label":" ","price":15.4},{"type":"A","date":"2018-04-12T07:56:20.000Z","volume":4000,"label":" ","price":15.4},{"type":"A","date":"2018-04-12T07:56:20.000Z","volume":4000,"label":" ","price":15.4},{"type":"A","date":"2018-04-12T07:56:20.000Z","volume":2000,"label":" ","price":15.4},{"type":"A","date":"2018-04-12T07:56:21.000Z","volume":4000,"label":" ","price":15.42},{"type":"A","date":"2018-04-12T07:56:22.000Z","volume":4000,"label":" ","price":15.44},{"type":"A","date":"2018-04-12T07:56:22.000Z","volume":2000,"label":" ","price":15.48},{"type":"A","date":"2018-04-12T07:56:32.000Z","volume":8000,"label":" ","price":15.48},{"type":"B","date":"2018-04-12T07:56:32.000Z","volume":2000,"label":"Y","price":15.4},{"type":"A","date":"2018-04-12T07:56:36.000Z","volume":2000,"label":" ","price":15.48},{"type":"A","date":"2018-04-12T07:56:36.000Z","volume":2000,"label":" ","price":15.48},{"type":"A","date":"2018-04-12T07:56:36.000Z","volume":2000,"label":" ","price":15.48},{"type":"A","date":"2018-04-12T07:56:42.000Z","volume":8000,"label":" ","price":15.48},{"type":"B","date":"2018-04-12T07:56:42.000Z","volume":2000,"label":" ","price":15.42},{"type":"A","date":"2018-04-12T07:56:46.000Z","volume":2000,"label":" ","price":15.46},{"type":"A","date":"2018-04-12T07:56:46.000Z","volume":2000,"label":" ","price":15.48},{"type":"A","date":"2018-04-12T07:56:52.000Z","volume":4000,"label":" ","price":15.48},{"type":"B","date":"2018-04-12T07:56:53.000Z","volume":2000,"label":"Y","price":15.44},{"type":"A","date":"2018-04-12T07:56:53.000Z","volume":4000,"label":" ","price":15.48},{"type":"A","date":"2018-04-12T07:56:54.000Z","volume":2000,"label":" ","price":15.48},{"type":"A","date":"2018-04-12T07:56:55.000Z","volume":4000,"label":" ","price":15.48},{"type":"A","date":"2018-04-12T07:56:55.000Z","volume":6000,"label":" ","price":15.48},{"type":"A","date":"2018-04-12T07:56:57.000Z","volume":2000,"label":" ","price":15.48},{"type":"B","date":"2018-04-12T07:58:48.000Z","volume":2000,"label":" ","price":15.44},{"type":"A","date":"2018-04-12T07:59:00.000Z","volume":2000,"label":" ","price":15.48},{"type":"A","date":"2018-04-12T07:59:03.000Z","volume":6000,"label":" ","price":15.48},{"type":"B","date":"2018-04-12T07:59:03.000Z","volume":2000,"label":"Y","price":15.44},{"type":"B","date":"2018-04-12T07:59:20.000Z","volume":4000,"label":" ","price":15.44},{"type":"B","date":"2018-04-12T07:59:23.000Z","volume":2000,"label":" ","price":15.42},{"type":"B","date":"2018-04-12T07:59:23.000Z","volume":2000,"label":" ","price":15.42},{"type":"B","date":"2018-04-12T07:59:24.000Z","volume":2000,"label":"Y","price":15.4},{"type":"U","date":"2018-04-12T07:59:25.000Z","volume":2000,"label":"X","price":15.44},{"type":"B","date":"2018-04-12T07:59:39.000Z","volume":2000,"label":" ","price":15.4},{"type":"A","date":"2018-04-12T07:59:40.000Z","volume":2000,"label":" ","price":15.44},{"type":"A","date":"2018-04-12T07:59:50.000Z","volume":2000,"label":" ","price":15.46},{"type":"U","date":"2018-04-12T08:08:38.000Z","volume":94000,"label":"U","price":15.42}]