[{"type":"A","date":"2018-03-22T01:30:41.000Z","volume":500,"label":" ","price":31.55},{"type":"B","date":"2018-03-22T01:35:58.000Z","volume":1000,"label":" ","price":31.5},{"type":"B","date":"2018-03-22T01:48:09.000Z","volume":5000,"label":" ","price":31.5},{"type":"B","date":"2018-03-22T01:48:18.000Z","volume":500,"label":" ","price":31.4},{"type":"A","date":"2018-03-22T02:01:53.000Z","volume":500,"label":" ","price":31.5},{"type":"B","date":"2018-03-22T02:11:52.000Z","volume":1000,"label":"Y","price":31.4},{"type":"B","date":"2018-03-22T02:11:52.000Z","volume":1000,"label":" ","price":31.4},{"type":"B","date":"2018-03-22T02:13:48.000Z","volume":1000,"label":" ","price":31.4},{"type":"B","date":"2018-03-22T02:23:21.000Z","volume":500,"label":" ","price":31.4},{"type":"B","date":"2018-03-22T02:31:38.000Z","volume":500,"label":"Y","price":31.45},{"type":"A","date":"2018-03-22T02:36:54.000Z","volume":500,"label":" ","price":31.45},{"type":"A","date":"2018-03-22T02:38:49.000Z","volume":500,"label":" ","price":31.45},{"type":"B","date":"2018-03-22T02:42:03.000Z","volume":500,"label":" ","price":31.4},{"type":"A","date":"2018-03-22T02:43:54.000Z","volume":500,"label":" ","price":31.45},{"type":"A","date":"2018-03-22T02:57:01.000Z","volume":500,"label":" ","price":31.45},{"type":"A","date":"2018-03-22T02:57:01.000Z","volume":1000,"label":" ","price":31.5},{"type":"A","date":"2018-03-22T02:57:01.000Z","volume":4500,"label":" ","price":31.55},{"type":"B","date":"2018-03-22T02:57:22.000Z","volume":500,"label":" ","price":31.4},{"type":"B","date":"2018-03-22T03:05:31.000Z","volume":500,"label":" ","price":31.45},{"type":"B","date":"2018-03-22T03:14:54.000Z","volume":500,"label":" ","price":31.4},{"type":"B","date":"2018-03-22T03:15:53.000Z","volume":500,"label":" ","price":31.45},{"type":"A","date":"2018-03-22T03:18:17.000Z","volume":1000,"label":" ","price":31.45},{"type":"B","date":"2018-03-22T03:20:46.000Z","volume":500,"label":" ","price":31.45},{"type":"B","date":"2018-03-22T03:21:23.000Z","volume":500,"label":" ","price":31.45},{"type":"A","date":"2018-03-22T03:46:42.000Z","volume":500,"label":" ","price":31.45},{"type":"B","date":"2018-03-22T03:49:05.000Z","volume":500,"label":" ","price":31.4},{"type":"U","date":"2018-03-22T03:56:57.000Z","volume":500,"label":"X","price":31.425},{"type":"B","date":"2018-03-22T03:59:23.000Z","volume":500,"label":" ","price":31.4},{"type":"A","date":"2018-03-22T05:00:00.000Z","volume":500,"label":"Y","price":31.45},{"type":"A","date":"2018-03-22T05:00:00.000Z","volume":500,"label":" ","price":31.45},{"type":"B","date":"2018-03-22T05:00:05.000Z","volume":500,"label":" ","price":31.45},{"type":"B","date":"2018-03-22T05:00:05.000Z","volume":1000,"label":" ","price":31.4},{"type":"B","date":"2018-03-22T05:09:55.000Z","volume":3000,"label":" ","price":31.4},{"type":"B","date":"2018-03-22T05:15:59.000Z","volume":500,"label":" ","price":31.45},{"type":"A","date":"2018-03-22T05:37:29.000Z","volume":500,"label":" ","price":31.45},{"type":"B","date":"2018-03-22T06:09:37.000Z","volume":3000,"label":" ","price":31.4},{"type":"B","date":"2018-03-22T06:17:33.000Z","volume":7000,"label":" ","price":31.4},{"type":"A","date":"2018-03-22T06:17:46.000Z","volume":500,"label":" ","price":31.45},{"type":"B","date":"2018-03-22T06:18:22.000Z","volume":8000,"label":" ","price":31.4},{"type":"U","date":"2018-03-22T06:24:03.000Z","volume":500,"label":"X","price":31.35},{"type":"B","date":"2018-03-22T06:25:52.000Z","volume":2000,"label":" ","price":31.35},{"type":"B","date":"2018-03-22T06:26:03.000Z","volume":500,"label":" ","price":31.35},{"type":"B","date":"2018-03-22T06:26:12.000Z","volume":500,"label":" ","price":31.35},{"type":"B","date":"2018-03-22T06:28:25.000Z","volume":500,"label":" ","price":31.35},{"type":"B","date":"2018-03-22T06:28:45.000Z","volume":15000,"label":" ","price":31.3},{"type":"A","date":"2018-03-22T06:28:45.000Z","volume":500,"label":"Y","price":31.35},{"type":"A","date":"2018-03-22T06:28:45.000Z","volume":500,"label":" ","price":31.35},{"type":"B","date":"2018-03-22T06:42:28.000Z","volume":500,"label":" ","price":31.3},{"type":"B","date":"2018-03-22T06:47:32.000Z","volume":1500,"label":" ","price":31.3},{"type":"B","date":"2018-03-22T07:08:04.000Z","volume":11500,"label":" ","price":31.3},{"type":"B","date":"2018-03-22T07:08:05.000Z","volume":3500,"label":" ","price":31.25},{"type":"B","date":"2018-03-22T07:09:52.000Z","volume":500,"label":" ","price":31.25},{"type":"U","date":"2018-03-22T07:12:05.000Z","volume":500,"label":"X","price":31.25},{"type":"B","date":"2018-03-22T07:17:25.000Z","volume":500,"label":" ","price":31.25},{"type":"A","date":"2018-03-22T07:27:43.000Z","volume":3000,"label":" ","price":31.3},{"type":"A","date":"2018-03-22T07:31:52.000Z","volume":1000,"label":" ","price":31.3},{"type":"B","date":"2018-03-22T07:37:08.000Z","volume":500,"label":"Y","price":31.25},{"type":"B","date":"2018-03-22T07:37:08.000Z","volume":500,"label":" ","price":31.25},{"type":"B","date":"2018-03-22T07:39:26.000Z","volume":10000,"label":" ","price":31.25},{"type":"U","date":"2018-03-22T07:46:34.000Z","volume":500,"label":"X","price":31.275},{"type":"B","date":"2018-03-22T07:48:33.000Z","volume":1000,"label":" ","price":31.25},{"type":"B","date":"2018-03-22T07:49:27.000Z","volume":500,"label":" ","price":31.25},{"type":"A","date":"2018-03-22T07:52:30.000Z","volume":5000,"label":" ","price":31.3},{"type":"A","date":"2018-03-22T07:52:30.000Z","volume":1500,"label":" ","price":31.3},{"type":"A","date":"2018-03-22T07:53:34.000Z","volume":500,"label":" ","price":31.3},{"type":"A","date":"2018-03-22T07:55:21.000Z","volume":500,"label":"Y","price":31.3},{"type":"A","date":"2018-03-22T07:56:08.000Z","volume":1000,"label":" ","price":31.3},{"type":"A","date":"2018-03-22T07:57:40.000Z","volume":5000,"label":" ","price":31.3},{"type":"A","date":"2018-03-22T07:57:40.000Z","volume":500,"label":" ","price":31.3},{"type":"B","date":"2018-03-22T07:58:39.000Z","volume":10000,"label":" ","price":31.25},{"type":"A","date":"2018-03-22T07:58:39.000Z","volume":1000,"label":" ","price":31.3},{"type":"A","date":"2018-03-22T07:58:50.000Z","volume":1000,"label":" ","price":31.3},{"type":"B","date":"2018-03-22T07:59:02.000Z","volume":500,"label":" ","price":31.25},{"type":"A","date":"2018-03-22T07:59:04.000Z","volume":500,"label":" ","price":31.3},{"type":"B","date":"2018-03-22T07:59:07.000Z","volume":500,"label":" ","price":31.25},{"type":"A","date":"2018-03-22T07:59:47.000Z","volume":2000,"label":" ","price":31.3},{"type":"U","date":"2018-03-22T08:08:15.000Z","volume":6000,"label":"U","price":31.25}]