[{"type":"A","date":"2018-03-14T07:59:55.000Z","volume":10000,"price":44,"category":"ubbull"},{"type":"A","date":"2018-03-14T07:59:44.000Z","volume":6000,"price":44,"category":"ubbull"},{"type":"A","date":"2018-03-14T07:57:18.000Z","volume":6000,"price":43.95,"category":"ubbull"},{"type":"A","date":"2018-03-14T07:57:18.000Z","volume":22500,"price":43.95,"category":"ubbull"},{"type":"A","date":"2018-03-14T07:57:18.000Z","volume":10500,"price":43.95,"category":"ubbull"},{"type":"A","date":"2018-03-14T07:57:18.000Z","volume":8000,"price":43.95,"category":"ubbull"},{"type":"A","date":"2018-03-14T07:51:14.000Z","volume":7500,"price":43.95,"category":"ubbull"},{"type":"A","date":"2018-03-14T07:50:04.000Z","volume":10000,"price":43.95,"category":"ubbull"},{"type":"A","date":"2018-03-14T07:48:43.000Z","volume":9500,"price":43.95,"category":"ubbull"},{"type":"A","date":"2018-03-14T07:46:45.000Z","volume":10500,"price":43.9,"category":"ubbull"},{"type":"A","date":"2018-03-14T07:46:45.000Z","volume":9000,"price":43.9,"category":"ubbull"},{"type":"A","date":"2018-03-14T07:46:45.000Z","volume":94000,"price":43.9,"category":"ubbull"},{"type":"A","date":"2018-03-14T07:46:45.000Z","volume":6000,"price":43.9,"category":"ubbull"},{"type":"A","date":"2018-03-14T07:33:11.000Z","volume":8500,"price":43.9,"category":"ubbull"},{"type":"A","date":"2018-03-14T07:32:16.000Z","volume":10000,"price":43.85,"category":"ubbull"},{"type":"A","date":"2018-03-14T07:27:26.000Z","volume":26500,"price":43.85,"category":"ubbull"},{"type":"A","date":"2018-03-14T07:21:06.000Z","volume":14500,"price":43.85,"category":"ubbull"},{"type":"A","date":"2018-03-14T07:21:06.000Z","volume":48000,"price":43.85,"category":"ubbull"},{"type":"A","date":"2018-03-14T07:07:13.000Z","volume":8500,"price":43.8,"category":"ubbull"},{"type":"A","date":"2018-03-14T07:05:41.000Z","volume":6500,"price":43.8,"category":"ubbull"},{"type":"A","date":"2018-03-14T07:05:41.000Z","volume":10000,"price":43.8,"category":"ubbull"},{"type":"A","date":"2018-03-14T07:05:19.000Z","volume":10000,"price":43.8,"category":"ubbull"},{"type":"A","date":"2018-03-14T07:04:30.000Z","volume":10000,"price":43.8,"category":"ubbull"},{"type":"A","date":"2018-03-14T06:53:41.000Z","volume":14000,"price":43.75,"category":"ubbull"},{"type":"A","date":"2018-03-14T06:53:36.000Z","volume":9500,"price":43.75,"category":"ubbull"},{"type":"A","date":"2018-03-14T06:53:36.000Z","volume":20000,"price":43.75,"category":"ubbull"},{"type":"A","date":"2018-03-14T06:49:44.000Z","volume":31000,"price":43.75,"category":"ubbull"},{"type":"A","date":"2018-03-14T05:54:55.000Z","volume":9000,"price":43.75,"category":"ubbull"},{"type":"A","date":"2018-03-14T05:48:29.000Z","volume":8500,"price":43.75,"category":"ubbull"},{"type":"A","date":"2018-03-14T05:42:49.000Z","volume":7000,"price":43.75,"category":"ubbull"},{"type":"A","date":"2018-03-14T05:25:54.000Z","volume":9000,"price":43.75,"category":"ubbull"},{"type":"A","date":"2018-03-14T05:21:49.000Z","volume":43000,"price":43.7,"category":"ubbull"},{"type":"A","date":"2018-03-14T05:14:19.000Z","volume":8000,"price":43.7,"category":"ubbull"},{"type":"A","date":"2018-03-14T05:10:07.000Z","volume":6500,"price":43.65,"category":"ubbull"},{"type":"A","date":"2018-03-14T05:09:13.000Z","volume":10000,"price":43.65,"category":"ubbull"},{"type":"A","date":"2018-03-14T03:42:02.000Z","volume":6000,"price":43.6,"category":"ubbull"},{"type":"A","date":"2018-03-14T03:20:23.000Z","volume":7500,"price":43.6,"category":"ubbull"},{"type":"A","date":"2018-03-14T03:03:49.000Z","volume":8500,"price":43.6,"category":"ubbull"},{"type":"A","date":"2018-03-14T03:03:49.000Z","volume":54000,"price":43.55,"category":"ubbull"},{"type":"A","date":"2018-03-14T02:52:29.000Z","volume":6000,"price":43.65,"category":"ubbull"},{"type":"A","date":"2018-03-14T02:52:27.000Z","volume":66500,"price":43.6,"category":"ubbull"},{"type":"A","date":"2018-03-14T02:50:05.000Z","volume":10000,"price":43.6,"category":"ubbull"},{"type":"A","date":"2018-03-14T02:44:50.000Z","volume":11500,"price":43.6,"category":"ubbull"},{"type":"A","date":"2018-03-14T02:08:02.000Z","volume":20000,"price":43.65,"category":"ubbull"},{"type":"A","date":"2018-03-14T02:07:23.000Z","volume":24500,"price":43.6,"category":"ubbull"},{"type":"A","date":"2018-03-14T01:59:01.000Z","volume":9000,"price":43.5,"category":"ubbull"},{"type":"A","date":"2018-03-14T01:58:57.000Z","volume":8000,"price":43.5,"category":"ubbull"},{"type":"A","date":"2018-03-14T01:58:55.000Z","volume":73000,"price":43.5,"category":"ubbull"},{"type":"A","date":"2018-03-14T01:58:55.000Z","volume":15500,"price":43.45,"category":"ubbull"},{"type":"A","date":"2018-03-14T01:58:55.000Z","volume":11500,"price":43.45,"category":"ubbull"},{"type":"A","date":"2018-03-14T01:48:56.000Z","volume":6000,"price":43.45,"category":"ubbull"},{"type":"A","date":"2018-03-14T01:37:52.000Z","volume":8000,"price":43.65,"category":"ubbull"},{"type":"A","date":"2018-03-14T01:35:28.000Z","volume":7000,"price":43.65,"category":"ubbull"},{"type":"A","date":"2018-03-14T01:30:06.000Z","volume":8000,"price":43.7,"category":"ubbull"},{"type":"A","date":"2018-03-14T07:59:30.000Z","volume":3000,"price":44,"category":"bbull"},{"type":"A","date":"2018-03-14T07:59:14.000Z","volume":4500,"price":44,"category":"bbull"},{"type":"A","date":"2018-03-14T07:59:10.000Z","volume":3000,"price":44,"category":"bbull"},{"type":"A","date":"2018-03-14T07:58:44.000Z","volume":3000,"price":44,"category":"bbull"},{"type":"A","date":"2018-03-14T07:58:14.000Z","volume":4000,"price":44,"category":"bbull"},{"type":"A","date":"2018-03-14T07:57:44.000Z","volume":4000,"price":44,"category":"bbull"},{"type":"A","date":"2018-03-14T07:57:18.000Z","volume":3000,"price":43.95,"category":"bbull"},{"type":"A","date":"2018-03-14T07:57:18.000Z","volume":5000,"price":43.95,"category":"bbull"},{"type":"A","date":"2018-03-14T07:57:18.000Z","volume":2500,"price":43.95,"category":"bbull"},{"type":"A","date":"2018-03-14T07:57:13.000Z","volume":2500,"price":43.95,"category":"bbull"},{"type":"A","date":"2018-03-14T07:56:59.000Z","volume":3000,"price":43.95,"category":"bbull"},{"type":"A","date":"2018-03-14T07:56:44.000Z","volume":3000,"price":43.95,"category":"bbull"},{"type":"A","date":"2018-03-14T07:55:44.000Z","volume":3000,"price":43.95,"category":"bbull"},{"type":"A","date":"2018-03-14T07:55:14.000Z","volume":3000,"price":43.95,"category":"bbull"},{"type":"A","date":"2018-03-14T07:54:44.000Z","volume":3000,"price":43.95,"category":"bbull"},{"type":"A","date":"2018-03-14T07:54:14.000Z","volume":3000,"price":43.95,"category":"bbull"},{"type":"A","date":"2018-03-14T07:53:45.000Z","volume":3500,"price":43.95,"category":"bbull"},{"type":"A","date":"2018-03-14T07:53:44.000Z","volume":3000,"price":43.95,"category":"bbull"},{"type":"A","date":"2018-03-14T07:53:14.000Z","volume":3000,"price":43.95,"category":"bbull"},{"type":"A","date":"2018-03-14T07:52:44.000Z","volume":3000,"price":43.95,"category":"bbull"},{"type":"A","date":"2018-03-14T07:52:14.000Z","volume":3000,"price":43.95,"category":"bbull"},{"type":"A","date":"2018-03-14T07:51:40.000Z","volume":3000,"price":43.95,"category":"bbull"},{"type":"A","date":"2018-03-14T07:51:27.000Z","volume":5000,"price":43.95,"category":"bbull"},{"type":"A","date":"2018-03-14T07:51:14.000Z","volume":5000,"price":43.95,"category":"bbull"},{"type":"A","date":"2018-03-14T07:50:46.000Z","volume":3000,"price":43.95,"category":"bbull"},{"type":"A","date":"2018-03-14T07:50:14.000Z","volume":3000,"price":43.95,"category":"bbull"},{"type":"A","date":"2018-03-14T07:49:12.000Z","volume":3000,"price":43.95,"category":"bbull"},{"type":"A","date":"2018-03-14T07:48:43.000Z","volume":3000,"price":43.95,"category":"bbull"},{"type":"A","date":"2018-03-14T07:48:38.000Z","volume":3000,"price":43.95,"category":"bbull"},{"type":"A","date":"2018-03-14T07:46:45.000Z","volume":2500,"price":43.9,"category":"bbull"},{"type":"A","date":"2018-03-14T07:46:45.000Z","volume":3500,"price":43.9,"category":"bbull"},{"type":"A","date":"2018-03-14T07:46:08.000Z","volume":3000,"price":43.9,"category":"bbull"},{"type":"A","date":"2018-03-14T07:44:31.000Z","volume":3000,"price":43.9,"category":"bbull"},{"type":"A","date":"2018-03-14T07:44:20.000Z","volume":4000,"price":43.9,"category":"bbull"},{"type":"A","date":"2018-03-14T07:42:52.000Z","volume":5000,"price":43.9,"category":"bbull"},{"type":"A","date":"2018-03-14T07:41:16.000Z","volume":3500,"price":43.9,"category":"bbull"},{"type":"A","date":"2018-03-14T07:39:41.000Z","volume":2500,"price":43.9,"category":"bbull"},{"type":"A","date":"2018-03-14T07:38:20.000Z","volume":5000,"price":43.9,"category":"bbull"},{"type":"A","date":"2018-03-14T07:37:08.000Z","volume":3000,"price":43.9,"category":"bbull"},{"type":"A","date":"2018-03-14T07:37:08.000Z","volume":4000,"price":43.9,"category":"bbull"},{"type":"A","date":"2018-03-14T07:33:12.000Z","volume":5000,"price":43.9,"category":"bbull"},{"type":"A","date":"2018-03-14T07:32:16.000Z","volume":3000,"price":43.85,"category":"bbull"},{"type":"A","date":"2018-03-14T07:27:20.000Z","volume":3000,"price":43.85,"category":"bbull"},{"type":"A","date":"2018-03-14T07:27:15.000Z","volume":3000,"price":43.85,"category":"bbull"},{"type":"A","date":"2018-03-14T07:22:47.000Z","volume":3500,"price":43.85,"category":"bbull"},{"type":"A","date":"2018-03-14T07:21:06.000Z","volume":3500,"price":43.85,"category":"bbull"},{"type":"A","date":"2018-03-14T07:20:37.000Z","volume":3500,"price":43.85,"category":"bbull"},{"type":"A","date":"2018-03-14T07:12:27.000Z","volume":3500,"price":43.85,"category":"bbull"},{"type":"A","date":"2018-03-14T07:03:04.000Z","volume":5000,"price":43.8,"category":"bbull"},{"type":"A","date":"2018-03-14T06:58:55.000Z","volume":3500,"price":43.75,"category":"bbull"},{"type":"A","date":"2018-03-14T06:49:32.000Z","volume":3000,"price":43.75,"category":"bbull"},{"type":"A","date":"2018-03-14T06:49:32.000Z","volume":4000,"price":43.75,"category":"bbull"},{"type":"A","date":"2018-03-14T06:49:31.000Z","volume":4000,"price":43.75,"category":"bbull"},{"type":"A","date":"2018-03-14T06:49:25.000Z","volume":3500,"price":43.75,"category":"bbull"},{"type":"A","date":"2018-03-14T06:45:51.000Z","volume":3500,"price":43.75,"category":"bbull"},{"type":"A","date":"2018-03-14T06:44:52.000Z","volume":2500,"price":43.75,"category":"bbull"},{"type":"A","date":"2018-03-14T06:37:18.000Z","volume":3000,"price":43.75,"category":"bbull"},{"type":"A","date":"2018-03-14T05:52:22.000Z","volume":3000,"price":43.75,"category":"bbull"},{"type":"A","date":"2018-03-14T05:51:50.000Z","volume":3500,"price":43.75,"category":"bbull"},{"type":"A","date":"2018-03-14T05:46:20.000Z","volume":3500,"price":43.75,"category":"bbull"},{"type":"A","date":"2018-03-14T05:40:45.000Z","volume":3000,"price":43.75,"category":"bbull"},{"type":"A","date":"2018-03-14T05:40:43.000Z","volume":2500,"price":43.75,"category":"bbull"},{"type":"A","date":"2018-03-14T05:38:58.000Z","volume":3500,"price":43.7,"category":"bbull"},{"type":"A","date":"2018-03-14T05:25:54.000Z","volume":3000,"price":43.75,"category":"bbull"},{"type":"A","date":"2018-03-14T05:25:38.000Z","volume":3500,"price":43.75,"category":"bbull"},{"type":"A","date":"2018-03-14T05:10:07.000Z","volume":5000,"price":43.65,"category":"bbull"},{"type":"A","date":"2018-03-14T05:07:31.000Z","volume":2500,"price":43.65,"category":"bbull"},{"type":"A","date":"2018-03-14T05:07:26.000Z","volume":3500,"price":43.65,"category":"bbull"},{"type":"A","date":"2018-03-14T05:06:21.000Z","volume":2500,"price":43.65,"category":"bbull"},{"type":"A","date":"2018-03-14T03:58:28.000Z","volume":2500,"price":43.65,"category":"bbull"},{"type":"A","date":"2018-03-14T03:50:42.000Z","volume":5500,"price":43.6,"category":"bbull"},{"type":"A","date":"2018-03-14T03:44:00.000Z","volume":3000,"price":43.6,"category":"bbull"},{"type":"A","date":"2018-03-14T03:42:05.000Z","volume":3000,"price":43.6,"category":"bbull"},{"type":"A","date":"2018-03-14T03:41:38.000Z","volume":3500,"price":43.6,"category":"bbull"},{"type":"A","date":"2018-03-14T03:40:39.000Z","volume":3500,"price":43.6,"category":"bbull"},{"type":"A","date":"2018-03-14T03:39:45.000Z","volume":5000,"price":43.6,"category":"bbull"},{"type":"A","date":"2018-03-14T03:27:01.000Z","volume":2500,"price":43.6,"category":"bbull"},{"type":"A","date":"2018-03-14T03:26:33.000Z","volume":2500,"price":43.6,"category":"bbull"},{"type":"A","date":"2018-03-14T03:20:23.000Z","volume":2500,"price":43.6,"category":"bbull"},{"type":"A","date":"2018-03-14T03:20:20.000Z","volume":4000,"price":43.6,"category":"bbull"},{"type":"A","date":"2018-03-14T03:20:20.000Z","volume":2500,"price":43.6,"category":"bbull"},{"type":"A","date":"2018-03-14T03:19:38.000Z","volume":3000,"price":43.6,"category":"bbull"},{"type":"A","date":"2018-03-14T03:17:25.000Z","volume":5000,"price":43.6,"category":"bbull"},{"type":"A","date":"2018-03-14T03:03:52.000Z","volume":3000,"price":43.6,"category":"bbull"},{"type":"A","date":"2018-03-14T03:03:49.000Z","volume":5000,"price":43.6,"category":"bbull"},{"type":"A","date":"2018-03-14T02:58:05.000Z","volume":3000,"price":43.55,"category":"bbull"},{"type":"A","date":"2018-03-14T02:52:29.000Z","volume":3000,"price":43.65,"category":"bbull"},{"type":"A","date":"2018-03-14T02:52:27.000Z","volume":4000,"price":43.65,"category":"bbull"},{"type":"A","date":"2018-03-14T02:30:30.000Z","volume":4000,"price":43.6,"category":"bbull"},{"type":"A","date":"2018-03-14T02:26:47.000Z","volume":3000,"price":43.6,"category":"bbull"},{"type":"A","date":"2018-03-14T02:07:25.000Z","volume":2500,"price":43.65,"category":"bbull"},{"type":"A","date":"2018-03-14T02:07:23.000Z","volume":4500,"price":43.6,"category":"bbull"},{"type":"A","date":"2018-03-14T02:07:20.000Z","volume":3000,"price":43.6,"category":"bbull"},{"type":"A","date":"2018-03-14T02:06:48.000Z","volume":5000,"price":43.6,"category":"bbull"},{"type":"A","date":"2018-03-14T02:03:18.000Z","volume":5000,"price":43.55,"category":"bbull"},{"type":"A","date":"2018-03-14T02:01:54.000Z","volume":5500,"price":43.55,"category":"bbull"},{"type":"A","date":"2018-03-14T01:58:59.000Z","volume":2500,"price":43.5,"category":"bbull"},{"type":"A","date":"2018-03-14T01:55:16.000Z","volume":5000,"price":43.5,"category":"bbull"},{"type":"A","date":"2018-03-14T01:50:28.000Z","volume":2500,"price":43.45,"category":"bbull"},{"type":"A","date":"2018-03-14T01:46:22.000Z","volume":3000,"price":43.55,"category":"bbull"},{"type":"A","date":"2018-03-14T01:46:14.000Z","volume":5000,"price":43.55,"category":"bbull"},{"type":"A","date":"2018-03-14T01:41:55.000Z","volume":5500,"price":43.6,"category":"bbull"},{"type":"A","date":"2018-03-14T01:35:28.000Z","volume":3000,"price":43.7,"category":"bbull"},{"type":"A","date":"2018-03-14T01:30:15.000Z","volume":5000,"price":43.7,"category":"bbull"},{"type":"A","date":"2018-03-14T07:59:57.000Z","volume":500,"price":44,"category":"rbull"},{"type":"A","date":"2018-03-14T07:59:56.000Z","volume":500,"price":44,"category":"rbull"},{"type":"A","date":"2018-03-14T07:59:50.000Z","volume":500,"price":44,"category":"rbull"},{"type":"A","date":"2018-03-14T07:59:49.000Z","volume":500,"price":44,"category":"rbull"},{"type":"A","date":"2018-03-14T07:59:31.000Z","volume":500,"price":44,"category":"rbull"},{"type":"A","date":"2018-03-14T07:59:28.000Z","volume":500,"price":44,"category":"rbull"},{"type":"A","date":"2018-03-14T07:59:06.000Z","volume":500,"price":44,"category":"rbull"},{"type":"A","date":"2018-03-14T07:59:02.000Z","volume":500,"price":44,"category":"rbull"},{"type":"A","date":"2018-03-14T07:59:01.000Z","volume":500,"price":44,"category":"rbull"},{"type":"A","date":"2018-03-14T07:58:52.000Z","volume":500,"price":44,"category":"rbull"},{"type":"A","date":"2018-03-14T07:58:51.000Z","volume":500,"price":44,"category":"rbull"},{"type":"A","date":"2018-03-14T07:58:51.000Z","volume":500,"price":44,"category":"rbull"},{"type":"A","date":"2018-03-14T07:58:45.000Z","volume":500,"price":44,"category":"rbull"},{"type":"A","date":"2018-03-14T07:58:43.000Z","volume":500,"price":44,"category":"rbull"},{"type":"A","date":"2018-03-14T07:58:31.000Z","volume":500,"price":44,"category":"rbull"},{"type":"A","date":"2018-03-14T07:58:17.000Z","volume":500,"price":44,"category":"rbull"},{"type":"A","date":"2018-03-14T07:58:07.000Z","volume":500,"price":44,"category":"rbull"},{"type":"A","date":"2018-03-14T07:57:59.000Z","volume":500,"price":44,"category":"rbull"},{"type":"A","date":"2018-03-14T07:57:58.000Z","volume":500,"price":44,"category":"rbull"},{"type":"A","date":"2018-03-14T07:57:57.000Z","volume":500,"price":44,"category":"rbull"},{"type":"A","date":"2018-03-14T07:57:45.000Z","volume":500,"price":44,"category":"rbull"},{"type":"A","date":"2018-03-14T07:57:34.000Z","volume":500,"price":44,"category":"rbull"},{"type":"A","date":"2018-03-14T07:57:28.000Z","volume":500,"price":44,"category":"rbull"},{"type":"A","date":"2018-03-14T07:57:10.000Z","volume":500,"price":43.95,"category":"rbull"},{"type":"A","date":"2018-03-14T07:56:59.000Z","volume":500,"price":43.95,"category":"rbull"},{"type":"A","date":"2018-03-14T07:56:41.000Z","volume":500,"price":43.95,"category":"rbull"},{"type":"A","date":"2018-03-14T07:56:15.000Z","volume":500,"price":43.95,"category":"rbull"},{"type":"A","date":"2018-03-14T07:55:58.000Z","volume":500,"price":43.95,"category":"rbull"},{"type":"A","date":"2018-03-14T07:55:53.000Z","volume":500,"price":43.95,"category":"rbull"},{"type":"A","date":"2018-03-14T07:55:35.000Z","volume":500,"price":43.95,"category":"rbull"},{"type":"A","date":"2018-03-14T07:55:35.000Z","volume":500,"price":43.95,"category":"rbull"},{"type":"A","date":"2018-03-14T07:55:17.000Z","volume":500,"price":43.95,"category":"rbull"},{"type":"A","date":"2018-03-14T07:55:06.000Z","volume":500,"price":43.95,"category":"rbull"},{"type":"A","date":"2018-03-14T07:54:59.000Z","volume":500,"price":43.95,"category":"rbull"},{"type":"A","date":"2018-03-14T07:54:57.000Z","volume":500,"price":43.95,"category":"rbull"},{"type":"A","date":"2018-03-14T07:53:45.000Z","volume":500,"price":43.95,"category":"rbull"},{"type":"A","date":"2018-03-14T07:53:39.000Z","volume":500,"price":43.95,"category":"rbull"},{"type":"A","date":"2018-03-14T07:53:27.000Z","volume":500,"price":43.95,"category":"rbull"},{"type":"A","date":"2018-03-14T07:53:25.000Z","volume":500,"price":43.95,"category":"rbull"},{"type":"A","date":"2018-03-14T07:53:19.000Z","volume":500,"price":43.95,"category":"rbull"},{"type":"A","date":"2018-03-14T07:53:06.000Z","volume":500,"price":43.95,"category":"rbull"},{"type":"A","date":"2018-03-14T07:52:56.000Z","volume":500,"price":43.95,"category":"rbull"},{"type":"A","date":"2018-03-14T07:52:52.000Z","volume":500,"price":43.95,"category":"rbull"},{"type":"A","date":"2018-03-14T07:52:44.000Z","volume":500,"price":43.95,"category":"rbull"},{"type":"A","date":"2018-03-14T07:52:25.000Z","volume":500,"price":43.95,"category":"rbull"},{"type":"A","date":"2018-03-14T07:52:11.000Z","volume":500,"price":43.95,"category":"rbull"},{"type":"A","date":"2018-03-14T07:51:57.000Z","volume":500,"price":43.95,"category":"rbull"},{"type":"A","date":"2018-03-14T07:51:45.000Z","volume":500,"price":43.95,"category":"rbull"},{"type":"A","date":"2018-03-14T07:51:31.000Z","volume":500,"price":43.95,"category":"rbull"},{"type":"A","date":"2018-03-14T07:51:27.000Z","volume":500,"price":43.95,"category":"rbull"},{"type":"A","date":"2018-03-14T07:51:05.000Z","volume":500,"price":43.95,"category":"rbull"},{"type":"A","date":"2018-03-14T07:50:58.000Z","volume":500,"price":43.95,"category":"rbull"},{"type":"A","date":"2018-03-14T07:50:46.000Z","volume":500,"price":43.95,"category":"rbull"},{"type":"A","date":"2018-03-14T07:49:43.000Z","volume":500,"price":43.95,"category":"rbull"},{"type":"A","date":"2018-03-14T07:49:43.000Z","volume":500,"price":43.95,"category":"rbull"},{"type":"A","date":"2018-03-14T07:49:27.000Z","volume":500,"price":43.95,"category":"rbull"},{"type":"A","date":"2018-03-14T07:49:07.000Z","volume":500,"price":43.95,"category":"rbull"},{"type":"A","date":"2018-03-14T07:48:43.000Z","volume":500,"price":43.95,"category":"rbull"},{"type":"A","date":"2018-03-14T07:48:37.000Z","volume":500,"price":43.95,"category":"rbull"},{"type":"A","date":"2018-03-14T07:47:00.000Z","volume":500,"price":43.95,"category":"rbull"},{"type":"A","date":"2018-03-14T07:46:45.000Z","volume":500,"price":43.9,"category":"rbull"},{"type":"A","date":"2018-03-14T07:44:41.000Z","volume":500,"price":43.9,"category":"rbull"},{"type":"A","date":"2018-03-14T07:44:29.000Z","volume":500,"price":43.9,"category":"rbull"},{"type":"A","date":"2018-03-14T07:44:05.000Z","volume":500,"price":43.9,"category":"rbull"},{"type":"A","date":"2018-03-14T07:43:40.000Z","volume":500,"price":43.9,"category":"rbull"},{"type":"A","date":"2018-03-14T07:43:39.000Z","volume":500,"price":43.9,"category":"rbull"},{"type":"A","date":"2018-03-14T07:43:13.000Z","volume":500,"price":43.9,"category":"rbull"},{"type":"A","date":"2018-03-14T07:43:07.000Z","volume":500,"price":43.9,"category":"rbull"},{"type":"A","date":"2018-03-14T07:42:44.000Z","volume":500,"price":43.9,"category":"rbull"},{"type":"A","date":"2018-03-14T07:42:20.000Z","volume":500,"price":43.9,"category":"rbull"},{"type":"A","date":"2018-03-14T07:42:11.000Z","volume":500,"price":43.9,"category":"rbull"},{"type":"A","date":"2018-03-14T07:41:43.000Z","volume":500,"price":43.9,"category":"rbull"},{"type":"A","date":"2018-03-14T07:41:18.000Z","volume":500,"price":43.9,"category":"rbull"},{"type":"A","date":"2018-03-14T07:40:55.000Z","volume":500,"price":43.9,"category":"rbull"},{"type":"A","date":"2018-03-14T07:40:39.000Z","volume":500,"price":43.9,"category":"rbull"},{"type":"A","date":"2018-03-14T07:40:23.000Z","volume":500,"price":43.9,"category":"rbull"},{"type":"A","date":"2018-03-14T07:40:23.000Z","volume":500,"price":43.9,"category":"rbull"},{"type":"A","date":"2018-03-14T07:40:07.000Z","volume":500,"price":43.9,"category":"rbull"},{"type":"A","date":"2018-03-14T07:39:47.000Z","volume":500,"price":43.9,"category":"rbull"},{"type":"A","date":"2018-03-14T07:39:25.000Z","volume":500,"price":43.9,"category":"rbull"},{"type":"A","date":"2018-03-14T07:39:18.000Z","volume":500,"price":43.9,"category":"rbull"},{"type":"A","date":"2018-03-14T07:39:02.000Z","volume":500,"price":43.9,"category":"rbull"},{"type":"A","date":"2018-03-14T07:38:35.000Z","volume":500,"price":43.9,"category":"rbull"},{"type":"A","date":"2018-03-14T07:38:05.000Z","volume":500,"price":43.9,"category":"rbull"},{"type":"A","date":"2018-03-14T07:37:19.000Z","volume":500,"price":43.9,"category":"rbull"},{"type":"A","date":"2018-03-14T07:33:15.000Z","volume":500,"price":43.9,"category":"rbull"},{"type":"A","date":"2018-03-14T07:32:47.000Z","volume":500,"price":43.9,"category":"rbull"},{"type":"A","date":"2018-03-14T07:28:27.000Z","volume":500,"price":43.9,"category":"rbull"},{"type":"A","date":"2018-03-14T07:27:21.000Z","volume":500,"price":43.85,"category":"rbull"},{"type":"A","date":"2018-03-14T07:26:06.000Z","volume":500,"price":43.85,"category":"rbull"},{"type":"A","date":"2018-03-14T07:21:46.000Z","volume":500,"price":43.85,"category":"rbull"},{"type":"A","date":"2018-03-14T07:21:21.000Z","volume":500,"price":43.9,"category":"rbull"},{"type":"A","date":"2018-03-14T07:21:01.000Z","volume":500,"price":43.85,"category":"rbull"},{"type":"A","date":"2018-03-14T07:20:07.000Z","volume":500,"price":43.85,"category":"rbull"},{"type":"A","date":"2018-03-14T07:19:41.000Z","volume":500,"price":43.85,"category":"rbull"},{"type":"A","date":"2018-03-14T07:19:26.000Z","volume":500,"price":43.85,"category":"rbull"},{"type":"A","date":"2018-03-14T07:19:07.000Z","volume":500,"price":43.85,"category":"rbull"},{"type":"A","date":"2018-03-14T07:18:02.000Z","volume":500,"price":43.85,"category":"rbull"},{"type":"A","date":"2018-03-14T07:17:09.000Z","volume":500,"price":43.85,"category":"rbull"},{"type":"A","date":"2018-03-14T07:16:38.000Z","volume":500,"price":43.85,"category":"rbull"},{"type":"A","date":"2018-03-14T07:16:37.000Z","volume":500,"price":43.85,"category":"rbull"},{"type":"A","date":"2018-03-14T07:16:09.000Z","volume":500,"price":43.85,"category":"rbull"},{"type":"A","date":"2018-03-14T07:16:08.000Z","volume":500,"price":43.85,"category":"rbull"},{"type":"A","date":"2018-03-14T07:15:37.000Z","volume":500,"price":43.85,"category":"rbull"},{"type":"A","date":"2018-03-14T07:15:25.000Z","volume":500,"price":43.85,"category":"rbull"},{"type":"A","date":"2018-03-14T07:14:39.000Z","volume":500,"price":43.85,"category":"rbull"},{"type":"A","date":"2018-03-14T07:13:59.000Z","volume":500,"price":43.85,"category":"rbull"},{"type":"A","date":"2018-03-14T07:13:54.000Z","volume":500,"price":43.85,"category":"rbull"},{"type":"A","date":"2018-03-14T07:13:15.000Z","volume":500,"price":43.85,"category":"rbull"},{"type":"A","date":"2018-03-14T07:12:52.000Z","volume":500,"price":43.85,"category":"rbull"},{"type":"A","date":"2018-03-14T07:10:25.000Z","volume":500,"price":43.85,"category":"rbull"},{"type":"A","date":"2018-03-14T07:10:14.000Z","volume":500,"price":43.85,"category":"rbull"},{"type":"A","date":"2018-03-14T07:09:31.000Z","volume":500,"price":43.85,"category":"rbull"},{"type":"A","date":"2018-03-14T07:07:45.000Z","volume":500,"price":43.85,"category":"rbull"},{"type":"A","date":"2018-03-14T07:07:13.000Z","volume":500,"price":43.8,"category":"rbull"},{"type":"A","date":"2018-03-14T07:06:49.000Z","volume":500,"price":43.8,"category":"rbull"},{"type":"A","date":"2018-03-14T07:06:28.000Z","volume":500,"price":43.8,"category":"rbull"},{"type":"A","date":"2018-03-14T07:06:28.000Z","volume":500,"price":43.8,"category":"rbull"},{"type":"A","date":"2018-03-14T07:06:14.000Z","volume":500,"price":43.8,"category":"rbull"},{"type":"A","date":"2018-03-14T07:05:41.000Z","volume":500,"price":43.8,"category":"rbull"},{"type":"A","date":"2018-03-14T06:53:28.000Z","volume":500,"price":43.75,"category":"rbull"},{"type":"A","date":"2018-03-14T06:53:27.000Z","volume":500,"price":43.75,"category":"rbull"},{"type":"A","date":"2018-03-14T06:49:36.000Z","volume":500,"price":43.75,"category":"rbull"},{"type":"A","date":"2018-03-14T06:49:32.000Z","volume":500,"price":43.75,"category":"rbull"},{"type":"A","date":"2018-03-14T06:49:13.000Z","volume":500,"price":43.75,"category":"rbull"},{"type":"A","date":"2018-03-14T06:48:47.000Z","volume":500,"price":43.75,"category":"rbull"},{"type":"A","date":"2018-03-14T06:48:01.000Z","volume":500,"price":43.75,"category":"rbull"},{"type":"A","date":"2018-03-14T06:47:48.000Z","volume":500,"price":43.75,"category":"rbull"},{"type":"A","date":"2018-03-14T06:47:22.000Z","volume":500,"price":43.75,"category":"rbull"},{"type":"A","date":"2018-03-14T06:47:17.000Z","volume":500,"price":43.75,"category":"rbull"},{"type":"A","date":"2018-03-14T06:46:32.000Z","volume":500,"price":43.75,"category":"rbull"},{"type":"A","date":"2018-03-14T06:45:49.000Z","volume":500,"price":43.75,"category":"rbull"},{"type":"A","date":"2018-03-14T06:45:11.000Z","volume":500,"price":43.75,"category":"rbull"},{"type":"A","date":"2018-03-14T06:44:38.000Z","volume":500,"price":43.75,"category":"rbull"},{"type":"A","date":"2018-03-14T06:44:16.000Z","volume":500,"price":43.75,"category":"rbull"},{"type":"A","date":"2018-03-14T06:43:16.000Z","volume":500,"price":43.75,"category":"rbull"},{"type":"A","date":"2018-03-14T06:42:21.000Z","volume":500,"price":43.75,"category":"rbull"},{"type":"A","date":"2018-03-14T06:41:53.000Z","volume":500,"price":43.75,"category":"rbull"},{"type":"A","date":"2018-03-14T06:36:12.000Z","volume":500,"price":43.75,"category":"rbull"},{"type":"A","date":"2018-03-14T06:35:42.000Z","volume":500,"price":43.75,"category":"rbull"},{"type":"A","date":"2018-03-14T06:35:40.000Z","volume":500,"price":43.75,"category":"rbull"},{"type":"A","date":"2018-03-14T06:35:17.000Z","volume":500,"price":43.75,"category":"rbull"},{"type":"A","date":"2018-03-14T06:34:43.000Z","volume":500,"price":43.75,"category":"rbull"},{"type":"A","date":"2018-03-14T06:34:37.000Z","volume":500,"price":43.75,"category":"rbull"},{"type":"A","date":"2018-03-14T06:33:25.000Z","volume":500,"price":43.75,"category":"rbull"},{"type":"A","date":"2018-03-14T06:32:58.000Z","volume":500,"price":43.75,"category":"rbull"},{"type":"A","date":"2018-03-14T06:32:24.000Z","volume":500,"price":43.75,"category":"rbull"},{"type":"A","date":"2018-03-14T06:32:23.000Z","volume":500,"price":43.75,"category":"rbull"},{"type":"A","date":"2018-03-14T06:29:44.000Z","volume":500,"price":43.75,"category":"rbull"},{"type":"A","date":"2018-03-14T06:27:39.000Z","volume":500,"price":43.75,"category":"rbull"},{"type":"A","date":"2018-03-14T06:27:17.000Z","volume":500,"price":43.75,"category":"rbull"},{"type":"A","date":"2018-03-14T06:26:30.000Z","volume":500,"price":43.75,"category":"rbull"},{"type":"A","date":"2018-03-14T06:26:12.000Z","volume":500,"price":43.75,"category":"rbull"},{"type":"A","date":"2018-03-14T06:26:03.000Z","volume":500,"price":43.75,"category":"rbull"},{"type":"A","date":"2018-03-14T06:25:38.000Z","volume":500,"price":43.75,"category":"rbull"},{"type":"A","date":"2018-03-14T06:24:17.000Z","volume":500,"price":43.75,"category":"rbull"},{"type":"A","date":"2018-03-14T06:24:13.000Z","volume":500,"price":43.75,"category":"rbull"},{"type":"A","date":"2018-03-14T06:23:16.000Z","volume":500,"price":43.75,"category":"rbull"},{"type":"A","date":"2018-03-14T06:22:30.000Z","volume":500,"price":43.75,"category":"rbull"},{"type":"A","date":"2018-03-14T06:21:55.000Z","volume":500,"price":43.75,"category":"rbull"},{"type":"A","date":"2018-03-14T06:21:54.000Z","volume":500,"price":43.75,"category":"rbull"},{"type":"A","date":"2018-03-14T06:21:22.000Z","volume":500,"price":43.75,"category":"rbull"},{"type":"A","date":"2018-03-14T06:20:49.000Z","volume":500,"price":43.75,"category":"rbull"},{"type":"A","date":"2018-03-14T06:20:13.000Z","volume":500,"price":43.75,"category":"rbull"},{"type":"A","date":"2018-03-14T06:20:06.000Z","volume":500,"price":43.75,"category":"rbull"},{"type":"A","date":"2018-03-14T06:19:52.000Z","volume":500,"price":43.75,"category":"rbull"},{"type":"A","date":"2018-03-14T06:19:35.000Z","volume":500,"price":43.75,"category":"rbull"},{"type":"A","date":"2018-03-14T06:19:29.000Z","volume":500,"price":43.75,"category":"rbull"},{"type":"A","date":"2018-03-14T06:18:35.000Z","volume":500,"price":43.75,"category":"rbull"},{"type":"A","date":"2018-03-14T06:17:49.000Z","volume":500,"price":43.75,"category":"rbull"},{"type":"A","date":"2018-03-14T06:17:42.000Z","volume":500,"price":43.75,"category":"rbull"},{"type":"A","date":"2018-03-14T06:17:39.000Z","volume":500,"price":43.75,"category":"rbull"},{"type":"A","date":"2018-03-14T06:17:20.000Z","volume":500,"price":43.75,"category":"rbull"},{"type":"A","date":"2018-03-14T06:16:49.000Z","volume":500,"price":43.75,"category":"rbull"},{"type":"A","date":"2018-03-14T06:16:09.000Z","volume":500,"price":43.75,"category":"rbull"},{"type":"A","date":"2018-03-14T06:15:27.000Z","volume":500,"price":43.75,"category":"rbull"},{"type":"A","date":"2018-03-14T06:14:45.000Z","volume":500,"price":43.75,"category":"rbull"},{"type":"A","date":"2018-03-14T06:14:03.000Z","volume":500,"price":43.75,"category":"rbull"},{"type":"A","date":"2018-03-14T06:14:01.000Z","volume":500,"price":43.75,"category":"rbull"},{"type":"A","date":"2018-03-14T06:13:17.000Z","volume":500,"price":43.75,"category":"rbull"},{"type":"A","date":"2018-03-14T06:12:31.000Z","volume":500,"price":43.75,"category":"rbull"},{"type":"A","date":"2018-03-14T06:11:36.000Z","volume":500,"price":43.75,"category":"rbull"},{"type":"A","date":"2018-03-14T06:10:51.000Z","volume":500,"price":43.75,"category":"rbull"},{"type":"A","date":"2018-03-14T06:10:32.000Z","volume":500,"price":43.75,"category":"rbull"},{"type":"A","date":"2018-03-14T06:10:13.000Z","volume":500,"price":43.75,"category":"rbull"},{"type":"A","date":"2018-03-14T06:09:48.000Z","volume":500,"price":43.75,"category":"rbull"},{"type":"A","date":"2018-03-14T06:09:11.000Z","volume":500,"price":43.75,"category":"rbull"},{"type":"A","date":"2018-03-14T06:07:53.000Z","volume":500,"price":43.75,"category":"rbull"},{"type":"A","date":"2018-03-14T06:06:49.000Z","volume":500,"price":43.75,"category":"rbull"},{"type":"A","date":"2018-03-14T06:06:15.000Z","volume":500,"price":43.75,"category":"rbull"},{"type":"A","date":"2018-03-14T06:06:10.000Z","volume":500,"price":43.75,"category":"rbull"},{"type":"A","date":"2018-03-14T05:57:43.000Z","volume":500,"price":43.75,"category":"rbull"},{"type":"A","date":"2018-03-14T05:54:17.000Z","volume":500,"price":43.75,"category":"rbull"},{"type":"A","date":"2018-03-14T05:53:00.000Z","volume":500,"price":43.75,"category":"rbull"},{"type":"A","date":"2018-03-14T05:52:21.000Z","volume":500,"price":43.75,"category":"rbull"},{"type":"A","date":"2018-03-14T05:51:36.000Z","volume":500,"price":43.75,"category":"rbull"},{"type":"A","date":"2018-03-14T05:51:25.000Z","volume":500,"price":43.8,"category":"rbull"},{"type":"A","date":"2018-03-14T05:50:07.000Z","volume":500,"price":43.8,"category":"rbull"},{"type":"A","date":"2018-03-14T05:49:32.000Z","volume":500,"price":43.8,"category":"rbull"},{"type":"A","date":"2018-03-14T05:46:51.000Z","volume":500,"price":43.75,"category":"rbull"},{"type":"A","date":"2018-03-14T05:46:43.000Z","volume":500,"price":43.75,"category":"rbull"},{"type":"A","date":"2018-03-14T05:46:43.000Z","volume":500,"price":43.75,"category":"rbull"},{"type":"A","date":"2018-03-14T05:46:26.000Z","volume":500,"price":43.75,"category":"rbull"},{"type":"A","date":"2018-03-14T05:46:20.000Z","volume":500,"price":43.75,"category":"rbull"},{"type":"A","date":"2018-03-14T05:46:20.000Z","volume":500,"price":43.75,"category":"rbull"},{"type":"A","date":"2018-03-14T05:46:19.000Z","volume":500,"price":43.75,"category":"rbull"},{"type":"A","date":"2018-03-14T05:46:13.000Z","volume":500,"price":43.75,"category":"rbull"},{"type":"A","date":"2018-03-14T05:45:39.000Z","volume":500,"price":43.75,"category":"rbull"},{"type":"A","date":"2018-03-14T05:45:22.000Z","volume":500,"price":43.75,"category":"rbull"},{"type":"A","date":"2018-03-14T05:44:53.000Z","volume":500,"price":43.75,"category":"rbull"},{"type":"A","date":"2018-03-14T05:44:41.000Z","volume":500,"price":43.75,"category":"rbull"},{"type":"A","date":"2018-03-14T05:44:41.000Z","volume":500,"price":43.75,"category":"rbull"},{"type":"A","date":"2018-03-14T05:44:41.000Z","volume":500,"price":43.75,"category":"rbull"},{"type":"A","date":"2018-03-14T05:44:40.000Z","volume":500,"price":43.75,"category":"rbull"},{"type":"A","date":"2018-03-14T05:44:36.000Z","volume":500,"price":43.75,"category":"rbull"},{"type":"A","date":"2018-03-14T05:44:36.000Z","volume":500,"price":43.75,"category":"rbull"},{"type":"A","date":"2018-03-14T05:43:46.000Z","volume":500,"price":43.75,"category":"rbull"},{"type":"A","date":"2018-03-14T05:43:46.000Z","volume":500,"price":43.75,"category":"rbull"},{"type":"A","date":"2018-03-14T05:43:33.000Z","volume":500,"price":43.75,"category":"rbull"},{"type":"A","date":"2018-03-14T05:43:08.000Z","volume":500,"price":43.75,"category":"rbull"},{"type":"A","date":"2018-03-14T05:42:49.000Z","volume":500,"price":43.75,"category":"rbull"},{"type":"A","date":"2018-03-14T05:42:49.000Z","volume":500,"price":43.75,"category":"rbull"},{"type":"A","date":"2018-03-14T05:42:36.000Z","volume":500,"price":43.75,"category":"rbull"},{"type":"A","date":"2018-03-14T05:41:41.000Z","volume":500,"price":43.75,"category":"rbull"},{"type":"A","date":"2018-03-14T05:41:39.000Z","volume":500,"price":43.75,"category":"rbull"},{"type":"A","date":"2018-03-14T05:41:01.000Z","volume":500,"price":43.75,"category":"rbull"},{"type":"A","date":"2018-03-14T05:40:34.000Z","volume":500,"price":43.75,"category":"rbull"},{"type":"A","date":"2018-03-14T05:40:32.000Z","volume":500,"price":43.75,"category":"rbull"},{"type":"A","date":"2018-03-14T05:38:52.000Z","volume":500,"price":43.7,"category":"rbull"},{"type":"A","date":"2018-03-14T05:35:23.000Z","volume":500,"price":43.7,"category":"rbull"},{"type":"A","date":"2018-03-14T05:35:20.000Z","volume":500,"price":43.7,"category":"rbull"},{"type":"A","date":"2018-03-14T05:28:43.000Z","volume":500,"price":43.75,"category":"rbull"},{"type":"A","date":"2018-03-14T05:28:03.000Z","volume":500,"price":43.8,"category":"rbull"},{"type":"A","date":"2018-03-14T05:26:36.000Z","volume":500,"price":43.75,"category":"rbull"},{"type":"A","date":"2018-03-14T05:26:10.000Z","volume":500,"price":43.75,"category":"rbull"},{"type":"A","date":"2018-03-14T05:25:54.000Z","volume":500,"price":43.75,"category":"rbull"},{"type":"A","date":"2018-03-14T05:25:26.000Z","volume":500,"price":43.75,"category":"rbull"},{"type":"A","date":"2018-03-14T05:21:51.000Z","volume":500,"price":43.75,"category":"rbull"},{"type":"A","date":"2018-03-14T05:18:40.000Z","volume":500,"price":43.7,"category":"rbull"},{"type":"A","date":"2018-03-14T05:18:05.000Z","volume":500,"price":43.7,"category":"rbull"},{"type":"A","date":"2018-03-14T05:14:24.000Z","volume":500,"price":43.7,"category":"rbull"},{"type":"A","date":"2018-03-14T05:14:20.000Z","volume":500,"price":43.7,"category":"rbull"},{"type":"A","date":"2018-03-14T05:12:20.000Z","volume":500,"price":43.7,"category":"rbull"},{"type":"A","date":"2018-03-14T05:11:03.000Z","volume":500,"price":43.7,"category":"rbull"},{"type":"A","date":"2018-03-14T05:10:07.000Z","volume":500,"price":43.65,"category":"rbull"},{"type":"A","date":"2018-03-14T05:09:41.000Z","volume":500,"price":43.65,"category":"rbull"},{"type":"A","date":"2018-03-14T05:09:21.000Z","volume":500,"price":43.65,"category":"rbull"},{"type":"A","date":"2018-03-14T05:09:13.000Z","volume":500,"price":43.65,"category":"rbull"},{"type":"A","date":"2018-03-14T05:08:31.000Z","volume":500,"price":43.65,"category":"rbull"},{"type":"A","date":"2018-03-14T05:08:25.000Z","volume":500,"price":43.65,"category":"rbull"},{"type":"A","date":"2018-03-14T05:06:39.000Z","volume":500,"price":43.65,"category":"rbull"},{"type":"A","date":"2018-03-14T05:04:13.000Z","volume":500,"price":43.65,"category":"rbull"},{"type":"A","date":"2018-03-14T05:03:11.000Z","volume":500,"price":43.65,"category":"rbull"},{"type":"A","date":"2018-03-14T05:02:17.000Z","volume":500,"price":43.65,"category":"rbull"},{"type":"A","date":"2018-03-14T05:01:20.000Z","volume":500,"price":43.65,"category":"rbull"},{"type":"A","date":"2018-03-14T05:01:02.000Z","volume":500,"price":43.65,"category":"rbull"},{"type":"A","date":"2018-03-14T03:58:04.000Z","volume":500,"price":43.65,"category":"rbull"},{"type":"A","date":"2018-03-14T03:57:35.000Z","volume":500,"price":43.65,"category":"rbull"},{"type":"A","date":"2018-03-14T03:57:27.000Z","volume":500,"price":43.65,"category":"rbull"},{"type":"A","date":"2018-03-14T03:57:01.000Z","volume":500,"price":43.65,"category":"rbull"},{"type":"A","date":"2018-03-14T03:56:24.000Z","volume":500,"price":43.65,"category":"rbull"},{"type":"A","date":"2018-03-14T03:56:16.000Z","volume":500,"price":43.65,"category":"rbull"},{"type":"A","date":"2018-03-14T03:54:43.000Z","volume":500,"price":43.65,"category":"rbull"},{"type":"A","date":"2018-03-14T03:54:01.000Z","volume":500,"price":43.65,"category":"rbull"},{"type":"A","date":"2018-03-14T03:53:11.000Z","volume":500,"price":43.65,"category":"rbull"},{"type":"A","date":"2018-03-14T03:52:22.000Z","volume":500,"price":43.65,"category":"rbull"},{"type":"A","date":"2018-03-14T03:50:47.000Z","volume":500,"price":43.65,"category":"rbull"},{"type":"A","date":"2018-03-14T03:50:42.000Z","volume":500,"price":43.6,"category":"rbull"},{"type":"A","date":"2018-03-14T03:50:42.000Z","volume":500,"price":43.6,"category":"rbull"},{"type":"A","date":"2018-03-14T03:50:42.000Z","volume":500,"price":43.6,"category":"rbull"},{"type":"A","date":"2018-03-14T03:50:29.000Z","volume":500,"price":43.6,"category":"rbull"},{"type":"A","date":"2018-03-14T03:48:30.000Z","volume":500,"price":43.6,"category":"rbull"},{"type":"A","date":"2018-03-14T03:47:28.000Z","volume":500,"price":43.6,"category":"rbull"},{"type":"A","date":"2018-03-14T03:46:39.000Z","volume":500,"price":43.6,"category":"rbull"},{"type":"A","date":"2018-03-14T03:46:29.000Z","volume":500,"price":43.6,"category":"rbull"},{"type":"A","date":"2018-03-14T03:43:43.000Z","volume":500,"price":43.6,"category":"rbull"},{"type":"A","date":"2018-03-14T03:42:38.000Z","volume":500,"price":43.6,"category":"rbull"},{"type":"A","date":"2018-03-14T03:42:04.000Z","volume":500,"price":43.6,"category":"rbull"},{"type":"A","date":"2018-03-14T03:41:53.000Z","volume":500,"price":43.6,"category":"rbull"},{"type":"A","date":"2018-03-14T03:41:40.000Z","volume":500,"price":43.6,"category":"rbull"},{"type":"A","date":"2018-03-14T03:40:59.000Z","volume":500,"price":43.6,"category":"rbull"},{"type":"A","date":"2018-03-14T03:40:17.000Z","volume":500,"price":43.6,"category":"rbull"},{"type":"A","date":"2018-03-14T03:39:25.000Z","volume":500,"price":43.6,"category":"rbull"},{"type":"A","date":"2018-03-14T03:38:32.000Z","volume":500,"price":43.6,"category":"rbull"},{"type":"A","date":"2018-03-14T03:36:25.000Z","volume":500,"price":43.6,"category":"rbull"},{"type":"A","date":"2018-03-14T03:29:10.000Z","volume":500,"price":43.6,"category":"rbull"},{"type":"A","date":"2018-03-14T03:28:32.000Z","volume":500,"price":43.6,"category":"rbull"},{"type":"A","date":"2018-03-14T03:27:55.000Z","volume":500,"price":43.6,"category":"rbull"},{"type":"A","date":"2018-03-14T03:27:34.000Z","volume":500,"price":43.6,"category":"rbull"},{"type":"A","date":"2018-03-14T03:27:27.000Z","volume":500,"price":43.6,"category":"rbull"},{"type":"A","date":"2018-03-14T03:27:03.000Z","volume":500,"price":43.6,"category":"rbull"},{"type":"A","date":"2018-03-14T03:26:04.000Z","volume":500,"price":43.6,"category":"rbull"},{"type":"A","date":"2018-03-14T03:26:02.000Z","volume":500,"price":43.6,"category":"rbull"},{"type":"A","date":"2018-03-14T03:24:00.000Z","volume":500,"price":43.6,"category":"rbull"},{"type":"A","date":"2018-03-14T03:24:00.000Z","volume":500,"price":43.6,"category":"rbull"},{"type":"A","date":"2018-03-14T03:23:23.000Z","volume":500,"price":43.6,"category":"rbull"},{"type":"A","date":"2018-03-14T03:22:06.000Z","volume":500,"price":43.65,"category":"rbull"},{"type":"A","date":"2018-03-14T03:20:28.000Z","volume":500,"price":43.65,"category":"rbull"},{"type":"A","date":"2018-03-14T03:20:22.000Z","volume":500,"price":43.6,"category":"rbull"},{"type":"A","date":"2018-03-14T03:20:20.000Z","volume":500,"price":43.6,"category":"rbull"},{"type":"A","date":"2018-03-14T03:19:41.000Z","volume":500,"price":43.6,"category":"rbull"},{"type":"A","date":"2018-03-14T03:18:51.000Z","volume":500,"price":43.6,"category":"rbull"},{"type":"A","date":"2018-03-14T03:18:51.000Z","volume":500,"price":43.6,"category":"rbull"},{"type":"A","date":"2018-03-14T03:18:21.000Z","volume":500,"price":43.6,"category":"rbull"},{"type":"A","date":"2018-03-14T03:18:15.000Z","volume":500,"price":43.6,"category":"rbull"},{"type":"A","date":"2018-03-14T03:17:58.000Z","volume":500,"price":43.6,"category":"rbull"},{"type":"A","date":"2018-03-14T03:17:47.000Z","volume":500,"price":43.6,"category":"rbull"},{"type":"A","date":"2018-03-14T03:17:27.000Z","volume":500,"price":43.6,"category":"rbull"},{"type":"A","date":"2018-03-14T03:17:25.000Z","volume":500,"price":43.6,"category":"rbull"},{"type":"A","date":"2018-03-14T03:16:59.000Z","volume":500,"price":43.6,"category":"rbull"},{"type":"A","date":"2018-03-14T03:16:19.000Z","volume":500,"price":43.6,"category":"rbull"},{"type":"A","date":"2018-03-14T03:15:06.000Z","volume":500,"price":43.6,"category":"rbull"},{"type":"A","date":"2018-03-14T03:14:43.000Z","volume":500,"price":43.6,"category":"rbull"},{"type":"A","date":"2018-03-14T03:13:15.000Z","volume":500,"price":43.6,"category":"rbull"},{"type":"A","date":"2018-03-14T03:12:10.000Z","volume":500,"price":43.6,"category":"rbull"},{"type":"A","date":"2018-03-14T03:09:23.000Z","volume":500,"price":43.6,"category":"rbull"},{"type":"A","date":"2018-03-14T03:08:47.000Z","volume":500,"price":43.6,"category":"rbull"},{"type":"A","date":"2018-03-14T03:08:47.000Z","volume":500,"price":43.6,"category":"rbull"},{"type":"A","date":"2018-03-14T03:08:16.000Z","volume":500,"price":43.6,"category":"rbull"},{"type":"A","date":"2018-03-14T03:06:03.000Z","volume":500,"price":43.65,"category":"rbull"},{"type":"A","date":"2018-03-14T03:06:01.000Z","volume":500,"price":43.6,"category":"rbull"},{"type":"A","date":"2018-03-14T03:06:01.000Z","volume":500,"price":43.6,"category":"rbull"},{"type":"A","date":"2018-03-14T03:05:49.000Z","volume":500,"price":43.6,"category":"rbull"},{"type":"A","date":"2018-03-14T03:05:03.000Z","volume":500,"price":43.6,"category":"rbull"},{"type":"A","date":"2018-03-14T03:03:53.000Z","volume":500,"price":43.65,"category":"rbull"},{"type":"A","date":"2018-03-14T03:03:52.000Z","volume":500,"price":43.6,"category":"rbull"},{"type":"A","date":"2018-03-14T03:03:49.000Z","volume":500,"price":43.6,"category":"rbull"},{"type":"A","date":"2018-03-14T03:03:17.000Z","volume":500,"price":43.55,"category":"rbull"},{"type":"A","date":"2018-03-14T03:02:36.000Z","volume":500,"price":43.55,"category":"rbull"},{"type":"A","date":"2018-03-14T03:02:35.000Z","volume":500,"price":43.55,"category":"rbull"},{"type":"A","date":"2018-03-14T03:01:36.000Z","volume":500,"price":43.55,"category":"rbull"},{"type":"A","date":"2018-03-14T03:01:07.000Z","volume":500,"price":43.55,"category":"rbull"},{"type":"A","date":"2018-03-14T02:58:06.000Z","volume":500,"price":43.55,"category":"rbull"},{"type":"A","date":"2018-03-14T02:55:36.000Z","volume":500,"price":43.65,"category":"rbull"},{"type":"A","date":"2018-03-14T02:54:11.000Z","volume":500,"price":43.65,"category":"rbull"},{"type":"A","date":"2018-03-14T02:53:22.000Z","volume":500,"price":43.7,"category":"rbull"},{"type":"A","date":"2018-03-14T02:52:56.000Z","volume":500,"price":43.65,"category":"rbull"},{"type":"A","date":"2018-03-14T02:52:54.000Z","volume":500,"price":43.65,"category":"rbull"},{"type":"A","date":"2018-03-14T02:52:48.000Z","volume":500,"price":43.7,"category":"rbull"},{"type":"A","date":"2018-03-14T02:52:39.000Z","volume":500,"price":43.65,"category":"rbull"},{"type":"A","date":"2018-03-14T02:52:32.000Z","volume":500,"price":43.65,"category":"rbull"},{"type":"A","date":"2018-03-14T02:52:31.000Z","volume":500,"price":43.7,"category":"rbull"},{"type":"A","date":"2018-03-14T02:52:30.000Z","volume":500,"price":43.65,"category":"rbull"},{"type":"A","date":"2018-03-14T02:52:29.000Z","volume":500,"price":43.65,"category":"rbull"},{"type":"A","date":"2018-03-14T02:52:28.000Z","volume":500,"price":43.65,"category":"rbull"},{"type":"A","date":"2018-03-14T02:52:28.000Z","volume":500,"price":43.65,"category":"rbull"},{"type":"A","date":"2018-03-14T02:52:06.000Z","volume":500,"price":43.6,"category":"rbull"},{"type":"A","date":"2018-03-14T02:51:33.000Z","volume":500,"price":43.6,"category":"rbull"},{"type":"A","date":"2018-03-14T02:50:49.000Z","volume":500,"price":43.6,"category":"rbull"},{"type":"A","date":"2018-03-14T02:50:11.000Z","volume":500,"price":43.6,"category":"rbull"},{"type":"A","date":"2018-03-14T02:50:11.000Z","volume":500,"price":43.6,"category":"rbull"},{"type":"A","date":"2018-03-14T02:49:50.000Z","volume":500,"price":43.6,"category":"rbull"},{"type":"A","date":"2018-03-14T02:49:45.000Z","volume":500,"price":43.6,"category":"rbull"},{"type":"A","date":"2018-03-14T02:49:23.000Z","volume":500,"price":43.6,"category":"rbull"},{"type":"A","date":"2018-03-14T02:48:28.000Z","volume":500,"price":43.6,"category":"rbull"},{"type":"A","date":"2018-03-14T02:48:21.000Z","volume":500,"price":43.6,"category":"rbull"},{"type":"A","date":"2018-03-14T02:48:03.000Z","volume":500,"price":43.6,"category":"rbull"},{"type":"A","date":"2018-03-14T02:47:40.000Z","volume":500,"price":43.6,"category":"rbull"},{"type":"A","date":"2018-03-14T02:47:09.000Z","volume":500,"price":43.6,"category":"rbull"},{"type":"A","date":"2018-03-14T02:47:03.000Z","volume":500,"price":43.6,"category":"rbull"},{"type":"A","date":"2018-03-14T02:46:38.000Z","volume":500,"price":43.6,"category":"rbull"},{"type":"A","date":"2018-03-14T02:46:13.000Z","volume":500,"price":43.6,"category":"rbull"},{"type":"A","date":"2018-03-14T02:46:07.000Z","volume":500,"price":43.6,"category":"rbull"},{"type":"A","date":"2018-03-14T02:45:49.000Z","volume":500,"price":43.6,"category":"rbull"},{"type":"A","date":"2018-03-14T02:45:49.000Z","volume":500,"price":43.6,"category":"rbull"},{"type":"A","date":"2018-03-14T02:45:35.000Z","volume":500,"price":43.6,"category":"rbull"},{"type":"A","date":"2018-03-14T02:45:11.000Z","volume":500,"price":43.6,"category":"rbull"},{"type":"A","date":"2018-03-14T02:45:03.000Z","volume":500,"price":43.6,"category":"rbull"},{"type":"A","date":"2018-03-14T02:43:41.000Z","volume":500,"price":43.6,"category":"rbull"},{"type":"A","date":"2018-03-14T02:43:38.000Z","volume":500,"price":43.6,"category":"rbull"},{"type":"A","date":"2018-03-14T02:43:35.000Z","volume":500,"price":43.6,"category":"rbull"},{"type":"A","date":"2018-03-14T02:43:33.000Z","volume":500,"price":43.6,"category":"rbull"},{"type":"A","date":"2018-03-14T02:42:51.000Z","volume":500,"price":43.6,"category":"rbull"},{"type":"A","date":"2018-03-14T02:42:13.000Z","volume":500,"price":43.6,"category":"rbull"},{"type":"A","date":"2018-03-14T02:41:58.000Z","volume":500,"price":43.6,"category":"rbull"},{"type":"A","date":"2018-03-14T02:40:27.000Z","volume":500,"price":43.6,"category":"rbull"},{"type":"A","date":"2018-03-14T02:40:17.000Z","volume":500,"price":43.6,"category":"rbull"},{"type":"A","date":"2018-03-14T02:39:41.000Z","volume":500,"price":43.6,"category":"rbull"},{"type":"A","date":"2018-03-14T02:38:57.000Z","volume":500,"price":43.6,"category":"rbull"},{"type":"A","date":"2018-03-14T02:38:40.000Z","volume":500,"price":43.6,"category":"rbull"},{"type":"A","date":"2018-03-14T02:38:03.000Z","volume":500,"price":43.6,"category":"rbull"},{"type":"A","date":"2018-03-14T02:38:01.000Z","volume":500,"price":43.6,"category":"rbull"},{"type":"A","date":"2018-03-14T02:38:01.000Z","volume":500,"price":43.6,"category":"rbull"},{"type":"A","date":"2018-03-14T02:37:48.000Z","volume":500,"price":43.6,"category":"rbull"},{"type":"A","date":"2018-03-14T02:37:28.000Z","volume":500,"price":43.6,"category":"rbull"},{"type":"A","date":"2018-03-14T02:36:56.000Z","volume":500,"price":43.6,"category":"rbull"},{"type":"A","date":"2018-03-14T02:36:55.000Z","volume":500,"price":43.6,"category":"rbull"},{"type":"A","date":"2018-03-14T02:36:50.000Z","volume":500,"price":43.6,"category":"rbull"},{"type":"A","date":"2018-03-14T02:36:41.000Z","volume":500,"price":43.6,"category":"rbull"},{"type":"A","date":"2018-03-14T02:36:41.000Z","volume":500,"price":43.6,"category":"rbull"},{"type":"A","date":"2018-03-14T02:35:59.000Z","volume":500,"price":43.6,"category":"rbull"},{"type":"A","date":"2018-03-14T02:35:50.000Z","volume":500,"price":43.6,"category":"rbull"},{"type":"A","date":"2018-03-14T02:35:37.000Z","volume":500,"price":43.6,"category":"rbull"},{"type":"A","date":"2018-03-14T02:35:33.000Z","volume":500,"price":43.6,"category":"rbull"},{"type":"A","date":"2018-03-14T02:35:30.000Z","volume":500,"price":43.6,"category":"rbull"},{"type":"A","date":"2018-03-14T02:35:19.000Z","volume":500,"price":43.6,"category":"rbull"},{"type":"A","date":"2018-03-14T02:35:07.000Z","volume":500,"price":43.6,"category":"rbull"},{"type":"A","date":"2018-03-14T02:34:59.000Z","volume":500,"price":43.6,"category":"rbull"},{"type":"A","date":"2018-03-14T02:34:57.000Z","volume":500,"price":43.6,"category":"rbull"},{"type":"A","date":"2018-03-14T02:34:37.000Z","volume":500,"price":43.6,"category":"rbull"},{"type":"A","date":"2018-03-14T02:34:13.000Z","volume":500,"price":43.6,"category":"rbull"},{"type":"A","date":"2018-03-14T02:32:58.000Z","volume":500,"price":43.6,"category":"rbull"},{"type":"A","date":"2018-03-14T02:32:56.000Z","volume":500,"price":43.6,"category":"rbull"},{"type":"A","date":"2018-03-14T02:32:31.000Z","volume":500,"price":43.6,"category":"rbull"},{"type":"A","date":"2018-03-14T02:31:50.000Z","volume":500,"price":43.6,"category":"rbull"},{"type":"A","date":"2018-03-14T02:31:46.000Z","volume":500,"price":43.6,"category":"rbull"},{"type":"A","date":"2018-03-14T02:30:54.000Z","volume":500,"price":43.6,"category":"rbull"},{"type":"A","date":"2018-03-14T02:30:53.000Z","volume":500,"price":43.6,"category":"rbull"},{"type":"A","date":"2018-03-14T02:30:31.000Z","volume":500,"price":43.6,"category":"rbull"},{"type":"A","date":"2018-03-14T02:30:30.000Z","volume":500,"price":43.6,"category":"rbull"},{"type":"A","date":"2018-03-14T02:30:08.000Z","volume":500,"price":43.6,"category":"rbull"},{"type":"A","date":"2018-03-14T02:29:23.000Z","volume":500,"price":43.6,"category":"rbull"},{"type":"A","date":"2018-03-14T02:29:00.000Z","volume":500,"price":43.6,"category":"rbull"},{"type":"A","date":"2018-03-14T02:28:27.000Z","volume":500,"price":43.6,"category":"rbull"},{"type":"A","date":"2018-03-14T02:28:17.000Z","volume":500,"price":43.6,"category":"rbull"},{"type":"A","date":"2018-03-14T02:27:50.000Z","volume":500,"price":43.6,"category":"rbull"},{"type":"A","date":"2018-03-14T02:27:35.000Z","volume":500,"price":43.6,"category":"rbull"},{"type":"A","date":"2018-03-14T02:27:02.000Z","volume":500,"price":43.6,"category":"rbull"},{"type":"A","date":"2018-03-14T02:26:17.000Z","volume":500,"price":43.6,"category":"rbull"},{"type":"A","date":"2018-03-14T02:25:51.000Z","volume":500,"price":43.6,"category":"rbull"},{"type":"A","date":"2018-03-14T02:25:32.000Z","volume":500,"price":43.6,"category":"rbull"},{"type":"A","date":"2018-03-14T02:25:20.000Z","volume":500,"price":43.6,"category":"rbull"},{"type":"A","date":"2018-03-14T02:25:15.000Z","volume":500,"price":43.6,"category":"rbull"},{"type":"A","date":"2018-03-14T02:24:17.000Z","volume":500,"price":43.6,"category":"rbull"},{"type":"A","date":"2018-03-14T02:24:17.000Z","volume":500,"price":43.6,"category":"rbull"},{"type":"A","date":"2018-03-14T02:23:32.000Z","volume":500,"price":43.6,"category":"rbull"},{"type":"A","date":"2018-03-14T02:22:39.000Z","volume":500,"price":43.6,"category":"rbull"},{"type":"A","date":"2018-03-14T02:22:02.000Z","volume":500,"price":43.6,"category":"rbull"},{"type":"A","date":"2018-03-14T02:22:02.000Z","volume":500,"price":43.6,"category":"rbull"},{"type":"A","date":"2018-03-14T02:21:57.000Z","volume":500,"price":43.6,"category":"rbull"},{"type":"A","date":"2018-03-14T02:21:34.000Z","volume":500,"price":43.6,"category":"rbull"},{"type":"A","date":"2018-03-14T02:21:16.000Z","volume":500,"price":43.6,"category":"rbull"},{"type":"A","date":"2018-03-14T02:21:13.000Z","volume":500,"price":43.6,"category":"rbull"},{"type":"A","date":"2018-03-14T02:19:47.000Z","volume":500,"price":43.6,"category":"rbull"},{"type":"A","date":"2018-03-14T02:19:47.000Z","volume":500,"price":43.6,"category":"rbull"},{"type":"A","date":"2018-03-14T02:19:37.000Z","volume":500,"price":43.6,"category":"rbull"},{"type":"A","date":"2018-03-14T02:18:53.000Z","volume":500,"price":43.6,"category":"rbull"},{"type":"A","date":"2018-03-14T02:18:47.000Z","volume":500,"price":43.6,"category":"rbull"},{"type":"A","date":"2018-03-14T02:15:47.000Z","volume":500,"price":43.6,"category":"rbull"},{"type":"A","date":"2018-03-14T02:15:02.000Z","volume":500,"price":43.6,"category":"rbull"},{"type":"A","date":"2018-03-14T02:15:02.000Z","volume":500,"price":43.6,"category":"rbull"},{"type":"A","date":"2018-03-14T02:13:14.000Z","volume":500,"price":43.6,"category":"rbull"},{"type":"A","date":"2018-03-14T02:13:13.000Z","volume":500,"price":43.6,"category":"rbull"},{"type":"A","date":"2018-03-14T02:12:57.000Z","volume":500,"price":43.65,"category":"rbull"},{"type":"A","date":"2018-03-14T02:11:47.000Z","volume":500,"price":43.65,"category":"rbull"},{"type":"A","date":"2018-03-14T02:11:04.000Z","volume":500,"price":43.65,"category":"rbull"},{"type":"A","date":"2018-03-14T02:09:50.000Z","volume":500,"price":43.65,"category":"rbull"},{"type":"A","date":"2018-03-14T02:08:57.000Z","volume":500,"price":43.7,"category":"rbull"},{"type":"A","date":"2018-03-14T02:08:47.000Z","volume":500,"price":43.7,"category":"rbull"},{"type":"A","date":"2018-03-14T02:08:35.000Z","volume":500,"price":43.7,"category":"rbull"},{"type":"A","date":"2018-03-14T02:08:35.000Z","volume":500,"price":43.7,"category":"rbull"},{"type":"A","date":"2018-03-14T02:07:26.000Z","volume":500,"price":43.65,"category":"rbull"},{"type":"A","date":"2018-03-14T02:07:25.000Z","volume":500,"price":43.65,"category":"rbull"},{"type":"A","date":"2018-03-14T02:06:49.000Z","volume":500,"price":43.6,"category":"rbull"},{"type":"A","date":"2018-03-14T02:06:48.000Z","volume":500,"price":43.6,"category":"rbull"},{"type":"A","date":"2018-03-14T02:06:41.000Z","volume":500,"price":43.6,"category":"rbull"},{"type":"A","date":"2018-03-14T02:05:32.000Z","volume":500,"price":43.6,"category":"rbull"},{"type":"A","date":"2018-03-14T02:05:23.000Z","volume":500,"price":43.6,"category":"rbull"},{"type":"A","date":"2018-03-14T02:05:11.000Z","volume":500,"price":43.55,"category":"rbull"},{"type":"A","date":"2018-03-14T02:05:07.000Z","volume":500,"price":43.55,"category":"rbull"},{"type":"A","date":"2018-03-14T02:05:05.000Z","volume":500,"price":43.6,"category":"rbull"},{"type":"A","date":"2018-03-14T02:03:18.000Z","volume":500,"price":43.55,"category":"rbull"},{"type":"A","date":"2018-03-14T02:03:11.000Z","volume":500,"price":43.55,"category":"rbull"},{"type":"A","date":"2018-03-14T02:02:37.000Z","volume":500,"price":43.55,"category":"rbull"},{"type":"A","date":"2018-03-14T02:02:37.000Z","volume":500,"price":43.55,"category":"rbull"},{"type":"A","date":"2018-03-14T02:02:29.000Z","volume":500,"price":43.55,"category":"rbull"},{"type":"A","date":"2018-03-14T02:02:16.000Z","volume":500,"price":43.55,"category":"rbull"},{"type":"A","date":"2018-03-14T02:01:55.000Z","volume":500,"price":43.55,"category":"rbull"},{"type":"A","date":"2018-03-14T02:01:55.000Z","volume":500,"price":43.55,"category":"rbull"},{"type":"A","date":"2018-03-14T02:01:11.000Z","volume":500,"price":43.55,"category":"rbull"},{"type":"A","date":"2018-03-14T02:01:11.000Z","volume":500,"price":43.55,"category":"rbull"},{"type":"A","date":"2018-03-14T02:01:11.000Z","volume":500,"price":43.55,"category":"rbull"},{"type":"A","date":"2018-03-14T02:01:11.000Z","volume":500,"price":43.55,"category":"rbull"},{"type":"A","date":"2018-03-14T02:00:51.000Z","volume":500,"price":43.55,"category":"rbull"},{"type":"A","date":"2018-03-14T02:00:40.000Z","volume":500,"price":43.55,"category":"rbull"},{"type":"A","date":"2018-03-14T01:59:22.000Z","volume":500,"price":43.55,"category":"rbull"},{"type":"A","date":"2018-03-14T01:58:57.000Z","volume":500,"price":43.5,"category":"rbull"},{"type":"A","date":"2018-03-14T01:58:49.000Z","volume":500,"price":43.45,"category":"rbull"},{"type":"A","date":"2018-03-14T01:58:05.000Z","volume":500,"price":43.45,"category":"rbull"},{"type":"A","date":"2018-03-14T01:57:17.000Z","volume":500,"price":43.45,"category":"rbull"},{"type":"A","date":"2018-03-14T01:57:10.000Z","volume":500,"price":43.45,"category":"rbull"},{"type":"A","date":"2018-03-14T01:56:49.000Z","volume":500,"price":43.5,"category":"rbull"},{"type":"A","date":"2018-03-14T01:56:47.000Z","volume":500,"price":43.5,"category":"rbull"},{"type":"A","date":"2018-03-14T01:56:47.000Z","volume":500,"price":43.5,"category":"rbull"},{"type":"A","date":"2018-03-14T01:56:41.000Z","volume":500,"price":43.5,"category":"rbull"},{"type":"A","date":"2018-03-14T01:56:41.000Z","volume":500,"price":43.5,"category":"rbull"},{"type":"A","date":"2018-03-14T01:56:07.000Z","volume":500,"price":43.5,"category":"rbull"},{"type":"A","date":"2018-03-14T01:55:33.000Z","volume":500,"price":43.5,"category":"rbull"},{"type":"A","date":"2018-03-14T01:55:18.000Z","volume":500,"price":43.5,"category":"rbull"},{"type":"A","date":"2018-03-14T01:55:18.000Z","volume":500,"price":43.5,"category":"rbull"},{"type":"A","date":"2018-03-14T01:55:00.000Z","volume":500,"price":43.5,"category":"rbull"},{"type":"A","date":"2018-03-14T01:54:33.000Z","volume":500,"price":43.5,"category":"rbull"},{"type":"A","date":"2018-03-14T01:54:25.000Z","volume":500,"price":43.5,"category":"rbull"},{"type":"A","date":"2018-03-14T01:53:43.000Z","volume":500,"price":43.5,"category":"rbull"},{"type":"A","date":"2018-03-14T01:53:28.000Z","volume":500,"price":43.5,"category":"rbull"},{"type":"A","date":"2018-03-14T01:53:22.000Z","volume":500,"price":43.5,"category":"rbull"},{"type":"A","date":"2018-03-14T01:52:34.000Z","volume":500,"price":43.5,"category":"rbull"},{"type":"A","date":"2018-03-14T01:52:25.000Z","volume":500,"price":43.45,"category":"rbull"},{"type":"A","date":"2018-03-14T01:52:25.000Z","volume":500,"price":43.45,"category":"rbull"},{"type":"A","date":"2018-03-14T01:51:56.000Z","volume":500,"price":43.45,"category":"rbull"},{"type":"A","date":"2018-03-14T01:51:32.000Z","volume":500,"price":43.45,"category":"rbull"},{"type":"A","date":"2018-03-14T01:50:40.000Z","volume":500,"price":43.45,"category":"rbull"},{"type":"A","date":"2018-03-14T01:50:18.000Z","volume":500,"price":43.45,"category":"rbull"},{"type":"A","date":"2018-03-14T01:50:08.000Z","volume":500,"price":43.45,"category":"rbull"},{"type":"A","date":"2018-03-14T01:49:56.000Z","volume":500,"price":43.45,"category":"rbull"},{"type":"A","date":"2018-03-14T01:49:36.000Z","volume":500,"price":43.45,"category":"rbull"},{"type":"A","date":"2018-03-14T01:49:32.000Z","volume":500,"price":43.45,"category":"rbull"},{"type":"A","date":"2018-03-14T01:49:05.000Z","volume":500,"price":43.5,"category":"rbull"},{"type":"A","date":"2018-03-14T01:49:04.000Z","volume":500,"price":43.5,"category":"rbull"},{"type":"A","date":"2018-03-14T01:48:57.000Z","volume":500,"price":43.45,"category":"rbull"},{"type":"A","date":"2018-03-14T01:48:56.000Z","volume":500,"price":43.45,"category":"rbull"},{"type":"A","date":"2018-03-14T01:48:35.000Z","volume":500,"price":43.45,"category":"rbull"},{"type":"A","date":"2018-03-14T01:48:33.000Z","volume":500,"price":43.45,"category":"rbull"},{"type":"A","date":"2018-03-14T01:47:54.000Z","volume":500,"price":43.55,"category":"rbull"},{"type":"A","date":"2018-03-14T01:47:02.000Z","volume":500,"price":43.55,"category":"rbull"},{"type":"A","date":"2018-03-14T01:46:21.000Z","volume":500,"price":43.55,"category":"rbull"},{"type":"A","date":"2018-03-14T01:46:19.000Z","volume":500,"price":43.55,"category":"rbull"},{"type":"A","date":"2018-03-14T01:46:16.000Z","volume":500,"price":43.55,"category":"rbull"},{"type":"A","date":"2018-03-14T01:46:14.000Z","volume":500,"price":43.55,"category":"rbull"},{"type":"A","date":"2018-03-14T01:45:41.000Z","volume":500,"price":43.55,"category":"rbull"},{"type":"A","date":"2018-03-14T01:45:32.000Z","volume":500,"price":43.55,"category":"rbull"},{"type":"A","date":"2018-03-14T01:44:42.000Z","volume":500,"price":43.6,"category":"rbull"},{"type":"A","date":"2018-03-14T01:42:48.000Z","volume":500,"price":43.6,"category":"rbull"},{"type":"A","date":"2018-03-14T01:42:20.000Z","volume":500,"price":43.6,"category":"rbull"},{"type":"A","date":"2018-03-14T01:42:14.000Z","volume":500,"price":43.6,"category":"rbull"},{"type":"A","date":"2018-03-14T01:41:56.000Z","volume":500,"price":43.6,"category":"rbull"},{"type":"A","date":"2018-03-14T01:41:11.000Z","volume":500,"price":43.65,"category":"rbull"},{"type":"A","date":"2018-03-14T01:40:33.000Z","volume":500,"price":43.7,"category":"rbull"},{"type":"A","date":"2018-03-14T01:40:29.000Z","volume":500,"price":43.7,"category":"rbull"},{"type":"A","date":"2018-03-14T01:38:47.000Z","volume":500,"price":43.7,"category":"rbull"},{"type":"A","date":"2018-03-14T01:37:56.000Z","volume":500,"price":43.7,"category":"rbull"},{"type":"A","date":"2018-03-14T01:37:41.000Z","volume":500,"price":43.65,"category":"rbull"},{"type":"A","date":"2018-03-14T01:37:02.000Z","volume":500,"price":43.65,"category":"rbull"},{"type":"A","date":"2018-03-14T01:35:54.000Z","volume":500,"price":43.65,"category":"rbull"},{"type":"A","date":"2018-03-14T01:35:34.000Z","volume":500,"price":43.65,"category":"rbull"},{"type":"A","date":"2018-03-14T01:33:37.000Z","volume":500,"price":43.7,"category":"rbull"},{"type":"A","date":"2018-03-14T01:33:14.000Z","volume":500,"price":43.7,"category":"rbull"},{"type":"A","date":"2018-03-14T01:33:14.000Z","volume":500,"price":43.7,"category":"rbull"},{"type":"A","date":"2018-03-14T01:33:10.000Z","volume":500,"price":43.7,"category":"rbull"},{"type":"A","date":"2018-03-14T01:32:07.000Z","volume":500,"price":43.7,"category":"rbull"},{"type":"A","date":"2018-03-14T01:32:07.000Z","volume":500,"price":43.7,"category":"rbull"},{"type":"A","date":"2018-03-14T01:31:53.000Z","volume":500,"price":43.7,"category":"rbull"},{"type":"A","date":"2018-03-14T01:31:47.000Z","volume":500,"price":43.7,"category":"rbull"},{"type":"A","date":"2018-03-14T01:31:32.000Z","volume":500,"price":43.7,"category":"rbull"},{"type":"A","date":"2018-03-14T01:31:31.000Z","volume":500,"price":43.7,"category":"rbull"},{"type":"A","date":"2018-03-14T01:31:15.000Z","volume":500,"price":43.7,"category":"rbull"},{"type":"A","date":"2018-03-14T01:31:13.000Z","volume":500,"price":43.7,"category":"rbull"},{"type":"A","date":"2018-03-14T01:30:47.000Z","volume":500,"price":43.7,"category":"rbull"},{"type":"A","date":"2018-03-14T01:30:47.000Z","volume":500,"price":43.7,"category":"rbull"},{"type":"A","date":"2018-03-14T01:30:47.000Z","volume":500,"price":43.7,"category":"rbull"},{"type":"A","date":"2018-03-14T01:30:44.000Z","volume":500,"price":43.7,"category":"rbull"},{"type":"A","date":"2018-03-14T01:30:31.000Z","volume":500,"price":43.7,"category":"rbull"},{"type":"A","date":"2018-03-14T01:30:31.000Z","volume":500,"price":43.7,"category":"rbull"},{"type":"A","date":"2018-03-14T01:30:25.000Z","volume":500,"price":43.7,"category":"rbull"},{"type":"A","date":"2018-03-14T01:30:09.000Z","volume":500,"price":43.7,"category":"rbull"},{"type":"A","date":"2018-03-14T01:30:07.000Z","volume":500,"price":43.7,"category":"rbull"},{"type":"A","date":"2018-03-14T01:30:02.000Z","volume":500,"price":43.7,"category":"rbull"},{"type":"B","date":"2018-03-14T07:59:07.000Z","volume":500,"price":43.95,"category":"rbear"},{"type":"B","date":"2018-03-14T07:59:01.000Z","volume":500,"price":43.95,"category":"rbear"},{"type":"B","date":"2018-03-14T07:56:10.000Z","volume":500,"price":43.9,"category":"rbear"},{"type":"B","date":"2018-03-14T07:55:01.000Z","volume":500,"price":43.9,"category":"rbear"},{"type":"B","date":"2018-03-14T07:47:14.000Z","volume":500,"price":43.9,"category":"rbear"},{"type":"B","date":"2018-03-14T07:39:56.000Z","volume":500,"price":43.85,"category":"rbear"},{"type":"B","date":"2018-03-14T07:35:12.000Z","volume":500,"price":43.85,"category":"rbear"},{"type":"B","date":"2018-03-14T07:34:47.000Z","volume":500,"price":43.85,"category":"rbear"},{"type":"B","date":"2018-03-14T07:26:04.000Z","volume":500,"price":43.8,"category":"rbear"},{"type":"B","date":"2018-03-14T07:25:58.000Z","volume":500,"price":43.8,"category":"rbear"},{"type":"B","date":"2018-03-14T07:25:53.000Z","volume":500,"price":43.8,"category":"rbear"},{"type":"B","date":"2018-03-14T07:25:49.000Z","volume":500,"price":43.8,"category":"rbear"},{"type":"B","date":"2018-03-14T07:25:06.000Z","volume":500,"price":43.8,"category":"rbear"},{"type":"B","date":"2018-03-14T07:24:38.000Z","volume":500,"price":43.8,"category":"rbear"},{"type":"B","date":"2018-03-14T07:21:06.000Z","volume":500,"price":43.85,"category":"rbear"},{"type":"B","date":"2018-03-14T07:12:39.000Z","volume":500,"price":43.8,"category":"rbear"},{"type":"B","date":"2018-03-14T06:58:37.000Z","volume":500,"price":43.75,"category":"rbear"},{"type":"B","date":"2018-03-14T06:56:55.000Z","volume":500,"price":43.75,"category":"rbear"},{"type":"B","date":"2018-03-14T06:56:36.000Z","volume":500,"price":43.75,"category":"rbear"},{"type":"B","date":"2018-03-14T06:56:29.000Z","volume":500,"price":43.75,"category":"rbear"},{"type":"B","date":"2018-03-14T06:56:26.000Z","volume":500,"price":43.75,"category":"rbear"},{"type":"B","date":"2018-03-14T06:56:19.000Z","volume":500,"price":43.75,"category":"rbear"},{"type":"B","date":"2018-03-14T06:53:25.000Z","volume":500,"price":43.75,"category":"rbear"},{"type":"B","date":"2018-03-14T06:42:14.000Z","volume":500,"price":43.7,"category":"rbear"},{"type":"B","date":"2018-03-14T06:19:55.000Z","volume":500,"price":43.7,"category":"rbear"},{"type":"B","date":"2018-03-14T06:14:51.000Z","volume":500,"price":43.7,"category":"rbear"},{"type":"B","date":"2018-03-14T06:11:50.000Z","volume":500,"price":43.7,"category":"rbear"},{"type":"B","date":"2018-03-14T06:06:15.000Z","volume":500,"price":43.7,"category":"rbear"},{"type":"B","date":"2018-03-14T06:01:57.000Z","volume":500,"price":43.7,"category":"rbear"},{"type":"B","date":"2018-03-14T05:56:27.000Z","volume":500,"price":43.7,"category":"rbear"},{"type":"B","date":"2018-03-14T05:55:12.000Z","volume":500,"price":43.75,"category":"rbear"},{"type":"B","date":"2018-03-14T05:55:12.000Z","volume":500,"price":43.75,"category":"rbear"},{"type":"B","date":"2018-03-14T05:54:12.000Z","volume":500,"price":43.7,"category":"rbear"},{"type":"B","date":"2018-03-14T05:46:57.000Z","volume":500,"price":43.7,"category":"rbear"},{"type":"B","date":"2018-03-14T05:34:42.000Z","volume":500,"price":43.7,"category":"rbear"},{"type":"B","date":"2018-03-14T05:33:51.000Z","volume":500,"price":43.7,"category":"rbear"},{"type":"B","date":"2018-03-14T05:33:42.000Z","volume":500,"price":43.7,"category":"rbear"},{"type":"B","date":"2018-03-14T05:26:56.000Z","volume":500,"price":43.75,"category":"rbear"},{"type":"B","date":"2018-03-14T05:23:26.000Z","volume":500,"price":43.7,"category":"rbear"},{"type":"B","date":"2018-03-14T05:21:25.000Z","volume":500,"price":43.65,"category":"rbear"},{"type":"B","date":"2018-03-14T05:04:16.000Z","volume":500,"price":43.6,"category":"rbear"},{"type":"B","date":"2018-03-14T03:51:44.000Z","volume":500,"price":43.6,"category":"rbear"},{"type":"B","date":"2018-03-14T03:46:55.000Z","volume":500,"price":43.55,"category":"rbear"},{"type":"B","date":"2018-03-14T03:43:56.000Z","volume":500,"price":43.55,"category":"rbear"},{"type":"B","date":"2018-03-14T03:40:59.000Z","volume":500,"price":43.55,"category":"rbear"},{"type":"B","date":"2018-03-14T03:38:13.000Z","volume":500,"price":43.55,"category":"rbear"},{"type":"B","date":"2018-03-14T03:35:40.000Z","volume":500,"price":43.55,"category":"rbear"},{"type":"B","date":"2018-03-14T03:32:00.000Z","volume":500,"price":43.55,"category":"rbear"},{"type":"B","date":"2018-03-14T03:28:40.000Z","volume":500,"price":43.55,"category":"rbear"},{"type":"B","date":"2018-03-14T03:22:40.000Z","volume":500,"price":43.6,"category":"rbear"},{"type":"B","date":"2018-03-14T03:15:06.000Z","volume":500,"price":43.55,"category":"rbear"},{"type":"B","date":"2018-03-14T03:07:42.000Z","volume":500,"price":43.55,"category":"rbear"},{"type":"B","date":"2018-03-14T03:01:07.000Z","volume":500,"price":43.5,"category":"rbear"},{"type":"B","date":"2018-03-14T02:54:11.000Z","volume":500,"price":43.6,"category":"rbear"},{"type":"B","date":"2018-03-14T02:54:11.000Z","volume":500,"price":43.65,"category":"rbear"},{"type":"B","date":"2018-03-14T02:54:11.000Z","volume":500,"price":43.65,"category":"rbear"},{"type":"B","date":"2018-03-14T02:54:11.000Z","volume":500,"price":43.65,"category":"rbear"},{"type":"B","date":"2018-03-14T02:52:54.000Z","volume":500,"price":43.65,"category":"rbear"},{"type":"B","date":"2018-03-14T02:48:53.000Z","volume":500,"price":43.55,"category":"rbear"},{"type":"B","date":"2018-03-14T02:40:48.000Z","volume":500,"price":43.55,"category":"rbear"},{"type":"B","date":"2018-03-14T02:40:45.000Z","volume":500,"price":43.55,"category":"rbear"},{"type":"B","date":"2018-03-14T02:35:36.000Z","volume":500,"price":43.55,"category":"rbear"},{"type":"B","date":"2018-03-14T02:34:11.000Z","volume":500,"price":43.55,"category":"rbear"},{"type":"B","date":"2018-03-14T02:21:45.000Z","volume":500,"price":43.55,"category":"rbear"},{"type":"B","date":"2018-03-14T02:19:28.000Z","volume":500,"price":43.55,"category":"rbear"},{"type":"B","date":"2018-03-14T02:18:46.000Z","volume":500,"price":43.55,"category":"rbear"},{"type":"B","date":"2018-03-14T02:16:50.000Z","volume":500,"price":43.55,"category":"rbear"},{"type":"B","date":"2018-03-14T02:13:08.000Z","volume":500,"price":43.6,"category":"rbear"},{"type":"B","date":"2018-03-14T02:09:41.000Z","volume":500,"price":43.65,"category":"rbear"},{"type":"B","date":"2018-03-14T02:08:02.000Z","volume":500,"price":43.65,"category":"rbear"},{"type":"B","date":"2018-03-14T01:59:23.000Z","volume":500,"price":43.5,"category":"rbear"},{"type":"B","date":"2018-03-14T01:53:26.000Z","volume":500,"price":43.45,"category":"rbear"},{"type":"B","date":"2018-03-14T01:53:19.000Z","volume":500,"price":43.45,"category":"rbear"},{"type":"B","date":"2018-03-14T01:52:32.000Z","volume":500,"price":43.4,"category":"rbear"},{"type":"B","date":"2018-03-14T01:49:30.000Z","volume":500,"price":43.45,"category":"rbear"},{"type":"B","date":"2018-03-14T01:46:30.000Z","volume":500,"price":43.5,"category":"rbear"},{"type":"B","date":"2018-03-14T01:46:22.000Z","volume":500,"price":43.55,"category":"rbear"},{"type":"B","date":"2018-03-14T01:45:29.000Z","volume":500,"price":43.5,"category":"rbear"},{"type":"B","date":"2018-03-14T01:45:27.000Z","volume":500,"price":43.5,"category":"rbear"},{"type":"B","date":"2018-03-14T01:44:48.000Z","volume":500,"price":43.5,"category":"rbear"},{"type":"B","date":"2018-03-14T01:44:48.000Z","volume":500,"price":43.55,"category":"rbear"},{"type":"B","date":"2018-03-14T01:42:12.000Z","volume":500,"price":43.5,"category":"rbear"},{"type":"B","date":"2018-03-14T01:41:20.000Z","volume":500,"price":43.6,"category":"rbear"},{"type":"B","date":"2018-03-14T01:39:56.000Z","volume":500,"price":43.6,"category":"rbear"},{"type":"B","date":"2018-03-14T01:33:44.000Z","volume":500,"price":43.65,"category":"rbear"},{"type":"B","date":"2018-03-14T01:32:45.000Z","volume":500,"price":43.65,"category":"rbear"},{"type":"B","date":"2018-03-14T01:32:09.000Z","volume":500,"price":43.65,"category":"rbear"},{"type":"B","date":"2018-03-14T01:31:12.000Z","volume":500,"price":43.65,"category":"rbear"},{"type":"B","date":"2018-03-14T01:30:12.000Z","volume":500,"price":43.6,"category":"rbear"},{"type":"B","date":"2018-03-14T01:30:11.000Z","volume":500,"price":43.6,"category":"rbear"},{"type":"B","date":"2018-03-14T01:30:01.000Z","volume":500,"price":43.6,"category":"rbear"},{"type":"B","date":"2018-03-14T07:55:33.000Z","volume":5000,"price":43.9,"category":"bbear"},{"type":"B","date":"2018-03-14T07:53:49.000Z","volume":3000,"price":43.9,"category":"bbear"},{"type":"B","date":"2018-03-14T07:39:49.000Z","volume":2500,"price":43.85,"category":"bbear"},{"type":"B","date":"2018-03-14T07:35:12.000Z","volume":4000,"price":43.85,"category":"bbear"},{"type":"B","date":"2018-03-14T07:34:32.000Z","volume":3000,"price":43.85,"category":"bbear"},{"type":"B","date":"2018-03-14T07:24:51.000Z","volume":3000,"price":43.8,"category":"bbear"},{"type":"B","date":"2018-03-14T07:21:07.000Z","volume":3000,"price":43.85,"category":"bbear"},{"type":"B","date":"2018-03-14T07:17:01.000Z","volume":5000,"price":43.8,"category":"bbear"},{"type":"B","date":"2018-03-14T07:16:31.000Z","volume":3000,"price":43.8,"category":"bbear"},{"type":"B","date":"2018-03-14T07:12:01.000Z","volume":4000,"price":43.8,"category":"bbear"},{"type":"B","date":"2018-03-14T06:58:08.000Z","volume":3500,"price":43.75,"category":"bbear"},{"type":"B","date":"2018-03-14T06:57:37.000Z","volume":4000,"price":43.75,"category":"bbear"},{"type":"B","date":"2018-03-14T06:53:27.000Z","volume":5500,"price":43.75,"category":"bbear"},{"type":"B","date":"2018-03-14T06:49:44.000Z","volume":2500,"price":43.75,"category":"bbear"},{"type":"B","date":"2018-03-14T06:37:03.000Z","volume":4000,"price":43.7,"category":"bbear"},{"type":"B","date":"2018-03-14T06:26:32.000Z","volume":4000,"price":43.7,"category":"bbear"},{"type":"B","date":"2018-03-14T06:26:11.000Z","volume":3000,"price":43.7,"category":"bbear"},{"type":"B","date":"2018-03-14T06:23:56.000Z","volume":5000,"price":43.7,"category":"bbear"},{"type":"B","date":"2018-03-14T06:22:02.000Z","volume":4000,"price":43.7,"category":"bbear"},{"type":"B","date":"2018-03-14T06:20:09.000Z","volume":5000,"price":43.7,"category":"bbear"},{"type":"B","date":"2018-03-14T06:18:15.000Z","volume":5000,"price":43.7,"category":"bbear"},{"type":"B","date":"2018-03-14T06:16:22.000Z","volume":3000,"price":43.7,"category":"bbear"},{"type":"B","date":"2018-03-14T06:10:32.000Z","volume":4500,"price":43.7,"category":"bbear"},{"type":"B","date":"2018-03-14T05:55:12.000Z","volume":4500,"price":43.75,"category":"bbear"},{"type":"B","date":"2018-03-14T05:51:30.000Z","volume":5000,"price":43.75,"category":"bbear"},{"type":"B","date":"2018-03-14T05:51:30.000Z","volume":5000,"price":43.75,"category":"bbear"},{"type":"B","date":"2018-03-14T05:51:21.000Z","volume":5000,"price":43.75,"category":"bbear"},{"type":"B","date":"2018-03-14T05:51:20.000Z","volume":5000,"price":43.75,"category":"bbear"},{"type":"B","date":"2018-03-14T05:48:29.000Z","volume":3000,"price":43.75,"category":"bbear"},{"type":"B","date":"2018-03-14T05:47:30.000Z","volume":5000,"price":43.7,"category":"bbear"},{"type":"B","date":"2018-03-14T05:38:07.000Z","volume":3000,"price":43.65,"category":"bbear"},{"type":"B","date":"2018-03-14T05:36:40.000Z","volume":3000,"price":43.65,"category":"bbear"},{"type":"B","date":"2018-03-14T05:32:05.000Z","volume":2500,"price":43.7,"category":"bbear"},{"type":"B","date":"2018-03-14T05:23:40.000Z","volume":3500,"price":43.7,"category":"bbear"},{"type":"B","date":"2018-03-14T03:42:09.000Z","volume":3000,"price":43.55,"category":"bbear"},{"type":"B","date":"2018-03-14T03:36:39.000Z","volume":4000,"price":43.55,"category":"bbear"},{"type":"B","date":"2018-03-14T03:24:31.000Z","volume":2500,"price":43.6,"category":"bbear"},{"type":"B","date":"2018-03-14T03:22:08.000Z","volume":3000,"price":43.6,"category":"bbear"},{"type":"B","date":"2018-03-14T03:20:28.000Z","volume":4000,"price":43.6,"category":"bbear"},{"type":"B","date":"2018-03-14T03:13:09.000Z","volume":3000,"price":43.55,"category":"bbear"},{"type":"B","date":"2018-03-14T03:12:10.000Z","volume":3000,"price":43.55,"category":"bbear"},{"type":"B","date":"2018-03-14T03:07:32.000Z","volume":2500,"price":43.55,"category":"bbear"},{"type":"B","date":"2018-03-14T02:54:11.000Z","volume":2500,"price":43.65,"category":"bbear"},{"type":"B","date":"2018-03-14T02:52:54.000Z","volume":3000,"price":43.65,"category":"bbear"},{"type":"B","date":"2018-03-14T02:52:54.000Z","volume":3000,"price":43.65,"category":"bbear"},{"type":"B","date":"2018-03-14T02:52:32.000Z","volume":2500,"price":43.65,"category":"bbear"},{"type":"B","date":"2018-03-14T02:45:49.000Z","volume":2500,"price":43.55,"category":"bbear"},{"type":"B","date":"2018-03-14T02:36:54.000Z","volume":5000,"price":43.55,"category":"bbear"},{"type":"B","date":"2018-03-14T02:35:18.000Z","volume":5000,"price":43.55,"category":"bbear"},{"type":"B","date":"2018-03-14T02:32:32.000Z","volume":3000,"price":43.55,"category":"bbear"},{"type":"B","date":"2018-03-14T02:26:31.000Z","volume":2500,"price":43.55,"category":"bbear"},{"type":"B","date":"2018-03-14T02:23:40.000Z","volume":3000,"price":43.55,"category":"bbear"},{"type":"B","date":"2018-03-14T02:22:41.000Z","volume":5000,"price":43.55,"category":"bbear"},{"type":"B","date":"2018-03-14T02:20:49.000Z","volume":5000,"price":43.55,"category":"bbear"},{"type":"B","date":"2018-03-14T02:18:09.000Z","volume":2500,"price":43.55,"category":"bbear"},{"type":"B","date":"2018-03-14T02:16:21.000Z","volume":3000,"price":43.55,"category":"bbear"},{"type":"B","date":"2018-03-14T02:15:17.000Z","volume":4000,"price":43.55,"category":"bbear"},{"type":"B","date":"2018-03-14T02:09:41.000Z","volume":3000,"price":43.65,"category":"bbear"},{"type":"B","date":"2018-03-14T02:05:30.000Z","volume":5000,"price":43.55,"category":"bbear"},{"type":"B","date":"2018-03-14T01:57:09.000Z","volume":3500,"price":43.45,"category":"bbear"},{"type":"B","date":"2018-03-14T01:53:22.000Z","volume":5000,"price":43.45,"category":"bbear"},{"type":"B","date":"2018-03-14T01:50:15.000Z","volume":3500,"price":43.4,"category":"bbear"},{"type":"B","date":"2018-03-14T01:50:08.000Z","volume":5000,"price":43.4,"category":"bbear"},{"type":"B","date":"2018-03-14T01:49:30.000Z","volume":2500,"price":43.45,"category":"bbear"},{"type":"B","date":"2018-03-14T01:49:27.000Z","volume":2500,"price":43.45,"category":"bbear"},{"type":"B","date":"2018-03-14T01:48:30.000Z","volume":4000,"price":43.45,"category":"bbear"},{"type":"B","date":"2018-03-14T01:46:22.000Z","volume":4000,"price":43.55,"category":"bbear"},{"type":"B","date":"2018-03-14T01:46:14.000Z","volume":5500,"price":43.5,"category":"bbear"},{"type":"B","date":"2018-03-14T01:46:14.000Z","volume":3500,"price":43.5,"category":"bbear"},{"type":"B","date":"2018-03-14T01:42:47.000Z","volume":3000,"price":43.5,"category":"bbear"},{"type":"B","date":"2018-03-14T01:42:47.000Z","volume":4000,"price":43.5,"category":"bbear"},{"type":"B","date":"2018-03-14T01:42:19.000Z","volume":5000,"price":43.5,"category":"bbear"},{"type":"B","date":"2018-03-14T01:42:12.000Z","volume":4000,"price":43.5,"category":"bbear"},{"type":"B","date":"2018-03-14T01:41:25.000Z","volume":3000,"price":43.55,"category":"bbear"},{"type":"B","date":"2018-03-14T01:41:25.000Z","volume":3000,"price":43.55,"category":"bbear"},{"type":"B","date":"2018-03-14T01:41:25.000Z","volume":4000,"price":43.6,"category":"bbear"},{"type":"B","date":"2018-03-14T01:40:46.000Z","volume":5500,"price":43.65,"category":"bbear"},{"type":"B","date":"2018-03-14T01:35:11.000Z","volume":5000,"price":43.65,"category":"bbear"},{"type":"B","date":"2018-03-14T01:34:10.000Z","volume":3000,"price":43.65,"category":"bbear"},{"type":"B","date":"2018-03-14T01:33:10.000Z","volume":3000,"price":43.65,"category":"bbear"},{"type":"B","date":"2018-03-14T01:30:35.000Z","volume":5000,"price":43.65,"category":"bbear"},{"type":"B","date":"2018-03-14T07:44:37.000Z","volume":10000,"price":43.85,"category":"ubbear"},{"type":"B","date":"2018-03-14T07:42:52.000Z","volume":20000,"price":43.85,"category":"ubbear"},{"type":"B","date":"2018-03-14T07:37:38.000Z","volume":24000,"price":43.85,"category":"ubbear"},{"type":"B","date":"2018-03-14T07:37:09.000Z","volume":20000,"price":43.85,"category":"ubbear"},{"type":"B","date":"2018-03-14T07:29:31.000Z","volume":56000,"price":43.85,"category":"ubbear"},{"type":"B","date":"2018-03-14T07:21:26.000Z","volume":55000,"price":43.85,"category":"ubbear"},{"type":"B","date":"2018-03-14T07:21:26.000Z","volume":13000,"price":43.85,"category":"ubbear"},{"type":"B","date":"2018-03-14T07:13:05.000Z","volume":10000,"price":43.8,"category":"ubbear"},{"type":"B","date":"2018-03-14T07:13:02.000Z","volume":10000,"price":43.8,"category":"ubbear"},{"type":"B","date":"2018-03-14T06:57:18.000Z","volume":10500,"price":43.75,"category":"ubbear"},{"type":"B","date":"2018-03-14T06:56:41.000Z","volume":11000,"price":43.75,"category":"ubbear"},{"type":"B","date":"2018-03-14T06:53:27.000Z","volume":43000,"price":43.75,"category":"ubbear"},{"type":"B","date":"2018-03-14T06:37:03.000Z","volume":21000,"price":43.7,"category":"ubbear"},{"type":"B","date":"2018-03-14T06:37:03.000Z","volume":8500,"price":43.7,"category":"ubbear"},{"type":"B","date":"2018-03-14T06:12:09.000Z","volume":15000,"price":43.7,"category":"ubbear"},{"type":"B","date":"2018-03-14T05:55:36.000Z","volume":6000,"price":43.7,"category":"ubbear"},{"type":"B","date":"2018-03-14T05:51:31.000Z","volume":32000,"price":43.75,"category":"ubbear"},{"type":"B","date":"2018-03-14T05:51:30.000Z","volume":9500,"price":43.75,"category":"ubbear"},{"type":"B","date":"2018-03-14T05:35:17.000Z","volume":12000,"price":43.7,"category":"ubbear"},{"type":"B","date":"2018-03-14T05:35:17.000Z","volume":9500,"price":43.7,"category":"ubbear"},{"type":"B","date":"2018-03-14T05:28:39.000Z","volume":39500,"price":43.75,"category":"ubbear"},{"type":"B","date":"2018-03-14T05:13:20.000Z","volume":13000,"price":43.65,"category":"ubbear"},{"type":"B","date":"2018-03-14T05:13:20.000Z","volume":10000,"price":43.65,"category":"ubbear"},{"type":"B","date":"2018-03-14T03:58:04.000Z","volume":10000,"price":43.6,"category":"ubbear"},{"type":"B","date":"2018-03-14T03:37:14.000Z","volume":6000,"price":43.55,"category":"ubbear"},{"type":"B","date":"2018-03-14T03:23:21.000Z","volume":15000,"price":43.6,"category":"ubbear"},{"type":"B","date":"2018-03-14T03:23:16.000Z","volume":10000,"price":43.6,"category":"ubbear"},{"type":"B","date":"2018-03-14T03:02:09.000Z","volume":10000,"price":43.5,"category":"ubbear"},{"type":"B","date":"2018-03-14T03:01:35.000Z","volume":10000,"price":43.5,"category":"ubbear"},{"type":"B","date":"2018-03-14T02:58:44.000Z","volume":15000,"price":43.5,"category":"ubbear"},{"type":"B","date":"2018-03-14T02:56:19.000Z","volume":111000,"price":43.55,"category":"ubbear"},{"type":"B","date":"2018-03-14T02:56:19.000Z","volume":52000,"price":43.6,"category":"ubbear"},{"type":"B","date":"2018-03-14T02:54:11.000Z","volume":24500,"price":43.65,"category":"ubbear"},{"type":"B","date":"2018-03-14T02:52:54.000Z","volume":24500,"price":43.65,"category":"ubbear"},{"type":"B","date":"2018-03-14T02:47:43.000Z","volume":12000,"price":43.55,"category":"ubbear"},{"type":"B","date":"2018-03-14T02:43:38.000Z","volume":20000,"price":43.55,"category":"ubbear"},{"type":"B","date":"2018-03-14T02:40:47.000Z","volume":10000,"price":43.55,"category":"ubbear"},{"type":"B","date":"2018-03-14T02:19:58.000Z","volume":20000,"price":43.55,"category":"ubbear"},{"type":"B","date":"2018-03-14T02:18:13.000Z","volume":10000,"price":43.55,"category":"ubbear"},{"type":"B","date":"2018-03-14T02:13:08.000Z","volume":22000,"price":43.6,"category":"ubbear"},{"type":"B","date":"2018-03-14T02:13:08.000Z","volume":21500,"price":43.6,"category":"ubbear"},{"type":"B","date":"2018-03-14T02:13:08.000Z","volume":10000,"price":43.6,"category":"ubbear"},{"type":"B","date":"2018-03-14T02:09:41.000Z","volume":8500,"price":43.65,"category":"ubbear"},{"type":"B","date":"2018-03-14T02:09:41.000Z","volume":8000,"price":43.65,"category":"ubbear"},{"type":"B","date":"2018-03-14T02:09:41.000Z","volume":12500,"price":43.65,"category":"ubbear"},{"type":"B","date":"2018-03-14T02:09:40.000Z","volume":13000,"price":43.65,"category":"ubbear"},{"type":"B","date":"2018-03-14T02:08:55.000Z","volume":10000,"price":43.65,"category":"ubbear"},{"type":"B","date":"2018-03-14T01:57:09.000Z","volume":32500,"price":43.45,"category":"ubbear"},{"type":"B","date":"2018-03-14T01:50:38.000Z","volume":10000,"price":43.4,"category":"ubbear"},{"type":"B","date":"2018-03-14T01:50:15.000Z","volume":10000,"price":43.4,"category":"ubbear"},{"type":"B","date":"2018-03-14T01:49:55.000Z","volume":10000,"price":43.4,"category":"ubbear"},{"type":"B","date":"2018-03-14T01:48:30.000Z","volume":16000,"price":43.45,"category":"ubbear"},{"type":"B","date":"2018-03-14T01:48:30.000Z","volume":27500,"price":43.5,"category":"ubbear"},{"type":"B","date":"2018-03-14T01:47:54.000Z","volume":9000,"price":43.5,"category":"ubbear"},{"type":"B","date":"2018-03-14T01:44:48.000Z","volume":13000,"price":43.55,"category":"ubbear"},{"type":"B","date":"2018-03-14T01:41:25.000Z","volume":12500,"price":43.6,"category":"ubbear"},{"type":"B","date":"2018-03-14T01:41:25.000Z","volume":20000,"price":43.6,"category":"ubbear"},{"type":"B","date":"2018-03-14T01:39:48.000Z","volume":7000,"price":43.65,"category":"ubbear"},{"type":"B","date":"2018-03-14T01:38:52.000Z","volume":7500,"price":43.65,"category":"ubbear"},{"type":"B","date":"2018-03-14T01:38:46.000Z","volume":10000,"price":43.65,"category":"ubbear"},{"type":"B","date":"2018-03-14T01:36:37.000Z","volume":9500,"price":43.6,"category":"ubbear"},{"type":"B","date":"2018-03-14T01:35:11.000Z","volume":10000,"price":43.65,"category":"ubbear"}]