[{"type":"U","date":"2018-05-03T01:20:00.000Z","volume":6000,"label":"U","price":0.9},{"type":"B","date":"2018-05-03T01:45:37.000Z","volume":4000,"label":" ","price":0.89},{"type":"B","date":"2018-05-03T01:59:15.000Z","volume":30000,"label":" ","price":0.89},{"type":"A","date":"2018-05-03T02:00:37.000Z","volume":50000,"label":" ","price":0.9},{"type":"A","date":"2018-05-03T02:02:43.000Z","volume":18000,"label":" ","price":0.9},{"type":"A","date":"2018-05-03T02:10:17.000Z","volume":12000,"label":" ","price":0.9},{"type":"B","date":"2018-05-03T02:37:45.000Z","volume":128000,"label":" ","price":0.89},{"type":"B","date":"2018-05-03T02:44:09.000Z","volume":10000,"label":" ","price":0.89},{"type":"B","date":"2018-05-03T03:07:22.000Z","volume":380000,"label":" ","price":0.89},{"type":"A","date":"2018-05-03T03:15:17.000Z","volume":4000,"label":" ","price":0.9},{"type":"B","date":"2018-05-03T03:15:22.000Z","volume":54000,"label":" ","price":0.89},{"type":"A","date":"2018-05-03T03:25:09.000Z","volume":2000,"label":" ","price":0.89},{"type":"A","date":"2018-05-03T03:33:35.000Z","volume":8000,"label":" ","price":0.89},{"type":"B","date":"2018-05-03T05:32:03.000Z","volume":4000,"label":" ","price":0.89},{"type":"B","date":"2018-05-03T05:32:25.000Z","volume":38000,"label":" ","price":0.89},{"type":"B","date":"2018-05-03T05:33:30.000Z","volume":38000,"label":" ","price":0.89},{"type":"B","date":"2018-05-03T05:33:38.000Z","volume":66000,"label":" ","price":0.89},{"type":"B","date":"2018-05-03T05:56:06.000Z","volume":50000,"label":" ","price":0.89},{"type":"B","date":"2018-05-03T05:57:41.000Z","volume":134000,"label":" ","price":0.89},{"type":"B","date":"2018-05-03T06:00:27.000Z","volume":30000,"label":" ","price":0.89},{"type":"B","date":"2018-05-03T06:03:19.000Z","volume":58000,"label":" ","price":0.89},{"type":"B","date":"2018-05-03T06:13:59.000Z","volume":50000,"label":" ","price":0.89},{"type":"A","date":"2018-05-03T06:25:50.000Z","volume":4000,"label":" ","price":0.9},{"type":"A","date":"2018-05-03T06:58:28.000Z","volume":16000,"label":" ","price":0.9},{"type":"B","date":"2018-05-03T07:35:36.000Z","volume":26000,"label":"Y","price":0.89},{"type":"B","date":"2018-05-03T07:35:36.000Z","volume":14000,"label":" ","price":0.89},{"type":"B","date":"2018-05-03T07:47:56.000Z","volume":20000,"label":" ","price":0.89},{"type":"B","date":"2018-05-03T07:52:45.000Z","volume":196000,"label":" ","price":0.89},{"type":"B","date":"2018-05-03T07:53:14.000Z","volume":80000,"label":" ","price":0.89},{"type":"B","date":"2018-05-03T07:58:27.000Z","volume":2000,"label":" ","price":0.89},{"type":"B","date":"2018-05-03T07:59:51.000Z","volume":10000,"label":" ","price":0.88}]