[{"type":"A","date":"2018-04-30T01:42:35.000Z","volume":1000,"label":" ","price":4.85},{"type":"A","date":"2018-04-30T01:54:46.000Z","volume":1000,"label":"Y","price":4.86},{"type":"A","date":"2018-04-30T01:54:46.000Z","volume":13000,"label":" ","price":4.86},{"type":"A","date":"2018-04-30T01:54:46.000Z","volume":2000,"label":" ","price":4.86},{"type":"A","date":"2018-04-30T01:54:46.000Z","volume":3000,"label":" ","price":4.87},{"type":"A","date":"2018-04-30T01:54:46.000Z","volume":22000,"label":" ","price":4.87},{"type":"A","date":"2018-04-30T01:54:46.000Z","volume":2000,"label":" ","price":4.87},{"type":"A","date":"2018-04-30T01:54:46.000Z","volume":1000,"label":" ","price":4.87},{"type":"A","date":"2018-04-30T01:54:46.000Z","volume":1000,"label":" ","price":4.89},{"type":"A","date":"2018-04-30T01:54:46.000Z","volume":7000,"label":" ","price":4.87},{"type":"A","date":"2018-04-30T01:54:46.000Z","volume":2000,"label":" ","price":4.89},{"type":"A","date":"2018-04-30T01:54:46.000Z","volume":2000,"label":" ","price":4.89},{"type":"A","date":"2018-04-30T01:54:46.000Z","volume":1000,"label":" ","price":4.91},{"type":"A","date":"2018-04-30T01:54:46.000Z","volume":1000,"label":" ","price":4.87},{"type":"A","date":"2018-04-30T01:54:46.000Z","volume":2000,"label":" ","price":4.87},{"type":"B","date":"2018-04-30T01:54:55.000Z","volume":1000,"label":" ","price":4.89},{"type":"B","date":"2018-04-30T01:57:16.000Z","volume":1000,"label":" ","price":4.89},{"type":"B","date":"2018-04-30T01:57:38.000Z","volume":8000,"label":" ","price":4.89},{"type":"B","date":"2018-04-30T01:57:38.000Z","volume":2000,"label":" ","price":4.89},{"type":"A","date":"2018-04-30T01:57:38.000Z","volume":1000,"label":" ","price":4.9},{"type":"B","date":"2018-04-30T01:57:38.000Z","volume":1000,"label":"Y","price":4.89},{"type":"B","date":"2018-04-30T01:57:52.000Z","volume":1000,"label":" ","price":4.88},{"type":"U","date":"2018-04-30T02:02:49.000Z","volume":1000,"label":"X","price":4.885},{"type":"B","date":"2018-04-30T02:02:58.000Z","volume":1000,"label":" ","price":4.88},{"type":"U","date":"2018-04-30T02:06:59.000Z","volume":1000,"label":"X","price":4.885},{"type":"B","date":"2018-04-30T02:08:24.000Z","volume":1000,"label":" ","price":4.88},{"type":"B","date":"2018-04-30T02:13:48.000Z","volume":1000,"label":" ","price":4.88},{"type":"A","date":"2018-04-30T02:15:18.000Z","volume":4000,"label":" ","price":4.89},{"type":"B","date":"2018-04-30T02:15:18.000Z","volume":1000,"label":" ","price":4.88},{"type":"A","date":"2018-04-30T02:18:05.000Z","volume":3000,"label":" ","price":4.89},{"type":"A","date":"2018-04-30T02:20:19.000Z","volume":1000,"label":" ","price":4.89},{"type":"A","date":"2018-04-30T02:25:21.000Z","volume":1000,"label":" ","price":4.89},{"type":"A","date":"2018-04-30T02:30:58.000Z","volume":1000,"label":" ","price":4.89},{"type":"B","date":"2018-04-30T02:33:00.000Z","volume":1000,"label":" ","price":4.88},{"type":"B","date":"2018-04-30T02:33:02.000Z","volume":4000,"label":" ","price":4.88},{"type":"B","date":"2018-04-30T02:33:27.000Z","volume":1000,"label":" ","price":4.88},{"type":"B","date":"2018-04-30T02:33:27.000Z","volume":2000,"label":" ","price":4.88},{"type":"B","date":"2018-04-30T02:34:35.000Z","volume":1000,"label":" ","price":4.88},{"type":"B","date":"2018-04-30T02:36:56.000Z","volume":3000,"label":" ","price":4.88},{"type":"B","date":"2018-04-30T02:37:00.000Z","volume":1000,"label":" ","price":4.88},{"type":"B","date":"2018-04-30T02:38:22.000Z","volume":2000,"label":" ","price":4.87},{"type":"A","date":"2018-04-30T02:40:20.000Z","volume":1000,"label":" ","price":4.89},{"type":"U","date":"2018-04-30T02:42:07.000Z","volume":1000,"label":"X","price":4.88},{"type":"U","date":"2018-04-30T02:43:17.000Z","volume":1000,"label":"X","price":4.88},{"type":"B","date":"2018-04-30T02:43:59.000Z","volume":1000,"label":" ","price":4.87},{"type":"B","date":"2018-04-30T02:46:35.000Z","volume":1000,"label":" ","price":4.87},{"type":"U","date":"2018-04-30T02:46:35.000Z","volume":1000,"label":"X","price":4.88},{"type":"A","date":"2018-04-30T02:50:27.000Z","volume":1000,"label":" ","price":4.89},{"type":"B","date":"2018-04-30T02:50:27.000Z","volume":1000,"label":" ","price":4.87},{"type":"B","date":"2018-04-30T02:54:58.000Z","volume":1000,"label":" ","price":4.87},{"type":"B","date":"2018-04-30T03:07:55.000Z","volume":1000,"label":" ","price":4.87},{"type":"A","date":"2018-04-30T03:25:58.000Z","volume":1000,"label":"Y","price":4.88},{"type":"U","date":"2018-04-30T03:25:58.000Z","volume":1000,"label":"X","price":4.875},{"type":"A","date":"2018-04-30T03:35:18.000Z","volume":1000,"label":"Y","price":4.88},{"type":"A","date":"2018-04-30T03:35:35.000Z","volume":23000,"label":" ","price":4.88},{"type":"B","date":"2018-04-30T03:35:35.000Z","volume":2000,"label":" ","price":4.88},{"type":"B","date":"2018-04-30T03:35:39.000Z","volume":3000,"label":" ","price":4.88},{"type":"B","date":"2018-04-30T03:35:44.000Z","volume":1000,"label":" ","price":4.88},{"type":"B","date":"2018-04-30T03:35:46.000Z","volume":2000,"label":" ","price":4.88},{"type":"B","date":"2018-04-30T03:37:11.000Z","volume":2000,"label":" ","price":4.88},{"type":"B","date":"2018-04-30T03:37:17.000Z","volume":2000,"label":" ","price":4.88},{"type":"B","date":"2018-04-30T03:40:26.000Z","volume":1000,"label":" ","price":4.88},{"type":"B","date":"2018-04-30T03:42:58.000Z","volume":1000,"label":" ","price":4.88},{"type":"B","date":"2018-04-30T03:43:02.000Z","volume":3000,"label":" ","price":4.88},{"type":"U","date":"2018-04-30T03:45:31.000Z","volume":2000,"label":"X","price":4.885},{"type":"B","date":"2018-04-30T03:45:31.000Z","volume":1000,"label":" ","price":4.88},{"type":"U","date":"2018-04-30T03:50:35.000Z","volume":1000,"label":"X","price":4.885},{"type":"U","date":"2018-04-30T03:50:35.000Z","volume":1000,"label":"X","price":4.885},{"type":"B","date":"2018-04-30T03:50:35.000Z","volume":1000,"label":" ","price":4.88},{"type":"B","date":"2018-04-30T03:58:59.000Z","volume":1000,"label":" ","price":4.88},{"type":"A","date":"2018-04-30T05:03:15.000Z","volume":2000,"label":" ","price":4.89},{"type":"A","date":"2018-04-30T05:03:15.000Z","volume":2000,"label":" ","price":4.9},{"type":"B","date":"2018-04-30T05:04:03.000Z","volume":1000,"label":" ","price":4.89},{"type":"B","date":"2018-04-30T05:04:35.000Z","volume":1000,"label":" ","price":4.89},{"type":"A","date":"2018-04-30T05:05:21.000Z","volume":1000,"label":" ","price":4.9},{"type":"B","date":"2018-04-30T05:07:50.000Z","volume":5000,"label":" ","price":4.89},{"type":"B","date":"2018-04-30T05:07:57.000Z","volume":1000,"label":" ","price":4.88},{"type":"B","date":"2018-04-30T05:09:55.000Z","volume":5000,"label":" ","price":4.88},{"type":"B","date":"2018-04-30T05:10:52.000Z","volume":1000,"label":" ","price":4.88},{"type":"B","date":"2018-04-30T05:11:03.000Z","volume":1000,"label":" ","price":4.88},{"type":"U","date":"2018-04-30T05:12:55.000Z","volume":1000,"label":"X","price":4.885},{"type":"U","date":"2018-04-30T05:13:02.000Z","volume":1000,"label":"X","price":4.885},{"type":"B","date":"2018-04-30T05:14:08.000Z","volume":1000,"label":" ","price":4.88},{"type":"U","date":"2018-04-30T05:42:44.000Z","volume":1000,"label":"X","price":4.885},{"type":"B","date":"2018-04-30T06:06:05.000Z","volume":1000,"label":" ","price":4.88},{"type":"B","date":"2018-04-30T06:11:43.000Z","volume":9000,"label":" ","price":4.88},{"type":"B","date":"2018-04-30T06:11:43.000Z","volume":11000,"label":" ","price":4.87},{"type":"B","date":"2018-04-30T06:11:43.000Z","volume":1000,"label":" ","price":4.87},{"type":"B","date":"2018-04-30T06:13:48.000Z","volume":4000,"label":" ","price":4.87},{"type":"B","date":"2018-04-30T06:18:00.000Z","volume":3000,"label":" ","price":4.87},{"type":"B","date":"2018-04-30T06:19:40.000Z","volume":1000,"label":" ","price":4.86},{"type":"B","date":"2018-04-30T06:22:28.000Z","volume":10000,"label":" ","price":4.86},{"type":"B","date":"2018-04-30T06:25:08.000Z","volume":20000,"label":" ","price":4.86},{"type":"B","date":"2018-04-30T06:25:15.000Z","volume":7000,"label":" ","price":4.86},{"type":"B","date":"2018-04-30T06:25:15.000Z","volume":22000,"label":" ","price":4.86},{"type":"B","date":"2018-04-30T06:27:56.000Z","volume":3000,"label":" ","price":4.85},{"type":"B","date":"2018-04-30T06:28:16.000Z","volume":15000,"label":" ","price":4.85},{"type":"B","date":"2018-04-30T06:30:47.000Z","volume":1000,"label":" ","price":4.85},{"type":"B","date":"2018-04-30T06:31:51.000Z","volume":1000,"label":" ","price":4.85},{"type":"B","date":"2018-04-30T06:36:32.000Z","volume":1000,"label":" ","price":4.85},{"type":"A","date":"2018-04-30T06:40:17.000Z","volume":1000,"label":" ","price":4.86},{"type":"B","date":"2018-04-30T06:42:01.000Z","volume":1000,"label":" ","price":4.85},{"type":"A","date":"2018-04-30T06:43:11.000Z","volume":10000,"label":" ","price":4.86},{"type":"B","date":"2018-04-30T06:44:51.000Z","volume":1000,"label":" ","price":4.85},{"type":"A","date":"2018-04-30T06:45:22.000Z","volume":3000,"label":" ","price":4.86},{"type":"A","date":"2018-04-30T06:50:18.000Z","volume":1000,"label":" ","price":4.86},{"type":"B","date":"2018-04-30T06:50:18.000Z","volume":2000,"label":" ","price":4.85},{"type":"B","date":"2018-04-30T06:54:05.000Z","volume":1000,"label":" ","price":4.85},{"type":"A","date":"2018-04-30T06:55:23.000Z","volume":1000,"label":" ","price":4.86},{"type":"A","date":"2018-04-30T07:00:02.000Z","volume":1000,"label":"Y","price":4.86},{"type":"B","date":"2018-04-30T07:00:02.000Z","volume":2000,"label":" ","price":4.85},{"type":"A","date":"2018-04-30T07:00:22.000Z","volume":1000,"label":" ","price":4.86},{"type":"B","date":"2018-04-30T07:02:06.000Z","volume":17000,"label":" ","price":4.85},{"type":"B","date":"2018-04-30T07:02:06.000Z","volume":1000,"label":" ","price":4.85},{"type":"B","date":"2018-04-30T07:04:15.000Z","volume":1000,"label":" ","price":4.85},{"type":"A","date":"2018-04-30T07:05:28.000Z","volume":1000,"label":"Y","price":4.86},{"type":"A","date":"2018-04-30T07:05:54.000Z","volume":6000,"label":" ","price":4.86},{"type":"A","date":"2018-04-30T07:05:54.000Z","volume":6000,"label":" ","price":4.86},{"type":"A","date":"2018-04-30T07:05:58.000Z","volume":1000,"label":" ","price":4.86},{"type":"A","date":"2018-04-30T07:06:01.000Z","volume":1000,"label":" ","price":4.86},{"type":"A","date":"2018-04-30T07:11:50.000Z","volume":2000,"label":" ","price":4.87},{"type":"A","date":"2018-04-30T07:13:29.000Z","volume":4000,"label":"Y","price":4.87},{"type":"A","date":"2018-04-30T07:13:29.000Z","volume":2000,"label":" ","price":4.87},{"type":"A","date":"2018-04-30T07:13:31.000Z","volume":2000,"label":" ","price":4.89},{"type":"B","date":"2018-04-30T07:13:36.000Z","volume":2000,"label":" ","price":4.88},{"type":"A","date":"2018-04-30T07:15:25.000Z","volume":1000,"label":" ","price":4.89},{"type":"B","date":"2018-04-30T07:16:26.000Z","volume":5000,"label":" ","price":4.88},{"type":"B","date":"2018-04-30T07:17:51.000Z","volume":1000,"label":"Y","price":4.87},{"type":"A","date":"2018-04-30T07:20:22.000Z","volume":1000,"label":" ","price":4.89},{"type":"B","date":"2018-04-30T07:28:06.000Z","volume":2000,"label":" ","price":4.87},{"type":"B","date":"2018-04-30T07:30:41.000Z","volume":12000,"label":" ","price":4.87},{"type":"B","date":"2018-04-30T07:30:41.000Z","volume":8000,"label":" ","price":4.86},{"type":"A","date":"2018-04-30T07:30:41.000Z","volume":2000,"label":" ","price":4.89},{"type":"B","date":"2018-04-30T07:32:35.000Z","volume":1000,"label":" ","price":4.87},{"type":"A","date":"2018-04-30T07:34:26.000Z","volume":1000,"label":" ","price":4.89},{"type":"B","date":"2018-04-30T07:35:43.000Z","volume":2000,"label":" ","price":4.87},{"type":"A","date":"2018-04-30T07:39:35.000Z","volume":1000,"label":" ","price":4.89},{"type":"B","date":"2018-04-30T07:39:35.000Z","volume":1000,"label":" ","price":4.87},{"type":"B","date":"2018-04-30T07:41:36.000Z","volume":1000,"label":" ","price":4.87},{"type":"B","date":"2018-04-30T07:41:36.000Z","volume":3000,"label":" ","price":4.87},{"type":"B","date":"2018-04-30T07:42:06.000Z","volume":3000,"label":" ","price":4.87},{"type":"A","date":"2018-04-30T07:42:06.000Z","volume":2000,"label":" ","price":4.89},{"type":"B","date":"2018-04-30T07:44:06.000Z","volume":1000,"label":" ","price":4.87},{"type":"A","date":"2018-04-30T07:44:28.000Z","volume":1000,"label":" ","price":4.89},{"type":"B","date":"2018-04-30T07:45:06.000Z","volume":1000,"label":" ","price":4.87},{"type":"B","date":"2018-04-30T07:46:06.000Z","volume":1000,"label":" ","price":4.87},{"type":"B","date":"2018-04-30T07:48:06.000Z","volume":2000,"label":" ","price":4.87},{"type":"B","date":"2018-04-30T07:49:32.000Z","volume":1000,"label":" ","price":4.87},{"type":"B","date":"2018-04-30T07:51:41.000Z","volume":2000,"label":" ","price":4.87},{"type":"B","date":"2018-04-30T07:52:36.000Z","volume":1000,"label":" ","price":4.87},{"type":"B","date":"2018-04-30T07:52:36.000Z","volume":14000,"label":" ","price":4.87},{"type":"A","date":"2018-04-30T07:52:36.000Z","volume":3000,"label":" ","price":4.88},{"type":"B","date":"2018-04-30T07:54:06.000Z","volume":1000,"label":" ","price":4.87},{"type":"B","date":"2018-04-30T07:54:32.000Z","volume":2000,"label":" ","price":4.87},{"type":"B","date":"2018-04-30T07:55:12.000Z","volume":1000,"label":" ","price":4.87},{"type":"B","date":"2018-04-30T07:55:36.000Z","volume":1000,"label":" ","price":4.87},{"type":"B","date":"2018-04-30T07:55:40.000Z","volume":1000,"label":" ","price":4.87},{"type":"B","date":"2018-04-30T07:57:06.000Z","volume":1000,"label":" ","price":4.87},{"type":"B","date":"2018-04-30T07:57:17.000Z","volume":1000,"label":" ","price":4.87},{"type":"A","date":"2018-04-30T07:57:53.000Z","volume":1000,"label":" ","price":4.88},{"type":"B","date":"2018-04-30T07:58:06.000Z","volume":1000,"label":" ","price":4.87},{"type":"B","date":"2018-04-30T07:58:26.000Z","volume":1000,"label":" ","price":4.87},{"type":"A","date":"2018-04-30T07:58:26.000Z","volume":1000,"label":" ","price":4.88},{"type":"A","date":"2018-04-30T07:58:26.000Z","volume":2000,"label":" ","price":4.88},{"type":"B","date":"2018-04-30T07:58:37.000Z","volume":1000,"label":" ","price":4.87},{"type":"A","date":"2018-04-30T07:58:43.000Z","volume":1000,"label":" ","price":4.88},{"type":"A","date":"2018-04-30T07:58:54.000Z","volume":1000,"label":" ","price":4.88},{"type":"B","date":"2018-04-30T07:58:58.000Z","volume":1000,"label":" ","price":4.87},{"type":"A","date":"2018-04-30T07:59:07.000Z","volume":1000,"label":" ","price":4.88},{"type":"B","date":"2018-04-30T07:59:10.000Z","volume":1000,"label":" ","price":4.87},{"type":"B","date":"2018-04-30T07:59:13.000Z","volume":1000,"label":" ","price":4.87},{"type":"B","date":"2018-04-30T07:59:23.000Z","volume":1000,"label":" ","price":4.87},{"type":"A","date":"2018-04-30T07:59:25.000Z","volume":2000,"label":" ","price":4.88},{"type":"B","date":"2018-04-30T07:59:30.000Z","volume":1000,"label":" ","price":4.87},{"type":"B","date":"2018-04-30T07:59:31.000Z","volume":1000,"label":" ","price":4.87},{"type":"B","date":"2018-04-30T07:59:35.000Z","volume":1000,"label":" ","price":4.87},{"type":"B","date":"2018-04-30T07:59:37.000Z","volume":1000,"label":" ","price":4.87},{"type":"B","date":"2018-04-30T07:59:38.000Z","volume":1000,"label":" ","price":4.87},{"type":"A","date":"2018-04-30T07:59:40.000Z","volume":1000,"label":" ","price":4.88},{"type":"A","date":"2018-04-30T07:59:50.000Z","volume":1000,"label":" ","price":4.88},{"type":"U","date":"2018-04-30T08:08:06.000Z","volume":49000,"label":"U","price":4.86}]