[{"type":"A","date":"2018-04-09T01:31:00.000Z","volume":2000,"label":" ","price":0.64},{"type":"A","date":"2018-04-09T01:58:05.000Z","volume":106000,"label":" ","price":0.64},{"type":"A","date":"2018-04-09T01:58:05.000Z","volume":12000,"label":" ","price":0.64},{"type":"A","date":"2018-04-09T01:58:19.000Z","volume":6000,"label":" ","price":0.64},{"type":"A","date":"2018-04-09T02:40:19.000Z","volume":2000,"label":" ","price":0.64},{"type":"A","date":"2018-04-09T02:52:19.000Z","volume":2000,"label":" ","price":0.64},{"type":"B","date":"2018-04-09T02:56:54.000Z","volume":146000,"label":" ","price":0.63},{"type":"B","date":"2018-04-09T02:56:54.000Z","volume":6000,"label":" ","price":0.63},{"type":"B","date":"2018-04-09T02:56:54.000Z","volume":10000,"label":" ","price":0.63},{"type":"A","date":"2018-04-09T02:56:56.000Z","volume":20000,"label":" ","price":0.64},{"type":"B","date":"2018-04-09T02:56:56.000Z","volume":2000,"label":" ","price":0.63},{"type":"B","date":"2018-04-09T03:04:22.000Z","volume":130000,"label":" ","price":0.63},{"type":"A","date":"2018-04-09T03:04:22.000Z","volume":16000,"label":" ","price":0.64},{"type":"B","date":"2018-04-09T03:04:22.000Z","volume":12000,"label":" ","price":0.63},{"type":"B","date":"2018-04-09T03:04:22.000Z","volume":2000,"label":" ","price":0.63},{"type":"A","date":"2018-04-09T03:04:24.000Z","volume":2000,"label":" ","price":0.64},{"type":"A","date":"2018-04-09T03:04:24.000Z","volume":30000,"label":" ","price":0.64},{"type":"A","date":"2018-04-09T03:04:26.000Z","volume":2000,"label":" ","price":0.64},{"type":"B","date":"2018-04-09T03:04:26.000Z","volume":4000,"label":" ","price":0.63},{"type":"A","date":"2018-04-09T03:06:04.000Z","volume":2000,"label":" ","price":0.64},{"type":"A","date":"2018-04-09T03:21:19.000Z","volume":2000,"label":" ","price":0.64},{"type":"A","date":"2018-04-09T03:21:21.000Z","volume":2000,"label":" ","price":0.64},{"type":"B","date":"2018-04-09T03:21:23.000Z","volume":2000,"label":" ","price":0.63},{"type":"A","date":"2018-04-09T03:25:19.000Z","volume":2000,"label":" ","price":0.64},{"type":"A","date":"2018-04-09T03:35:19.000Z","volume":2000,"label":" ","price":0.64},{"type":"A","date":"2018-04-09T03:40:34.000Z","volume":2000,"label":" ","price":0.64},{"type":"A","date":"2018-04-09T03:40:36.000Z","volume":2000,"label":" ","price":0.64},{"type":"B","date":"2018-04-09T03:40:39.000Z","volume":6000,"label":" ","price":0.63},{"type":"B","date":"2018-04-09T03:40:41.000Z","volume":2000,"label":" ","price":0.63},{"type":"B","date":"2018-04-09T03:42:22.000Z","volume":50000,"label":" ","price":0.63},{"type":"A","date":"2018-04-09T03:42:22.000Z","volume":4000,"label":" ","price":0.64},{"type":"B","date":"2018-04-09T03:42:22.000Z","volume":6000,"label":" ","price":0.63},{"type":"B","date":"2018-04-09T03:42:22.000Z","volume":14000,"label":" ","price":0.63},{"type":"B","date":"2018-04-09T03:42:22.000Z","volume":6000,"label":" ","price":0.63},{"type":"A","date":"2018-04-09T03:42:24.000Z","volume":4000,"label":" ","price":0.64},{"type":"B","date":"2018-04-09T03:42:24.000Z","volume":2000,"label":" ","price":0.63},{"type":"A","date":"2018-04-09T03:48:49.000Z","volume":2000,"label":" ","price":0.64},{"type":"B","date":"2018-04-09T03:52:40.000Z","volume":48000,"label":" ","price":0.63},{"type":"B","date":"2018-04-09T03:52:40.000Z","volume":4000,"label":" ","price":0.63},{"type":"A","date":"2018-04-09T03:52:42.000Z","volume":6000,"label":" ","price":0.64},{"type":"B","date":"2018-04-09T05:21:29.000Z","volume":34000,"label":" ","price":0.63},{"type":"B","date":"2018-04-09T05:21:29.000Z","volume":10000,"label":" ","price":0.63},{"type":"B","date":"2018-04-09T05:21:29.000Z","volume":4000,"label":" ","price":0.63},{"type":"A","date":"2018-04-09T05:24:02.000Z","volume":2000,"label":" ","price":0.64},{"type":"A","date":"2018-04-09T05:38:10.000Z","volume":40000,"label":" ","price":0.64},{"type":"B","date":"2018-04-09T05:38:10.000Z","volume":4000,"label":" ","price":0.63},{"type":"A","date":"2018-04-09T05:38:17.000Z","volume":2000,"label":" ","price":0.64},{"type":"B","date":"2018-04-09T05:38:17.000Z","volume":76000,"label":" ","price":0.63},{"type":"B","date":"2018-04-09T05:38:17.000Z","volume":12000,"label":" ","price":0.63},{"type":"B","date":"2018-04-09T05:38:17.000Z","volume":22000,"label":" ","price":0.63},{"type":"A","date":"2018-04-09T05:38:19.000Z","volume":2000,"label":" ","price":0.64},{"type":"B","date":"2018-04-09T05:46:30.000Z","volume":82000,"label":" ","price":0.63},{"type":"B","date":"2018-04-09T05:46:30.000Z","volume":6000,"label":" ","price":0.63},{"type":"B","date":"2018-04-09T05:46:30.000Z","volume":4000,"label":" ","price":0.63},{"type":"A","date":"2018-04-09T05:46:30.000Z","volume":40000,"label":" ","price":0.63},{"type":"A","date":"2018-04-09T05:46:30.000Z","volume":24000,"label":" ","price":0.63},{"type":"A","date":"2018-04-09T05:47:00.000Z","volume":2000,"label":" ","price":0.63},{"type":"A","date":"2018-04-09T05:49:11.000Z","volume":68000,"label":" ","price":0.63},{"type":"B","date":"2018-04-09T05:49:11.000Z","volume":8000,"label":" ","price":0.63},{"type":"A","date":"2018-04-09T05:49:13.000Z","volume":4000,"label":" ","price":0.64},{"type":"B","date":"2018-04-09T06:13:33.000Z","volume":138000,"label":" ","price":0.63},{"type":"A","date":"2018-04-09T06:34:47.000Z","volume":2000,"label":" ","price":0.63},{"type":"A","date":"2018-04-09T06:34:47.000Z","volume":2000,"label":" ","price":0.63},{"type":"A","date":"2018-04-09T06:34:47.000Z","volume":2000,"label":" ","price":0.63},{"type":"A","date":"2018-04-09T06:34:49.000Z","volume":2000,"label":" ","price":0.63},{"type":"A","date":"2018-04-09T06:36:23.000Z","volume":70000,"label":" ","price":0.63},{"type":"A","date":"2018-04-09T06:36:23.000Z","volume":8000,"label":" ","price":0.63},{"type":"A","date":"2018-04-09T06:59:02.000Z","volume":2000,"label":" ","price":0.64},{"type":"B","date":"2018-04-09T06:59:37.000Z","volume":200000,"label":" ","price":0.63},{"type":"B","date":"2018-04-09T06:59:37.000Z","volume":8000,"label":" ","price":0.63},{"type":"A","date":"2018-04-09T07:08:17.000Z","volume":2000,"label":" ","price":0.64},{"type":"A","date":"2018-04-09T07:20:32.000Z","volume":2000,"label":" ","price":0.64},{"type":"A","date":"2018-04-09T07:27:47.000Z","volume":2000,"label":" ","price":0.64},{"type":"B","date":"2018-04-09T07:33:23.000Z","volume":614000,"label":" ","price":0.63},{"type":"A","date":"2018-04-09T07:33:40.000Z","volume":468000,"label":" ","price":0.63},{"type":"B","date":"2018-04-09T07:33:40.000Z","volume":32000,"label":" ","price":0.63},{"type":"A","date":"2018-04-09T07:34:05.000Z","volume":2000,"label":" ","price":0.63},{"type":"B","date":"2018-04-09T07:34:05.000Z","volume":2000,"label":" ","price":0.63},{"type":"B","date":"2018-04-09T07:34:05.000Z","volume":6000,"label":" ","price":0.63},{"type":"B","date":"2018-04-09T07:36:13.000Z","volume":190000,"label":" ","price":0.63},{"type":"A","date":"2018-04-09T07:36:39.000Z","volume":132000,"label":" ","price":0.63},{"type":"A","date":"2018-04-09T07:36:39.000Z","volume":10000,"label":" ","price":0.63},{"type":"A","date":"2018-04-09T07:39:11.000Z","volume":2000,"label":" ","price":0.64},{"type":"B","date":"2018-04-09T07:43:06.000Z","volume":500000,"label":" ","price":0.63},{"type":"A","date":"2018-04-09T07:45:12.000Z","volume":2000,"label":" ","price":0.64},{"type":"A","date":"2018-04-09T07:49:37.000Z","volume":2000,"label":" ","price":0.64},{"type":"A","date":"2018-04-09T07:53:02.000Z","volume":2000,"label":" ","price":0.64},{"type":"A","date":"2018-04-09T07:56:02.000Z","volume":2000,"label":" ","price":0.64},{"type":"A","date":"2018-04-09T07:57:32.000Z","volume":2000,"label":" ","price":0.64},{"type":"U","date":"2018-04-09T08:08:10.000Z","volume":4000,"label":"U","price":0.64}]