[{"type":"A","date":"2018-03-20T01:30:00.000Z","volume":1000,"label":" ","price":27.45},{"type":"B","date":"2018-03-20T01:41:18.000Z","volume":1000,"label":" ","price":27.2},{"type":"B","date":"2018-03-20T01:42:33.000Z","volume":3000,"label":" ","price":27.2},{"type":"B","date":"2018-03-20T01:42:33.000Z","volume":1000,"label":" ","price":27.2},{"type":"B","date":"2018-03-20T01:42:33.000Z","volume":1000,"label":" ","price":27.2},{"type":"B","date":"2018-03-20T01:42:37.000Z","volume":1000,"label":" ","price":27.2},{"type":"B","date":"2018-03-20T01:45:00.000Z","volume":4000,"label":" ","price":27.2},{"type":"A","date":"2018-03-20T01:45:01.000Z","volume":1000,"label":" ","price":27.4},{"type":"B","date":"2018-03-20T01:45:01.000Z","volume":1000,"label":" ","price":27.15},{"type":"B","date":"2018-03-20T01:50:11.000Z","volume":1000,"label":" ","price":27.15},{"type":"A","date":"2018-03-20T01:52:29.000Z","volume":18000,"label":" ","price":27.4},{"type":"B","date":"2018-03-20T01:52:29.000Z","volume":2000,"label":" ","price":27.3},{"type":"B","date":"2018-03-20T01:52:29.000Z","volume":1000,"label":" ","price":27.2},{"type":"A","date":"2018-03-20T01:52:34.000Z","volume":1000,"label":" ","price":27.4},{"type":"B","date":"2018-03-20T01:52:54.000Z","volume":3000,"label":" ","price":27.2},{"type":"B","date":"2018-03-20T01:52:56.000Z","volume":1000,"label":" ","price":27.2},{"type":"B","date":"2018-03-20T01:55:19.000Z","volume":2000,"label":" ","price":27.2},{"type":"B","date":"2018-03-20T01:57:18.000Z","volume":1000,"label":" ","price":27.2},{"type":"B","date":"2018-03-20T01:57:18.000Z","volume":1000,"label":" ","price":27.15},{"type":"B","date":"2018-03-20T01:57:18.000Z","volume":1000,"label":" ","price":27.05},{"type":"B","date":"2018-03-20T01:57:19.000Z","volume":1000,"label":" ","price":27},{"type":"U","date":"2018-03-20T01:58:51.000Z","volume":1000,"label":" ","price":27.05},{"type":"A","date":"2018-03-20T02:17:30.000Z","volume":1000,"label":" ","price":27.05},{"type":"A","date":"2018-03-20T02:17:30.000Z","volume":1000,"label":" ","price":27.05},{"type":"A","date":"2018-03-20T02:19:14.000Z","volume":1000,"label":" ","price":27},{"type":"A","date":"2018-03-20T02:23:46.000Z","volume":7000,"label":" ","price":27},{"type":"B","date":"2018-03-20T02:23:46.000Z","volume":1000,"label":" ","price":27},{"type":"B","date":"2018-03-20T02:23:46.000Z","volume":1000,"label":" ","price":27},{"type":"U","date":"2018-03-20T02:25:16.000Z","volume":50000,"label":"X","price":27},{"type":"A","date":"2018-03-20T02:32:19.000Z","volume":1000,"label":" ","price":27.05},{"type":"B","date":"2018-03-20T02:33:10.000Z","volume":3000,"label":" ","price":27},{"type":"A","date":"2018-03-20T02:38:21.000Z","volume":2000,"label":" ","price":27.05},{"type":"B","date":"2018-03-20T02:49:41.000Z","volume":1000,"label":" ","price":27},{"type":"B","date":"2018-03-20T02:55:19.000Z","volume":6000,"label":" ","price":27},{"type":"B","date":"2018-03-20T02:55:19.000Z","volume":3000,"label":" ","price":27},{"type":"U","date":"2018-03-20T02:55:35.000Z","volume":1000,"label":"X","price":27},{"type":"U","date":"2018-03-20T02:55:35.000Z","volume":1000,"label":"X","price":27},{"type":"B","date":"2018-03-20T02:59:00.000Z","volume":1000,"label":" ","price":26.95},{"type":"A","date":"2018-03-20T03:05:30.000Z","volume":1000,"label":" ","price":27},{"type":"B","date":"2018-03-20T03:18:17.000Z","volume":3000,"label":" ","price":26.95},{"type":"B","date":"2018-03-20T03:18:17.000Z","volume":2000,"label":" ","price":26.95},{"type":"B","date":"2018-03-20T03:18:31.000Z","volume":1000,"label":" ","price":26.95},{"type":"B","date":"2018-03-20T03:18:31.000Z","volume":5000,"label":" ","price":26.9},{"type":"B","date":"2018-03-20T03:20:11.000Z","volume":1000,"label":" ","price":26.9},{"type":"A","date":"2018-03-20T03:34:28.000Z","volume":5000,"label":" ","price":26.95},{"type":"B","date":"2018-03-20T03:34:28.000Z","volume":1000,"label":" ","price":26.95},{"type":"B","date":"2018-03-20T03:39:05.000Z","volume":4000,"label":" ","price":26.95},{"type":"B","date":"2018-03-20T03:39:05.000Z","volume":3000,"label":" ","price":26.95},{"type":"B","date":"2018-03-20T03:49:41.000Z","volume":1000,"label":" ","price":26.9},{"type":"B","date":"2018-03-20T03:52:52.000Z","volume":1000,"label":" ","price":26.9},{"type":"A","date":"2018-03-20T03:53:15.000Z","volume":1000,"label":" ","price":27},{"type":"B","date":"2018-03-20T03:53:19.000Z","volume":1000,"label":" ","price":26.95},{"type":"A","date":"2018-03-20T05:00:04.000Z","volume":4000,"label":" ","price":26.95},{"type":"A","date":"2018-03-20T05:00:15.000Z","volume":2000,"label":" ","price":26.95},{"type":"B","date":"2018-03-20T05:00:15.000Z","volume":1000,"label":" ","price":26.9},{"type":"B","date":"2018-03-20T05:05:17.000Z","volume":1000,"label":" ","price":26.95},{"type":"B","date":"2018-03-20T05:05:41.000Z","volume":7000,"label":" ","price":26.95},{"type":"B","date":"2018-03-20T05:05:41.000Z","volume":1000,"label":" ","price":26.95},{"type":"U","date":"2018-03-20T05:18:21.000Z","volume":815,"label":"D","price":26.7},{"type":"U","date":"2018-03-20T05:18:33.000Z","volume":1000,"label":" ","price":26.95},{"type":"B","date":"2018-03-20T05:18:33.000Z","volume":1000,"label":" ","price":26.95},{"type":"A","date":"2018-03-20T05:19:38.000Z","volume":1000,"label":" ","price":26.95},{"type":"B","date":"2018-03-20T05:19:38.000Z","volume":1000,"label":" ","price":26.95},{"type":"B","date":"2018-03-20T05:25:27.000Z","volume":1000,"label":" ","price":26.9},{"type":"B","date":"2018-03-20T05:28:40.000Z","volume":1000,"label":" ","price":26.9},{"type":"A","date":"2018-03-20T05:41:15.000Z","volume":1000,"label":" ","price":27},{"type":"A","date":"2018-03-20T05:48:24.000Z","volume":7000,"label":" ","price":27},{"type":"B","date":"2018-03-20T05:48:24.000Z","volume":1000,"label":" ","price":26.95},{"type":"B","date":"2018-03-20T05:48:30.000Z","volume":1000,"label":" ","price":26.9},{"type":"U","date":"2018-03-20T05:49:32.000Z","volume":1000,"label":" ","price":26.95},{"type":"B","date":"2018-03-20T05:53:06.000Z","volume":1000,"label":" ","price":26.9},{"type":"B","date":"2018-03-20T05:53:07.000Z","volume":1000,"label":" ","price":26.9},{"type":"B","date":"2018-03-20T05:57:17.000Z","volume":1000,"label":" ","price":26.9},{"type":"B","date":"2018-03-20T05:59:16.000Z","volume":1000,"label":" ","price":26.9},{"type":"A","date":"2018-03-20T06:00:37.000Z","volume":1000,"label":" ","price":27},{"type":"A","date":"2018-03-20T06:00:42.000Z","volume":6000,"label":" ","price":27},{"type":"B","date":"2018-03-20T06:01:58.000Z","volume":1000,"label":"Y","price":27},{"type":"B","date":"2018-03-20T06:01:58.000Z","volume":1000,"label":" ","price":27},{"type":"B","date":"2018-03-20T06:02:17.000Z","volume":1000,"label":" ","price":26.9},{"type":"A","date":"2018-03-20T06:08:15.000Z","volume":6000,"label":" ","price":27},{"type":"B","date":"2018-03-20T06:15:10.000Z","volume":1000,"label":" ","price":26.95},{"type":"B","date":"2018-03-20T06:28:40.000Z","volume":1000,"label":" ","price":26.9},{"type":"A","date":"2018-03-20T06:29:15.000Z","volume":1000,"label":" ","price":26.95},{"type":"B","date":"2018-03-20T06:32:50.000Z","volume":1000,"label":" ","price":26.95},{"type":"U","date":"2018-03-20T06:37:41.000Z","volume":25000,"label":"X","price":26.95},{"type":"B","date":"2018-03-20T06:37:56.000Z","volume":3000,"label":" ","price":26.95},{"type":"B","date":"2018-03-20T06:37:57.000Z","volume":1000,"label":" ","price":26.95},{"type":"U","date":"2018-03-20T06:39:41.000Z","volume":25000,"label":"X","price":26.95},{"type":"B","date":"2018-03-20T06:42:26.000Z","volume":1000,"label":" ","price":26.95},{"type":"B","date":"2018-03-20T06:55:43.000Z","volume":2000,"label":" ","price":26.95},{"type":"B","date":"2018-03-20T06:55:50.000Z","volume":1000,"label":" ","price":26.95},{"type":"A","date":"2018-03-20T07:01:48.000Z","volume":1000,"label":" ","price":27},{"type":"B","date":"2018-03-20T07:01:55.000Z","volume":3000,"label":" ","price":26.95},{"type":"A","date":"2018-03-20T07:07:17.000Z","volume":2000,"label":" ","price":27},{"type":"B","date":"2018-03-20T07:10:11.000Z","volume":1000,"label":" ","price":26.9},{"type":"A","date":"2018-03-20T07:17:15.000Z","volume":1000,"label":" ","price":27},{"type":"B","date":"2018-03-20T07:21:50.000Z","volume":2000,"label":" ","price":26.95},{"type":"B","date":"2018-03-20T07:22:00.000Z","volume":1000,"label":" ","price":26.95},{"type":"B","date":"2018-03-20T07:26:50.000Z","volume":1000,"label":" ","price":26.95},{"type":"B","date":"2018-03-20T07:28:11.000Z","volume":2000,"label":" ","price":26.95},{"type":"B","date":"2018-03-20T07:28:11.000Z","volume":1000,"label":" ","price":26.95},{"type":"A","date":"2018-03-20T07:28:40.000Z","volume":1000,"label":" ","price":26.95},{"type":"A","date":"2018-03-20T07:29:55.000Z","volume":1000,"label":" ","price":26.95},{"type":"B","date":"2018-03-20T07:30:00.000Z","volume":1000,"label":" ","price":26.95},{"type":"A","date":"2018-03-20T07:43:16.000Z","volume":1000,"label":" ","price":27},{"type":"B","date":"2018-03-20T07:43:20.000Z","volume":1000,"label":" ","price":26.9},{"type":"B","date":"2018-03-20T07:45:16.000Z","volume":1000,"label":" ","price":26.9},{"type":"B","date":"2018-03-20T07:45:21.000Z","volume":1000,"label":" ","price":26.95},{"type":"U","date":"2018-03-20T07:51:15.000Z","volume":25000,"label":"X","price":26.95},{"type":"U","date":"2018-03-20T07:51:45.000Z","volume":25000,"label":"X","price":26.95},{"type":"U","date":"2018-03-20T07:55:21.000Z","volume":51000,"label":"X","price":26.95},{"type":"U","date":"2018-03-20T07:55:45.000Z","volume":50000,"label":"X","price":26.95},{"type":"A","date":"2018-03-20T07:59:01.000Z","volume":1000,"label":" ","price":27},{"type":"A","date":"2018-03-20T07:59:15.000Z","volume":1000,"label":" ","price":27},{"type":"B","date":"2018-03-20T07:59:22.000Z","volume":1000,"label":" ","price":26.95},{"type":"U","date":"2018-03-20T08:08:31.000Z","volume":120000,"label":"U","price":27.05}]