[{"type":"A","date":"2018-04-19T01:37:09.000Z","volume":40000,"label":" ","price":0.325},{"type":"A","date":"2018-04-19T01:37:12.000Z","volume":2000,"label":" ","price":0.325},{"type":"A","date":"2018-04-19T01:37:16.000Z","volume":2000,"label":" ","price":0.325},{"type":"A","date":"2018-04-19T01:38:02.000Z","volume":56000,"label":" ","price":0.325},{"type":"A","date":"2018-04-19T01:38:03.000Z","volume":2000,"label":" ","price":0.325},{"type":"A","date":"2018-04-19T01:38:07.000Z","volume":4000,"label":" ","price":0.325},{"type":"A","date":"2018-04-19T02:13:10.000Z","volume":120000,"label":" ","price":0.325},{"type":"A","date":"2018-04-19T02:32:17.000Z","volume":100000,"label":" ","price":0.325},{"type":"A","date":"2018-04-19T02:35:02.000Z","volume":4000,"label":" ","price":0.325},{"type":"B","date":"2018-04-19T02:35:07.000Z","volume":22000,"label":" ","price":0.325},{"type":"B","date":"2018-04-19T02:35:32.000Z","volume":16000,"label":" ","price":0.325},{"type":"B","date":"2018-04-19T02:35:56.000Z","volume":18000,"label":" ","price":0.325},{"type":"B","date":"2018-04-19T02:36:21.000Z","volume":12000,"label":" ","price":0.325},{"type":"A","date":"2018-04-19T02:38:58.000Z","volume":2000,"label":" ","price":0.33},{"type":"B","date":"2018-04-19T02:54:02.000Z","volume":10000,"label":" ","price":0.32},{"type":"A","date":"2018-04-19T03:04:19.000Z","volume":2000,"label":" ","price":0.33},{"type":"B","date":"2018-04-19T03:40:35.000Z","volume":180000,"label":" ","price":0.32},{"type":"A","date":"2018-04-19T03:50:06.000Z","volume":2000,"label":" ","price":0.33},{"type":"B","date":"2018-04-19T03:58:22.000Z","volume":100000,"label":" ","price":0.325},{"type":"A","date":"2018-04-19T05:36:25.000Z","volume":2000,"label":" ","price":0.33},{"type":"A","date":"2018-04-19T05:46:19.000Z","volume":70000,"label":" ","price":0.325},{"type":"B","date":"2018-04-19T05:46:42.000Z","volume":100000,"label":" ","price":0.325},{"type":"A","date":"2018-04-19T05:49:22.000Z","volume":200000,"label":"Y","price":0.33},{"type":"A","date":"2018-04-19T05:57:27.000Z","volume":2000,"label":" ","price":0.33},{"type":"A","date":"2018-04-19T06:20:24.000Z","volume":160000,"label":" ","price":0.33},{"type":"B","date":"2018-04-19T06:32:38.000Z","volume":220000,"label":" ","price":0.325},{"type":"B","date":"2018-04-19T06:34:22.000Z","volume":110000,"label":" ","price":0.325},{"type":"A","date":"2018-04-19T06:43:42.000Z","volume":90000,"label":" ","price":0.325},{"type":"A","date":"2018-04-19T06:45:43.000Z","volume":2000,"label":" ","price":0.33},{"type":"A","date":"2018-04-19T07:06:04.000Z","volume":450000,"label":" ","price":0.325},{"type":"B","date":"2018-04-19T07:06:09.000Z","volume":18000,"label":" ","price":0.325},{"type":"B","date":"2018-04-19T07:06:34.000Z","volume":16000,"label":" ","price":0.325},{"type":"B","date":"2018-04-19T07:06:54.000Z","volume":16000,"label":" ","price":0.325},{"type":"A","date":"2018-04-19T07:28:25.000Z","volume":100000,"label":" ","price":0.325},{"type":"A","date":"2018-04-19T07:41:39.000Z","volume":84000,"label":" ","price":0.325},{"type":"B","date":"2018-04-19T07:41:44.000Z","volume":28000,"label":" ","price":0.325},{"type":"B","date":"2018-04-19T07:42:08.000Z","volume":20000,"label":" ","price":0.325},{"type":"B","date":"2018-04-19T07:42:33.000Z","volume":16000,"label":" ","price":0.325},{"type":"A","date":"2018-04-19T07:42:41.000Z","volume":2000,"label":" ","price":0.33},{"type":"B","date":"2018-04-19T07:42:57.000Z","volume":8000,"label":" ","price":0.325},{"type":"B","date":"2018-04-19T07:43:15.000Z","volume":4000,"label":" ","price":0.325},{"type":"A","date":"2018-04-19T07:43:38.000Z","volume":2000,"label":" ","price":0.33},{"type":"B","date":"2018-04-19T07:54:02.000Z","volume":200000,"label":" ","price":0.325},{"type":"A","date":"2018-04-19T07:55:03.000Z","volume":2000,"label":" ","price":0.33}]