[{"type":"A","date":"2018-04-18T01:36:24.000Z","volume":10000,"label":" ","price":0.68},{"type":"A","date":"2018-04-18T02:01:45.000Z","volume":50000,"label":" ","price":0.68},{"type":"B","date":"2018-04-18T02:03:54.000Z","volume":10000,"label":" ","price":0.67},{"type":"A","date":"2018-04-18T02:17:28.000Z","volume":12000,"label":" ","price":0.68},{"type":"A","date":"2018-04-18T02:24:43.000Z","volume":4000,"label":" ","price":0.68},{"type":"B","date":"2018-04-18T02:25:05.000Z","volume":100000,"label":" ","price":0.67},{"type":"B","date":"2018-04-18T02:25:20.000Z","volume":35000,"label":" ","price":0.67},{"type":"B","date":"2018-04-18T02:25:52.000Z","volume":50000,"label":" ","price":0.67},{"type":"B","date":"2018-04-18T02:26:06.000Z","volume":218000,"label":" ","price":0.67},{"type":"A","date":"2018-04-18T02:26:15.000Z","volume":2000,"label":" ","price":0.67},{"type":"B","date":"2018-04-18T02:30:06.000Z","volume":50000,"label":" ","price":0.66},{"type":"B","date":"2018-04-18T02:42:22.000Z","volume":124000,"label":" ","price":0.66},{"type":"B","date":"2018-04-18T02:43:15.000Z","volume":50000,"label":" ","price":0.66},{"type":"B","date":"2018-04-18T02:43:46.000Z","volume":14000,"label":" ","price":0.66},{"type":"B","date":"2018-04-18T02:47:12.000Z","volume":20000,"label":" ","price":0.66},{"type":"B","date":"2018-04-18T02:48:03.000Z","volume":182000,"label":" ","price":0.66},{"type":"A","date":"2018-04-18T02:49:25.000Z","volume":18000,"label":" ","price":0.66},{"type":"B","date":"2018-04-18T02:49:25.000Z","volume":32000,"label":" ","price":0.66},{"type":"B","date":"2018-04-18T02:52:56.000Z","volume":10000,"label":" ","price":0.66},{"type":"A","date":"2018-04-18T02:54:21.000Z","volume":20000,"label":" ","price":0.66},{"type":"A","date":"2018-04-18T03:07:02.000Z","volume":30000,"label":" ","price":0.66},{"type":"A","date":"2018-04-18T03:08:37.000Z","volume":10000,"label":" ","price":0.66},{"type":"B","date":"2018-04-18T03:13:22.000Z","volume":2000,"label":" ","price":0.65},{"type":"A","date":"2018-04-18T03:18:44.000Z","volume":8000,"label":" ","price":0.66},{"type":"A","date":"2018-04-18T03:20:32.000Z","volume":12000,"label":" ","price":0.66},{"type":"A","date":"2018-04-18T03:20:32.000Z","volume":38000,"label":" ","price":0.67},{"type":"A","date":"2018-04-18T03:23:54.000Z","volume":4000,"label":" ","price":0.67},{"type":"A","date":"2018-04-18T03:55:05.000Z","volume":50000,"label":" ","price":0.67},{"type":"A","date":"2018-04-18T05:00:01.000Z","volume":50000,"label":" ","price":0.67},{"type":"B","date":"2018-04-18T05:15:04.000Z","volume":10000,"label":"Y","price":0.66},{"type":"B","date":"2018-04-18T05:15:04.000Z","volume":60000,"label":" ","price":0.66},{"type":"A","date":"2018-04-18T05:16:39.000Z","volume":20000,"label":" ","price":0.66},{"type":"A","date":"2018-04-18T05:19:07.000Z","volume":10000,"label":" ","price":0.66},{"type":"B","date":"2018-04-18T05:19:07.000Z","volume":10000,"label":" ","price":0.66},{"type":"A","date":"2018-04-18T05:23:16.000Z","volume":20000,"label":" ","price":0.67},{"type":"B","date":"2018-04-18T05:45:31.000Z","volume":1000,"label":" ","price":0.65},{"type":"A","date":"2018-04-18T05:53:04.000Z","volume":1000,"label":" ","price":0.66},{"type":"A","date":"2018-04-18T05:53:22.000Z","volume":6000,"label":" ","price":0.66},{"type":"A","date":"2018-04-18T06:23:51.000Z","volume":80000,"label":" ","price":0.66},{"type":"A","date":"2018-04-18T06:33:08.000Z","volume":10000,"label":" ","price":0.66},{"type":"A","date":"2018-04-18T06:45:09.000Z","volume":12000,"label":" ","price":0.66},{"type":"B","date":"2018-04-18T06:45:31.000Z","volume":20000,"label":" ","price":0.65},{"type":"A","date":"2018-04-18T07:01:53.000Z","volume":30000,"label":" ","price":0.66},{"type":"A","date":"2018-04-18T07:15:34.000Z","volume":150000,"label":" ","price":0.66},{"type":"A","date":"2018-04-18T07:18:45.000Z","volume":190000,"label":" ","price":0.66},{"type":"A","date":"2018-04-18T07:19:29.000Z","volume":33000,"label":" ","price":0.66},{"type":"B","date":"2018-04-18T07:19:57.000Z","volume":40000,"label":" ","price":0.66},{"type":"A","date":"2018-04-18T07:20:05.000Z","volume":6000,"label":" ","price":0.67},{"type":"A","date":"2018-04-18T07:48:08.000Z","volume":150000,"label":" ","price":0.67},{"type":"A","date":"2018-04-18T07:48:28.000Z","volume":6000,"label":" ","price":0.67},{"type":"A","date":"2018-04-18T07:49:48.000Z","volume":10000,"label":" ","price":0.67},{"type":"A","date":"2018-04-18T07:55:18.000Z","volume":3000,"label":" ","price":0.67},{"type":"B","date":"2018-04-18T07:57:11.000Z","volume":1000,"label":"Y","price":0.66},{"type":"B","date":"2018-04-18T07:57:29.000Z","volume":1000,"label":"Y","price":0.66},{"type":"A","date":"2018-04-18T07:58:02.000Z","volume":50000,"label":" ","price":0.67},{"type":"A","date":"2018-04-18T07:58:49.000Z","volume":70000,"label":" ","price":0.67},{"type":"A","date":"2018-04-18T07:59:18.000Z","volume":20000,"label":" ","price":0.67},{"type":"A","date":"2018-04-18T07:59:19.000Z","volume":10000,"label":" ","price":0.67},{"type":"A","date":"2018-04-18T07:59:42.000Z","volume":100000,"label":" ","price":0.67}]