[{"type":"U","date":"2018-05-02T01:05:43.000Z","volume":16,"label":"P","price":69.85},{"type":"U","date":"2018-05-02T01:05:43.000Z","volume":6984,"label":"P","price":69.849},{"type":"U","date":"2018-05-02T01:20:00.000Z","volume":294000,"label":"U","price":70.5},{"type":"A","date":"2018-05-02T01:30:00.000Z","volume":11000,"label":" ","price":70.6},{"type":"U","date":"2018-05-02T01:30:00.000Z","volume":1000,"label":" ","price":70.6},{"type":"B","date":"2018-05-02T01:30:00.000Z","volume":1000,"label":" ","price":70.55},{"type":"B","date":"2018-05-02T01:30:00.000Z","volume":1000,"label":" ","price":70.55},{"type":"B","date":"2018-05-02T01:30:00.000Z","volume":1000,"label":" ","price":70.55},{"type":"B","date":"2018-05-02T01:30:00.000Z","volume":6000,"label":" ","price":70.55},{"type":"B","date":"2018-05-02T01:30:01.000Z","volume":1000,"label":" ","price":70.55},{"type":"B","date":"2018-05-02T01:30:01.000Z","volume":3000,"label":" ","price":70.55},{"type":"B","date":"2018-05-02T01:30:01.000Z","volume":5000,"label":" ","price":70.5},{"type":"B","date":"2018-05-02T01:30:01.000Z","volume":5000,"label":" ","price":70.5},{"type":"B","date":"2018-05-02T01:30:01.000Z","volume":5000,"label":" ","price":70.5},{"type":"B","date":"2018-05-02T01:30:01.000Z","volume":5000,"label":" ","price":70.5},{"type":"A","date":"2018-05-02T01:30:01.000Z","volume":3000,"label":" ","price":70.55},{"type":"A","date":"2018-05-02T01:30:02.000Z","volume":1000,"label":"Y","price":70.55},{"type":"A","date":"2018-05-02T01:30:02.000Z","volume":1000,"label":"Y","price":70.55},{"type":"A","date":"2018-05-02T01:30:02.000Z","volume":2000,"label":" ","price":70.55},{"type":"A","date":"2018-05-02T01:30:02.000Z","volume":1000,"label":" ","price":70.55},{"type":"A","date":"2018-05-02T01:30:02.000Z","volume":3000,"label":" ","price":70.65},{"type":"B","date":"2018-05-02T01:30:02.000Z","volume":1000,"label":" ","price":70.55},{"type":"A","date":"2018-05-02T01:30:03.000Z","volume":4000,"label":" ","price":70.65},{"type":"A","date":"2018-05-02T01:30:03.000Z","volume":40000,"label":" ","price":70.65},{"type":"B","date":"2018-05-02T01:30:03.000Z","volume":3000,"label":" ","price":70.55},{"type":"B","date":"2018-05-02T01:30:03.000Z","volume":1000,"label":" ","price":70.6},{"type":"A","date":"2018-05-02T01:30:03.000Z","volume":5000,"label":" ","price":70.7},{"type":"U","date":"2018-05-02T01:30:03.000Z","volume":1000,"label":" ","price":70.65},{"type":"B","date":"2018-05-02T01:30:03.000Z","volume":1000,"label":" ","price":70.6},{"type":"B","date":"2018-05-02T01:30:03.000Z","volume":18000,"label":" ","price":70.55},{"type":"U","date":"2018-05-02T01:30:03.000Z","volume":1000,"label":" ","price":70.65},{"type":"A","date":"2018-05-02T01:30:03.000Z","volume":5000,"label":" ","price":70.8},{"type":"B","date":"2018-05-02T01:30:03.000Z","volume":1000,"label":" ","price":70.65},{"type":"B","date":"2018-05-02T01:30:03.000Z","volume":1000,"label":" ","price":70.65},{"type":"B","date":"2018-05-02T01:30:04.000Z","volume":1000,"label":" ","price":70.65},{"type":"U","date":"2018-05-02T01:30:04.000Z","volume":1000,"label":" ","price":70.7},{"type":"B","date":"2018-05-02T01:30:04.000Z","volume":1000,"label":" ","price":70.65},{"type":"B","date":"2018-05-02T01:30:04.000Z","volume":1000,"label":" ","price":70.65},{"type":"A","date":"2018-05-02T01:30:04.000Z","volume":2000,"label":" ","price":70.8},{"type":"A","date":"2018-05-02T01:30:04.000Z","volume":6000,"label":" ","price":70.85},{"type":"A","date":"2018-05-02T01:30:04.000Z","volume":1000,"label":" ","price":70.85},{"type":"A","date":"2018-05-02T01:30:05.000Z","volume":4000,"label":" ","price":70.85},{"type":"U","date":"2018-05-02T01:30:05.000Z","volume":1000,"label":"Y","price":70.8},{"type":"A","date":"2018-05-02T01:30:05.000Z","volume":3000,"label":" ","price":70.85},{"type":"A","date":"2018-05-02T01:30:05.000Z","volume":1000,"label":" ","price":70.85},{"type":"A","date":"2018-05-02T01:30:05.000Z","volume":6000,"label":" ","price":70.85},{"type":"A","date":"2018-05-02T01:30:05.000Z","volume":2000,"label":" ","price":70.85},{"type":"B","date":"2018-05-02T01:30:05.000Z","volume":1000,"label":" ","price":70.65},{"type":"A","date":"2018-05-02T01:30:06.000Z","volume":1000,"label":" ","price":70.8},{"type":"A","date":"2018-05-02T01:30:06.000Z","volume":1000,"label":" ","price":70.85},{"type":"A","date":"2018-05-02T01:30:06.000Z","volume":1000,"label":" ","price":70.85},{"type":"A","date":"2018-05-02T01:30:06.000Z","volume":2000,"label":" ","price":70.85},{"type":"U","date":"2018-05-02T01:30:06.000Z","volume":2000,"label":" ","price":70.8},{"type":"B","date":"2018-05-02T01:30:06.000Z","volume":1000,"label":" ","price":70.65},{"type":"U","date":"2018-05-02T01:30:06.000Z","volume":2000,"label":" ","price":70.8},{"type":"A","date":"2018-05-02T01:30:06.000Z","volume":1000,"label":" ","price":70.85},{"type":"A","date":"2018-05-02T01:30:06.000Z","volume":1000,"label":" ","price":70.85},{"type":"A","date":"2018-05-02T01:30:06.000Z","volume":1000,"label":" ","price":70.85},{"type":"B","date":"2018-05-02T01:30:06.000Z","volume":2000,"label":" ","price":70.65},{"type":"A","date":"2018-05-02T01:30:06.000Z","volume":1000,"label":" ","price":70.75},{"type":"A","date":"2018-05-02T01:30:07.000Z","volume":1000,"label":" ","price":70.8},{"type":"U","date":"2018-05-02T01:30:07.000Z","volume":1000,"label":"Y","price":70.75},{"type":"A","date":"2018-05-02T01:30:07.000Z","volume":1000,"label":" ","price":70.8},{"type":"A","date":"2018-05-02T01:30:07.000Z","volume":2000,"label":" ","price":70.8},{"type":"A","date":"2018-05-02T01:30:07.000Z","volume":1000,"label":" ","price":70.85},{"type":"A","date":"2018-05-02T01:30:07.000Z","volume":3000,"label":" ","price":70.9},{"type":"U","date":"2018-05-02T01:30:07.000Z","volume":1000,"label":" ","price":70.8},{"type":"A","date":"2018-05-02T01:30:08.000Z","volume":1000,"label":" ","price":70.9},{"type":"A","date":"2018-05-02T01:30:08.000Z","volume":1000,"label":" ","price":70.9},{"type":"A","date":"2018-05-02T01:30:09.000Z","volume":14000,"label":" ","price":70.9},{"type":"A","date":"2018-05-02T01:30:10.000Z","volume":2000,"label":" ","price":70.9},{"type":"B","date":"2018-05-02T01:30:10.000Z","volume":4000,"label":" ","price":70.75},{"type":"B","date":"2018-05-02T01:30:10.000Z","volume":2000,"label":" ","price":70.75},{"type":"B","date":"2018-05-02T01:30:10.000Z","volume":3000,"label":" ","price":70.8},{"type":"B","date":"2018-05-02T01:30:10.000Z","volume":3000,"label":" ","price":70.8},{"type":"A","date":"2018-05-02T01:30:10.000Z","volume":5000,"label":" ","price":70.9},{"type":"A","date":"2018-05-02T01:30:11.000Z","volume":1000,"label":"Y","price":70.9},{"type":"B","date":"2018-05-02T01:30:11.000Z","volume":2000,"label":" ","price":70.8},{"type":"B","date":"2018-05-02T01:30:11.000Z","volume":1000,"label":" ","price":70.8},{"type":"A","date":"2018-05-02T01:30:11.000Z","volume":2000,"label":" ","price":70.9},{"type":"B","date":"2018-05-02T01:30:11.000Z","volume":2000,"label":" ","price":70.8},{"type":"A","date":"2018-05-02T01:30:11.000Z","volume":1000,"label":" ","price":70.9},{"type":"A","date":"2018-05-02T01:30:11.000Z","volume":2000,"label":" ","price":70.9},{"type":"A","date":"2018-05-02T01:30:11.000Z","volume":11000,"label":" ","price":70.9},{"type":"A","date":"2018-05-02T01:30:11.000Z","volume":2000,"label":" ","price":70.9},{"type":"U","date":"2018-05-02T01:30:11.000Z","volume":2000,"label":" ","price":70.85},{"type":"A","date":"2018-05-02T01:30:11.000Z","volume":10000,"label":" ","price":70.9},{"type":"A","date":"2018-05-02T01:30:11.000Z","volume":10000,"label":" ","price":70.9},{"type":"A","date":"2018-05-02T01:30:11.000Z","volume":5000,"label":" ","price":70.95},{"type":"A","date":"2018-05-02T01:30:11.000Z","volume":1000,"label":" ","price":70.95},{"type":"B","date":"2018-05-02T01:30:11.000Z","volume":1000,"label":" ","price":70.85},{"type":"B","date":"2018-05-02T01:30:12.000Z","volume":1000,"label":" ","price":70.85},{"type":"A","date":"2018-05-02T01:30:12.000Z","volume":1000,"label":" ","price":70.95},{"type":"B","date":"2018-05-02T01:30:12.000Z","volume":3000,"label":" ","price":70.85},{"type":"A","date":"2018-05-02T01:30:13.000Z","volume":1000,"label":" ","price":70.9},{"type":"A","date":"2018-05-02T01:30:13.000Z","volume":1000,"label":" ","price":70.9},{"type":"U","date":"2018-05-02T01:30:14.000Z","volume":1000,"label":" ","price":70.9},{"type":"U","date":"2018-05-02T01:30:14.000Z","volume":1000,"label":" ","price":70.9},{"type":"A","date":"2018-05-02T01:30:14.000Z","volume":10000,"label":" ","price":70.9},{"type":"A","date":"2018-05-02T01:30:14.000Z","volume":1000,"label":" ","price":70.95},{"type":"B","date":"2018-05-02T01:30:15.000Z","volume":1000,"label":" ","price":70.85},{"type":"B","date":"2018-05-02T01:30:15.000Z","volume":3000,"label":" ","price":70.85},{"type":"A","date":"2018-05-02T01:30:15.000Z","volume":1000,"label":" ","price":70.95},{"type":"A","date":"2018-05-02T01:30:15.000Z","volume":8000,"label":" ","price":70.95},{"type":"B","date":"2018-05-02T01:30:15.000Z","volume":1000,"label":" ","price":70.85},{"type":"U","date":"2018-05-02T01:30:15.000Z","volume":4000,"label":" ","price":70.9},{"type":"A","date":"2018-05-02T01:30:16.000Z","volume":1000,"label":" ","price":70.95},{"type":"A","date":"2018-05-02T01:30:16.000Z","volume":1000,"label":" ","price":71},{"type":"A","date":"2018-05-02T01:30:16.000Z","volume":1000,"label":" ","price":71},{"type":"A","date":"2018-05-02T01:30:16.000Z","volume":1000,"label":" ","price":71},{"type":"A","date":"2018-05-02T01:30:16.000Z","volume":2000,"label":" ","price":71},{"type":"A","date":"2018-05-02T01:30:16.000Z","volume":1000,"label":" ","price":71},{"type":"A","date":"2018-05-02T01:30:16.000Z","volume":11000,"label":" ","price":71},{"type":"A","date":"2018-05-02T01:30:16.000Z","volume":1000,"label":" ","price":71},{"type":"A","date":"2018-05-02T01:30:16.000Z","volume":1000,"label":" ","price":71},{"type":"B","date":"2018-05-02T01:30:17.000Z","volume":3000,"label":" ","price":70.9},{"type":"U","date":"2018-05-02T01:30:17.000Z","volume":3000,"label":" ","price":70.95},{"type":"A","date":"2018-05-02T01:30:17.000Z","volume":1000,"label":" ","price":71},{"type":"B","date":"2018-05-02T01:30:17.000Z","volume":3000,"label":" ","price":70.9},{"type":"A","date":"2018-05-02T01:30:17.000Z","volume":12000,"label":" ","price":71},{"type":"A","date":"2018-05-02T01:30:17.000Z","volume":2000,"label":" ","price":71},{"type":"B","date":"2018-05-02T01:30:17.000Z","volume":8000,"label":" ","price":70.9},{"type":"U","date":"2018-05-02T01:30:17.000Z","volume":1000,"label":" ","price":70.95},{"type":"B","date":"2018-05-02T01:30:18.000Z","volume":1000,"label":" ","price":70.9},{"type":"A","date":"2018-05-02T01:30:18.000Z","volume":1000,"label":" ","price":71},{"type":"B","date":"2018-05-02T01:30:19.000Z","volume":2000,"label":" ","price":70.9},{"type":"B","date":"2018-05-02T01:30:19.000Z","volume":10000,"label":" ","price":70.9},{"type":"B","date":"2018-05-02T01:30:19.000Z","volume":53000,"label":" ","price":70.9},{"type":"B","date":"2018-05-02T01:30:19.000Z","volume":5000,"label":" ","price":70.9},{"type":"B","date":"2018-05-02T01:30:19.000Z","volume":3000,"label":" ","price":70.9},{"type":"A","date":"2018-05-02T01:30:19.000Z","volume":1000,"label":" ","price":70.95},{"type":"A","date":"2018-05-02T01:30:19.000Z","volume":1000,"label":" ","price":70.95},{"type":"U","date":"2018-05-02T01:30:19.000Z","volume":3000,"label":" ","price":70.9},{"type":"B","date":"2018-05-02T01:30:19.000Z","volume":1000,"label":" ","price":70.9},{"type":"B","date":"2018-05-02T01:30:20.000Z","volume":11000,"label":" ","price":70.9},{"type":"B","date":"2018-05-02T01:30:20.000Z","volume":5000,"label":" ","price":70.9},{"type":"B","date":"2018-05-02T01:30:20.000Z","volume":2000,"label":" ","price":70.9},{"type":"B","date":"2018-05-02T01:30:20.000Z","volume":3000,"label":" ","price":70.85},{"type":"B","date":"2018-05-02T01:30:20.000Z","volume":13000,"label":" ","price":70.9},{"type":"B","date":"2018-05-02T01:30:20.000Z","volume":24000,"label":" ","price":70.9},{"type":"B","date":"2018-05-02T01:30:20.000Z","volume":2000,"label":" ","price":70.85},{"type":"B","date":"2018-05-02T01:30:20.000Z","volume":4000,"label":" ","price":70.85},{"type":"A","date":"2018-05-02T01:30:20.000Z","volume":2000,"label":" ","price":70.9},{"type":"A","date":"2018-05-02T01:30:20.000Z","volume":5000,"label":" ","price":70.9},{"type":"A","date":"2018-05-02T01:30:20.000Z","volume":3000,"label":" ","price":70.9},{"type":"B","date":"2018-05-02T01:30:20.000Z","volume":1000,"label":" ","price":70.85},{"type":"A","date":"2018-05-02T01:30:20.000Z","volume":1000,"label":" ","price":70.9},{"type":"A","date":"2018-05-02T01:30:20.000Z","volume":1000,"label":"Y","price":70.9},{"type":"A","date":"2018-05-02T01:30:20.000Z","volume":1000,"label":" ","price":70.9},{"type":"B","date":"2018-05-02T01:30:20.000Z","volume":2000,"label":" ","price":70.85},{"type":"B","date":"2018-05-02T01:30:20.000Z","volume":1000,"label":" ","price":70.9},{"type":"B","date":"2018-05-02T01:30:20.000Z","volume":6000,"label":" ","price":70.9},{"type":"A","date":"2018-05-02T01:30:21.000Z","volume":3000,"label":" ","price":70.95},{"type":"B","date":"2018-05-02T01:30:21.000Z","volume":1000,"label":" ","price":70.85},{"type":"B","date":"2018-05-02T01:30:21.000Z","volume":3000,"label":" ","price":70.9},{"type":"B","date":"2018-05-02T01:30:21.000Z","volume":11000,"label":" ","price":70.85},{"type":"U","date":"2018-05-02T01:30:21.000Z","volume":1000,"label":" ","price":70.9},{"type":"B","date":"2018-05-02T01:30:21.000Z","volume":1000,"label":" ","price":70.85},{"type":"U","date":"2018-05-02T01:30:21.000Z","volume":2000,"label":" ","price":70.9},{"type":"B","date":"2018-05-02T01:30:22.000Z","volume":1000,"label":" ","price":70.85},{"type":"B","date":"2018-05-02T01:30:22.000Z","volume":5000,"label":" ","price":70.85},{"type":"A","date":"2018-05-02T01:30:22.000Z","volume":1000,"label":" ","price":70.9},{"type":"A","date":"2018-05-02T01:30:22.000Z","volume":1000,"label":" ","price":70.9},{"type":"B","date":"2018-05-02T01:30:23.000Z","volume":1000,"label":" ","price":70.85},{"type":"B","date":"2018-05-02T01:30:23.000Z","volume":2000,"label":" ","price":70.85},{"type":"B","date":"2018-05-02T01:30:23.000Z","volume":20000,"label":" ","price":70.85},{"type":"B","date":"2018-05-02T01:30:23.000Z","volume":9000,"label":" ","price":70.8},{"type":"A","date":"2018-05-02T01:30:23.000Z","volume":2000,"label":" ","price":70.9},{"type":"B","date":"2018-05-02T01:30:23.000Z","volume":27000,"label":" ","price":70.8},{"type":"B","date":"2018-05-02T01:30:23.000Z","volume":3000,"label":" ","price":70.75},{"type":"B","date":"2018-05-02T01:30:23.000Z","volume":23000,"label":" ","price":70.65},{"type":"B","date":"2018-05-02T01:30:23.000Z","volume":1000,"label":" ","price":70.6},{"type":"B","date":"2018-05-02T01:30:23.000Z","volume":3000,"label":" ","price":70.65},{"type":"U","date":"2018-05-02T01:30:23.000Z","volume":1000,"label":" ","price":70.65},{"type":"U","date":"2018-05-02T01:30:23.000Z","volume":1000,"label":" ","price":70.65},{"type":"B","date":"2018-05-02T01:30:24.000Z","volume":2000,"label":" ","price":70.65},{"type":"B","date":"2018-05-02T01:30:24.000Z","volume":1000,"label":" ","price":70.65},{"type":"B","date":"2018-05-02T01:30:24.000Z","volume":1000,"label":" ","price":70.65},{"type":"B","date":"2018-05-02T01:30:24.000Z","volume":1000,"label":" ","price":70.65},{"type":"B","date":"2018-05-02T01:30:24.000Z","volume":1000,"label":" ","price":70.65},{"type":"B","date":"2018-05-02T01:30:24.000Z","volume":1000,"label":" ","price":70.65},{"type":"U","date":"2018-05-02T01:30:24.000Z","volume":1000,"label":" ","price":70.65},{"type":"U","date":"2018-05-02T01:30:24.000Z","volume":1000,"label":" ","price":70.65},{"type":"U","date":"2018-05-02T01:30:24.000Z","volume":1000,"label":" ","price":70.65},{"type":"U","date":"2018-05-02T01:30:24.000Z","volume":1000,"label":" ","price":70.65},{"type":"U","date":"2018-05-02T01:30:24.000Z","volume":1000,"label":" ","price":70.65},{"type":"U","date":"2018-05-02T01:30:24.000Z","volume":1000,"label":" ","price":70.65},{"type":"U","date":"2018-05-02T01:30:24.000Z","volume":2000,"label":" ","price":70.65},{"type":"U","date":"2018-05-02T01:30:24.000Z","volume":1000,"label":" ","price":70.65},{"type":"U","date":"2018-05-02T01:30:24.000Z","volume":1000,"label":" ","price":70.65},{"type":"U","date":"2018-05-02T01:30:24.000Z","volume":1000,"label":" ","price":70.65},{"type":"U","date":"2018-05-02T01:30:24.000Z","volume":1000,"label":" ","price":70.65},{"type":"B","date":"2018-05-02T01:30:24.000Z","volume":2000,"label":" ","price":70.6},{"type":"B","date":"2018-05-02T01:30:25.000Z","volume":1000,"label":" ","price":70.6},{"type":"A","date":"2018-05-02T01:30:25.000Z","volume":6000,"label":" ","price":70.7},{"type":"A","date":"2018-05-02T01:30:26.000Z","volume":4000,"label":" ","price":70.7},{"type":"A","date":"2018-05-02T01:30:26.000Z","volume":40000,"label":" ","price":70.7},{"type":"A","date":"2018-05-02T01:30:26.000Z","volume":1000,"label":" ","price":70.75},{"type":"A","date":"2018-05-02T01:30:26.000Z","volume":3000,"label":" ","price":70.7},{"type":"A","date":"2018-05-02T01:30:26.000Z","volume":1000,"label":"Y","price":70.8},{"type":"A","date":"2018-05-02T01:30:26.000Z","volume":1000,"label":" ","price":70.8},{"type":"A","date":"2018-05-02T01:30:26.000Z","volume":1000,"label":" ","price":70.85},{"type":"A","date":"2018-05-02T01:30:26.000Z","volume":1000,"label":" ","price":70.8},{"type":"A","date":"2018-05-02T01:30:26.000Z","volume":2000,"label":" ","price":70.95},{"type":"A","date":"2018-05-02T01:30:27.000Z","volume":2000,"label":" ","price":70.9},{"type":"A","date":"2018-05-02T01:30:29.000Z","volume":1000,"label":" ","price":70.95},{"type":"A","date":"2018-05-02T01:30:29.000Z","volume":3000,"label":" ","price":70.95},{"type":"A","date":"2018-05-02T01:30:29.000Z","volume":3000,"label":" ","price":70.9},{"type":"B","date":"2018-05-02T01:30:30.000Z","volume":1000,"label":" ","price":70.8},{"type":"A","date":"2018-05-02T01:30:30.000Z","volume":1000,"label":" ","price":70.9},{"type":"B","date":"2018-05-02T01:30:30.000Z","volume":1000,"label":" ","price":70.8},{"type":"A","date":"2018-05-02T01:30:31.000Z","volume":2000,"label":" ","price":70.9},{"type":"A","date":"2018-05-02T01:30:31.000Z","volume":1000,"label":" ","price":70.9},{"type":"B","date":"2018-05-02T01:30:32.000Z","volume":1000,"label":" ","price":70.8},{"type":"B","date":"2018-05-02T01:30:32.000Z","volume":1000,"label":" ","price":70.8},{"type":"B","date":"2018-05-02T01:30:32.000Z","volume":5000,"label":" ","price":70.8},{"type":"B","date":"2018-05-02T01:30:32.000Z","volume":41000,"label":" ","price":70.8},{"type":"B","date":"2018-05-02T01:30:32.000Z","volume":1000,"label":" ","price":70.75},{"type":"B","date":"2018-05-02T01:30:32.000Z","volume":2000,"label":" ","price":70.75},{"type":"B","date":"2018-05-02T01:30:33.000Z","volume":1000,"label":" ","price":70.75},{"type":"U","date":"2018-05-02T01:30:34.000Z","volume":1000,"label":" ","price":70.8},{"type":"A","date":"2018-05-02T01:30:34.000Z","volume":1000,"label":" ","price":70.85},{"type":"B","date":"2018-05-02T01:30:41.000Z","volume":10000,"label":" ","price":70.75},{"type":"B","date":"2018-05-02T01:30:45.000Z","volume":1000,"label":" ","price":70.7},{"type":"B","date":"2018-05-02T01:30:50.000Z","volume":1000,"label":" ","price":70.7},{"type":"B","date":"2018-05-02T01:30:52.000Z","volume":1000,"label":" ","price":70.7},{"type":"B","date":"2018-05-02T01:30:53.000Z","volume":6000,"label":" ","price":70.7},{"type":"B","date":"2018-05-02T01:30:53.000Z","volume":13000,"label":" ","price":70.7},{"type":"U","date":"2018-05-02T01:30:53.000Z","volume":2000,"label":" ","price":70.7},{"type":"U","date":"2018-05-02T01:30:54.000Z","volume":1000,"label":" ","price":70.7},{"type":"B","date":"2018-05-02T01:30:54.000Z","volume":1000,"label":" ","price":70.65},{"type":"A","date":"2018-05-02T01:30:55.000Z","volume":2000,"label":" ","price":70.7},{"type":"B","date":"2018-05-02T01:30:55.000Z","volume":1000,"label":" ","price":70.65},{"type":"A","date":"2018-05-02T01:30:56.000Z","volume":1000,"label":" ","price":70.7},{"type":"A","date":"2018-05-02T01:30:57.000Z","volume":4000,"label":" ","price":70.7},{"type":"A","date":"2018-05-02T01:31:00.000Z","volume":26000,"label":" ","price":70.7},{"type":"A","date":"2018-05-02T01:31:00.000Z","volume":21000,"label":" ","price":70.7},{"type":"A","date":"2018-05-02T01:31:00.000Z","volume":47000,"label":" ","price":70.75},{"type":"A","date":"2018-05-02T01:31:00.000Z","volume":5000,"label":" ","price":70.8},{"type":"A","date":"2018-05-02T01:31:00.000Z","volume":1000,"label":"Y","price":70.8},{"type":"A","date":"2018-05-02T01:31:00.000Z","volume":1000,"label":" ","price":70.8},{"type":"A","date":"2018-05-02T01:31:00.000Z","volume":1000,"label":" ","price":70.85},{"type":"A","date":"2018-05-02T01:31:01.000Z","volume":3000,"label":" ","price":70.85},{"type":"A","date":"2018-05-02T01:31:01.000Z","volume":1000,"label":" ","price":70.85},{"type":"A","date":"2018-05-02T01:31:01.000Z","volume":30000,"label":" ","price":70.85},{"type":"A","date":"2018-05-02T01:31:01.000Z","volume":4000,"label":" ","price":70.9},{"type":"B","date":"2018-05-02T01:31:02.000Z","volume":1000,"label":" ","price":70.9},{"type":"B","date":"2018-05-02T01:31:02.000Z","volume":1000,"label":" ","price":70.9},{"type":"A","date":"2018-05-02T01:31:02.000Z","volume":8000,"label":" ","price":70.95},{"type":"A","date":"2018-05-02T01:31:02.000Z","volume":1000,"label":" ","price":70.95},{"type":"A","date":"2018-05-02T01:31:03.000Z","volume":2000,"label":" ","price":70.95},{"type":"A","date":"2018-05-02T01:31:03.000Z","volume":14000,"label":" ","price":71},{"type":"A","date":"2018-05-02T01:31:03.000Z","volume":2000,"label":" ","price":71},{"type":"A","date":"2018-05-02T01:31:03.000Z","volume":2000,"label":" ","price":71},{"type":"A","date":"2018-05-02T01:31:03.000Z","volume":1000,"label":" ","price":71},{"type":"U","date":"2018-05-02T01:31:03.000Z","volume":2000,"label":" ","price":70.95},{"type":"U","date":"2018-05-02T01:31:04.000Z","volume":1000,"label":" ","price":70.9},{"type":"A","date":"2018-05-02T01:31:04.000Z","volume":1000,"label":" ","price":71},{"type":"A","date":"2018-05-02T01:31:05.000Z","volume":6000,"label":" ","price":71},{"type":"A","date":"2018-05-02T01:31:05.000Z","volume":1000,"label":" ","price":71},{"type":"A","date":"2018-05-02T01:31:05.000Z","volume":2000,"label":" ","price":71},{"type":"A","date":"2018-05-02T01:31:07.000Z","volume":2000,"label":" ","price":71},{"type":"U","date":"2018-05-02T01:31:08.000Z","volume":1000,"label":" ","price":70.9},{"type":"B","date":"2018-05-02T01:31:09.000Z","volume":1000,"label":" ","price":70.85},{"type":"A","date":"2018-05-02T01:31:09.000Z","volume":1000,"label":" ","price":71},{"type":"A","date":"2018-05-02T01:31:09.000Z","volume":2000,"label":" ","price":71},{"type":"B","date":"2018-05-02T01:31:11.000Z","volume":1000,"label":" ","price":70.9},{"type":"B","date":"2018-05-02T01:31:17.000Z","volume":1000,"label":" ","price":70.9},{"type":"A","date":"2018-05-02T01:31:17.000Z","volume":1000,"label":" ","price":70.95},{"type":"B","date":"2018-05-02T01:31:27.000Z","volume":20000,"label":" ","price":70.9},{"type":"B","date":"2018-05-02T01:31:27.000Z","volume":35000,"label":" ","price":70.9},{"type":"A","date":"2018-05-02T01:31:27.000Z","volume":1000,"label":" ","price":70.95},{"type":"B","date":"2018-05-02T01:31:27.000Z","volume":3000,"label":" ","price":70.8},{"type":"B","date":"2018-05-02T01:31:27.000Z","volume":3000,"label":" ","price":70.65},{"type":"A","date":"2018-05-02T01:31:28.000Z","volume":3000,"label":" ","price":70.85},{"type":"B","date":"2018-05-02T01:31:38.000Z","volume":1000,"label":" ","price":70.75},{"type":"A","date":"2018-05-02T01:31:44.000Z","volume":9000,"label":" ","price":70.8},{"type":"B","date":"2018-05-02T01:31:54.000Z","volume":5000,"label":" ","price":70.8},{"type":"B","date":"2018-05-02T01:31:56.000Z","volume":1000,"label":" ","price":70.8},{"type":"B","date":"2018-05-02T01:32:06.000Z","volume":1000,"label":" ","price":70.75},{"type":"B","date":"2018-05-02T01:32:19.000Z","volume":1000,"label":" ","price":70.75},{"type":"A","date":"2018-05-02T01:32:23.000Z","volume":1000,"label":" ","price":70.8},{"type":"B","date":"2018-05-02T01:32:24.000Z","volume":4000,"label":" ","price":70.75},{"type":"B","date":"2018-05-02T01:32:26.000Z","volume":5000,"label":" ","price":70.75},{"type":"A","date":"2018-05-02T01:32:27.000Z","volume":1000,"label":" ","price":70.8},{"type":"A","date":"2018-05-02T01:32:29.000Z","volume":1000,"label":" ","price":70.8},{"type":"B","date":"2018-05-02T01:32:32.000Z","volume":1000,"label":" ","price":70.75},{"type":"B","date":"2018-05-02T01:32:39.000Z","volume":1000,"label":" ","price":70.75},{"type":"B","date":"2018-05-02T01:32:40.000Z","volume":1000,"label":" ","price":70.75},{"type":"B","date":"2018-05-02T01:32:44.000Z","volume":2000,"label":" ","price":70.75},{"type":"B","date":"2018-05-02T01:32:46.000Z","volume":1000,"label":" ","price":70.75},{"type":"B","date":"2018-05-02T01:32:49.000Z","volume":4000,"label":" ","price":70.75},{"type":"A","date":"2018-05-02T01:32:50.000Z","volume":16000,"label":" ","price":70.8},{"type":"A","date":"2018-05-02T01:32:51.000Z","volume":3000,"label":" ","price":70.8},{"type":"A","date":"2018-05-02T01:32:51.000Z","volume":17000,"label":" ","price":70.8},{"type":"A","date":"2018-05-02T01:32:53.000Z","volume":2000,"label":" ","price":70.85},{"type":"A","date":"2018-05-02T01:32:53.000Z","volume":8000,"label":" ","price":70.85},{"type":"B","date":"2018-05-02T01:32:58.000Z","volume":1000,"label":" ","price":70.85},{"type":"A","date":"2018-05-02T01:32:59.000Z","volume":1000,"label":" ","price":70.9},{"type":"B","date":"2018-05-02T01:32:59.000Z","volume":5000,"label":" ","price":70.85},{"type":"B","date":"2018-05-02T01:33:01.000Z","volume":3000,"label":" ","price":70.85},{"type":"B","date":"2018-05-02T01:33:02.000Z","volume":2000,"label":" ","price":70.85},{"type":"B","date":"2018-05-02T01:33:02.000Z","volume":2000,"label":" ","price":70.85},{"type":"B","date":"2018-05-02T01:33:03.000Z","volume":2000,"label":" ","price":70.85},{"type":"B","date":"2018-05-02T01:33:04.000Z","volume":1000,"label":" ","price":70.85},{"type":"B","date":"2018-05-02T01:33:05.000Z","volume":1000,"label":" ","price":70.85},{"type":"A","date":"2018-05-02T01:33:07.000Z","volume":2000,"label":" ","price":70.85},{"type":"B","date":"2018-05-02T01:33:08.000Z","volume":2000,"label":" ","price":70.85},{"type":"B","date":"2018-05-02T01:33:12.000Z","volume":1000,"label":" ","price":70.85},{"type":"B","date":"2018-05-02T01:33:12.000Z","volume":1000,"label":" ","price":70.8},{"type":"A","date":"2018-05-02T01:33:15.000Z","volume":43000,"label":" ","price":70.85},{"type":"A","date":"2018-05-02T01:33:15.000Z","volume":12000,"label":" ","price":70.9},{"type":"A","date":"2018-05-02T01:33:15.000Z","volume":26000,"label":" ","price":70.95},{"type":"A","date":"2018-05-02T01:33:15.000Z","volume":59000,"label":" ","price":71},{"type":"B","date":"2018-05-02T01:33:15.000Z","volume":5000,"label":" ","price":70.8},{"type":"B","date":"2018-05-02T01:33:15.000Z","volume":5000,"label":" ","price":70.8},{"type":"B","date":"2018-05-02T01:33:15.000Z","volume":2000,"label":" ","price":70.8},{"type":"B","date":"2018-05-02T01:33:15.000Z","volume":4000,"label":" ","price":70.8},{"type":"B","date":"2018-05-02T01:33:15.000Z","volume":7000,"label":" ","price":70.8},{"type":"A","date":"2018-05-02T01:33:15.000Z","volume":53000,"label":" ","price":71},{"type":"A","date":"2018-05-02T01:33:15.000Z","volume":2000,"label":" ","price":71.05},{"type":"A","date":"2018-05-02T01:33:15.000Z","volume":2000,"label":" ","price":71.05},{"type":"A","date":"2018-05-02T01:33:16.000Z","volume":1000,"label":" ","price":71.05},{"type":"A","date":"2018-05-02T01:33:16.000Z","volume":10000,"label":" ","price":71.05},{"type":"A","date":"2018-05-02T01:33:16.000Z","volume":10000,"label":" ","price":71.1},{"type":"A","date":"2018-05-02T01:33:16.000Z","volume":5000,"label":" ","price":71.15},{"type":"A","date":"2018-05-02T01:33:17.000Z","volume":8000,"label":" ","price":71.2},{"type":"B","date":"2018-05-02T01:33:17.000Z","volume":2000,"label":" ","price":71},{"type":"B","date":"2018-05-02T01:33:19.000Z","volume":5000,"label":" ","price":71},{"type":"A","date":"2018-05-02T01:33:24.000Z","volume":2000,"label":" ","price":71.15},{"type":"A","date":"2018-05-02T01:33:24.000Z","volume":2000,"label":" ","price":71.2},{"type":"B","date":"2018-05-02T01:33:26.000Z","volume":2000,"label":" ","price":71},{"type":"B","date":"2018-05-02T01:33:27.000Z","volume":3000,"label":" ","price":71},{"type":"B","date":"2018-05-02T01:33:27.000Z","volume":1000,"label":" ","price":71},{"type":"B","date":"2018-05-02T01:33:28.000Z","volume":6000,"label":" ","price":71},{"type":"B","date":"2018-05-02T01:33:28.000Z","volume":10000,"label":" ","price":71},{"type":"U","date":"2018-05-02T01:33:28.000Z","volume":1000,"label":" ","price":71},{"type":"B","date":"2018-05-02T01:33:30.000Z","volume":1000,"label":" ","price":71},{"type":"B","date":"2018-05-02T01:33:31.000Z","volume":1000,"label":" ","price":71.05},{"type":"U","date":"2018-05-02T01:33:31.000Z","volume":1000,"label":" ","price":71.05},{"type":"B","date":"2018-05-02T01:33:33.000Z","volume":3000,"label":" ","price":71},{"type":"A","date":"2018-05-02T01:33:35.000Z","volume":3000,"label":" ","price":71},{"type":"B","date":"2018-05-02T01:33:39.000Z","volume":1000,"label":" ","price":70.95},{"type":"B","date":"2018-05-02T01:33:39.000Z","volume":1000,"label":" ","price":70.9},{"type":"A","date":"2018-05-02T01:33:43.000Z","volume":2000,"label":" ","price":71},{"type":"U","date":"2018-05-02T01:33:47.000Z","volume":1000,"label":" ","price":71.05},{"type":"B","date":"2018-05-02T01:33:48.000Z","volume":1000,"label":" ","price":70.9},{"type":"A","date":"2018-05-02T01:33:51.000Z","volume":4000,"label":" ","price":71.1},{"type":"B","date":"2018-05-02T01:33:52.000Z","volume":5000,"label":" ","price":71.1},{"type":"B","date":"2018-05-02T01:33:52.000Z","volume":1000,"label":" ","price":71},{"type":"B","date":"2018-05-02T01:33:56.000Z","volume":1000,"label":" ","price":71},{"type":"B","date":"2018-05-02T01:34:08.000Z","volume":1000,"label":" ","price":71},{"type":"B","date":"2018-05-02T01:34:16.000Z","volume":1000,"label":" ","price":71},{"type":"B","date":"2018-05-02T01:34:19.000Z","volume":5000,"label":" ","price":71},{"type":"B","date":"2018-05-02T01:34:20.000Z","volume":3000,"label":" ","price":71},{"type":"B","date":"2018-05-02T01:34:20.000Z","volume":4000,"label":" ","price":71},{"type":"A","date":"2018-05-02T01:34:22.000Z","volume":5000,"label":" ","price":71.05},{"type":"A","date":"2018-05-02T01:34:22.000Z","volume":1000,"label":" ","price":71.05},{"type":"B","date":"2018-05-02T01:34:24.000Z","volume":1000,"label":" ","price":71},{"type":"A","date":"2018-05-02T01:34:26.000Z","volume":3000,"label":" ","price":71.05},{"type":"A","date":"2018-05-02T01:34:26.000Z","volume":1000,"label":" ","price":71.05},{"type":"B","date":"2018-05-02T01:34:26.000Z","volume":4000,"label":" ","price":71},{"type":"A","date":"2018-05-02T01:34:26.000Z","volume":1000,"label":" ","price":71.05},{"type":"B","date":"2018-05-02T01:34:27.000Z","volume":10000,"label":" ","price":71},{"type":"A","date":"2018-05-02T01:34:28.000Z","volume":1000,"label":" ","price":71.05},{"type":"A","date":"2018-05-02T01:34:29.000Z","volume":1000,"label":" ","price":71.05},{"type":"B","date":"2018-05-02T01:34:30.000Z","volume":5000,"label":" ","price":71},{"type":"A","date":"2018-05-02T01:34:30.000Z","volume":8000,"label":" ","price":71.05},{"type":"A","date":"2018-05-02T01:34:30.000Z","volume":1000,"label":" ","price":71.05},{"type":"A","date":"2018-05-02T01:34:30.000Z","volume":1000,"label":" ","price":71.05},{"type":"A","date":"2018-05-02T01:34:31.000Z","volume":2000,"label":" ","price":71.05},{"type":"A","date":"2018-05-02T01:34:31.000Z","volume":1000,"label":" ","price":71.05},{"type":"A","date":"2018-05-02T01:34:31.000Z","volume":1000,"label":" ","price":71.1},{"type":"U","date":"2018-05-02T01:34:32.000Z","volume":1000,"label":" ","price":71.05},{"type":"B","date":"2018-05-02T01:34:33.000Z","volume":1000,"label":" ","price":71},{"type":"B","date":"2018-05-02T01:34:38.000Z","volume":1000,"label":"Y","price":71},{"type":"B","date":"2018-05-02T01:34:38.000Z","volume":1000,"label":" ","price":71},{"type":"B","date":"2018-05-02T01:34:40.000Z","volume":6000,"label":" ","price":71},{"type":"A","date":"2018-05-02T01:34:41.000Z","volume":1000,"label":" ","price":71},{"type":"A","date":"2018-05-02T01:34:41.000Z","volume":1000,"label":" ","price":71},{"type":"B","date":"2018-05-02T01:34:44.000Z","volume":1000,"label":" ","price":71},{"type":"B","date":"2018-05-02T01:34:58.000Z","volume":10000,"label":" ","price":70.95},{"type":"B","date":"2018-05-02T01:35:08.000Z","volume":1000,"label":" ","price":70.9},{"type":"B","date":"2018-05-02T01:35:10.000Z","volume":1000,"label":" ","price":70.9},{"type":"A","date":"2018-05-02T01:35:10.000Z","volume":11000,"label":" ","price":70.95},{"type":"A","date":"2018-05-02T01:35:10.000Z","volume":1000,"label":" ","price":70.95},{"type":"A","date":"2018-05-02T01:35:10.000Z","volume":1000,"label":" ","price":70.95},{"type":"A","date":"2018-05-02T01:35:11.000Z","volume":1000,"label":" ","price":70.95},{"type":"B","date":"2018-05-02T01:35:26.000Z","volume":1000,"label":" ","price":70.95},{"type":"A","date":"2018-05-02T01:35:26.000Z","volume":4000,"label":" ","price":71},{"type":"A","date":"2018-05-02T01:35:26.000Z","volume":1000,"label":" ","price":71},{"type":"B","date":"2018-05-02T01:35:26.000Z","volume":3000,"label":" ","price":70.95},{"type":"B","date":"2018-05-02T01:35:27.000Z","volume":10000,"label":" ","price":70.9},{"type":"A","date":"2018-05-02T01:35:27.000Z","volume":1000,"label":" ","price":70.95},{"type":"A","date":"2018-05-02T01:35:27.000Z","volume":1000,"label":" ","price":70.95},{"type":"A","date":"2018-05-02T01:35:27.000Z","volume":2000,"label":" ","price":71},{"type":"A","date":"2018-05-02T01:35:29.000Z","volume":2000,"label":" ","price":71},{"type":"A","date":"2018-05-02T01:35:29.000Z","volume":1000,"label":" ","price":71},{"type":"B","date":"2018-05-02T01:35:42.000Z","volume":1000,"label":" ","price":70.9},{"type":"B","date":"2018-05-02T01:35:57.000Z","volume":1000,"label":" ","price":70.9},{"type":"B","date":"2018-05-02T01:36:01.000Z","volume":1000,"label":" ","price":70.9},{"type":"B","date":"2018-05-02T01:36:03.000Z","volume":1000,"label":" ","price":70.9},{"type":"B","date":"2018-05-02T01:36:05.000Z","volume":1000,"label":" ","price":70.9},{"type":"B","date":"2018-05-02T01:36:05.000Z","volume":20000,"label":" ","price":70.9},{"type":"A","date":"2018-05-02T01:36:05.000Z","volume":1000,"label":" ","price":70.95},{"type":"B","date":"2018-05-02T01:36:06.000Z","volume":6000,"label":" ","price":70.9},{"type":"B","date":"2018-05-02T01:36:06.000Z","volume":11000,"label":" ","price":70.9},{"type":"B","date":"2018-05-02T01:36:06.000Z","volume":9000,"label":" ","price":70.9},{"type":"A","date":"2018-05-02T01:36:06.000Z","volume":28000,"label":" ","price":70.95},{"type":"A","date":"2018-05-02T01:36:06.000Z","volume":2000,"label":" ","price":70.95},{"type":"A","date":"2018-05-02T01:36:07.000Z","volume":6000,"label":" ","price":70.95},{"type":"A","date":"2018-05-02T01:36:07.000Z","volume":1000,"label":" ","price":70.95},{"type":"B","date":"2018-05-02T01:36:10.000Z","volume":20000,"label":" ","price":70.85},{"type":"A","date":"2018-05-02T01:36:10.000Z","volume":1000,"label":"Y","price":70.95},{"type":"A","date":"2018-05-02T01:36:10.000Z","volume":1000,"label":" ","price":70.95},{"type":"A","date":"2018-05-02T01:36:11.000Z","volume":2000,"label":" ","price":70.9},{"type":"U","date":"2018-05-02T01:36:11.000Z","volume":1000,"label":" ","price":70.9},{"type":"A","date":"2018-05-02T01:36:12.000Z","volume":1000,"label":" ","price":70.95},{"type":"A","date":"2018-05-02T01:36:12.000Z","volume":1000,"label":" ","price":71},{"type":"A","date":"2018-05-02T01:36:12.000Z","volume":1000,"label":" ","price":71},{"type":"A","date":"2018-05-02T01:36:14.000Z","volume":1000,"label":" ","price":71},{"type":"A","date":"2018-05-02T01:36:20.000Z","volume":4000,"label":" ","price":70.9},{"type":"A","date":"2018-05-02T01:36:21.000Z","volume":1000,"label":" ","price":70.95},{"type":"A","date":"2018-05-02T01:36:21.000Z","volume":1000,"label":" ","price":70.95},{"type":"B","date":"2018-05-02T01:36:22.000Z","volume":1000,"label":" ","price":70.9},{"type":"B","date":"2018-05-02T01:36:22.000Z","volume":1000,"label":" ","price":70.9},{"type":"A","date":"2018-05-02T01:36:24.000Z","volume":1000,"label":" ","price":70.9},{"type":"B","date":"2018-05-02T01:36:30.000Z","volume":1000,"label":" ","price":70.85},{"type":"A","date":"2018-05-02T01:36:30.000Z","volume":3000,"label":" ","price":70.9},{"type":"A","date":"2018-05-02T01:36:30.000Z","volume":1000,"label":" ","price":70.9},{"type":"A","date":"2018-05-02T01:36:30.000Z","volume":3000,"label":" ","price":70.9},{"type":"A","date":"2018-05-02T01:36:31.000Z","volume":1000,"label":" ","price":70.9},{"type":"B","date":"2018-05-02T01:36:38.000Z","volume":24000,"label":" ","price":70.85},{"type":"B","date":"2018-05-02T01:36:38.000Z","volume":1000,"label":" ","price":70.85},{"type":"A","date":"2018-05-02T01:36:39.000Z","volume":2000,"label":" ","price":70.85},{"type":"A","date":"2018-05-02T01:36:40.000Z","volume":1000,"label":" ","price":70.85},{"type":"B","date":"2018-05-02T01:36:42.000Z","volume":5000,"label":" ","price":70.8},{"type":"B","date":"2018-05-02T01:36:42.000Z","volume":3000,"label":" ","price":70.8},{"type":"B","date":"2018-05-02T01:36:42.000Z","volume":1000,"label":" ","price":70.8},{"type":"B","date":"2018-05-02T01:36:42.000Z","volume":1000,"label":" ","price":70.8},{"type":"A","date":"2018-05-02T01:36:44.000Z","volume":1000,"label":" ","price":70.8},{"type":"A","date":"2018-05-02T01:36:44.000Z","volume":1000,"label":" ","price":70.8},{"type":"B","date":"2018-05-02T01:36:46.000Z","volume":6000,"label":" ","price":70.75},{"type":"A","date":"2018-05-02T01:36:49.000Z","volume":3000,"label":" ","price":70.8},{"type":"B","date":"2018-05-02T01:36:49.000Z","volume":1000,"label":" ","price":70.75},{"type":"A","date":"2018-05-02T01:36:50.000Z","volume":3000,"label":" ","price":70.8},{"type":"A","date":"2018-05-02T01:36:50.000Z","volume":1000,"label":" ","price":70.8},{"type":"A","date":"2018-05-02T01:36:51.000Z","volume":1000,"label":" ","price":70.85},{"type":"B","date":"2018-05-02T01:36:58.000Z","volume":1000,"label":" ","price":70.8},{"type":"B","date":"2018-05-02T01:37:02.000Z","volume":2000,"label":" ","price":70.8},{"type":"B","date":"2018-05-02T01:37:04.000Z","volume":18000,"label":" ","price":70.8},{"type":"B","date":"2018-05-02T01:37:04.000Z","volume":1000,"label":" ","price":70.75},{"type":"A","date":"2018-05-02T01:37:05.000Z","volume":4000,"label":" ","price":70.8},{"type":"A","date":"2018-05-02T01:37:07.000Z","volume":1000,"label":" ","price":70.8},{"type":"B","date":"2018-05-02T01:37:08.000Z","volume":2000,"label":" ","price":70.75},{"type":"B","date":"2018-05-02T01:37:12.000Z","volume":1000,"label":" ","price":70.75},{"type":"A","date":"2018-05-02T01:37:17.000Z","volume":3000,"label":" ","price":70.8},{"type":"A","date":"2018-05-02T01:37:17.000Z","volume":1000,"label":" ","price":70.8},{"type":"A","date":"2018-05-02T01:37:17.000Z","volume":3000,"label":" ","price":70.8},{"type":"A","date":"2018-05-02T01:37:17.000Z","volume":2000,"label":" ","price":70.8},{"type":"A","date":"2018-05-02T01:37:17.000Z","volume":13000,"label":" ","price":70.8},{"type":"B","date":"2018-05-02T01:37:18.000Z","volume":4000,"label":" ","price":70.75},{"type":"B","date":"2018-05-02T01:37:19.000Z","volume":3000,"label":" ","price":70.8},{"type":"B","date":"2018-05-02T01:37:19.000Z","volume":82000,"label":" ","price":70.75},{"type":"B","date":"2018-05-02T01:37:19.000Z","volume":2000,"label":" ","price":70.75},{"type":"B","date":"2018-05-02T01:37:19.000Z","volume":2000,"label":" ","price":70.75},{"type":"B","date":"2018-05-02T01:37:19.000Z","volume":1000,"label":" ","price":70.75},{"type":"B","date":"2018-05-02T01:37:19.000Z","volume":3000,"label":" ","price":70.75},{"type":"B","date":"2018-05-02T01:37:19.000Z","volume":7000,"label":" ","price":70.75},{"type":"B","date":"2018-05-02T01:37:21.000Z","volume":1000,"label":" ","price":70.75},{"type":"B","date":"2018-05-02T01:37:21.000Z","volume":1000,"label":" ","price":70.75},{"type":"B","date":"2018-05-02T01:37:32.000Z","volume":20000,"label":" ","price":70.7},{"type":"A","date":"2018-05-02T01:37:32.000Z","volume":4000,"label":" ","price":70.75},{"type":"A","date":"2018-05-02T01:37:39.000Z","volume":1000,"label":" ","price":70.75},{"type":"B","date":"2018-05-02T01:37:39.000Z","volume":2000,"label":" ","price":70.7},{"type":"A","date":"2018-05-02T01:37:44.000Z","volume":1000,"label":" ","price":70.75},{"type":"B","date":"2018-05-02T01:37:45.000Z","volume":4000,"label":" ","price":70.7},{"type":"A","date":"2018-05-02T01:37:45.000Z","volume":1000,"label":" ","price":70.75},{"type":"B","date":"2018-05-02T01:37:49.000Z","volume":6000,"label":" ","price":70.7},{"type":"B","date":"2018-05-02T01:37:52.000Z","volume":2000,"label":" ","price":70.7},{"type":"A","date":"2018-05-02T01:37:53.000Z","volume":2000,"label":" ","price":70.75},{"type":"A","date":"2018-05-02T01:37:53.000Z","volume":1000,"label":" ","price":70.75},{"type":"B","date":"2018-05-02T01:37:58.000Z","volume":1000,"label":" ","price":70.7},{"type":"B","date":"2018-05-02T01:37:59.000Z","volume":2000,"label":" ","price":70.7},{"type":"A","date":"2018-05-02T01:37:59.000Z","volume":4000,"label":" ","price":70.75},{"type":"A","date":"2018-05-02T01:38:00.000Z","volume":1000,"label":" ","price":70.75},{"type":"B","date":"2018-05-02T01:38:02.000Z","volume":2000,"label":" ","price":70.7},{"type":"B","date":"2018-05-02T01:38:03.000Z","volume":15000,"label":" ","price":70.7},{"type":"A","date":"2018-05-02T01:38:03.000Z","volume":1000,"label":" ","price":70.75},{"type":"A","date":"2018-05-02T01:38:03.000Z","volume":1000,"label":" ","price":70.75},{"type":"B","date":"2018-05-02T01:38:03.000Z","volume":2000,"label":" ","price":70.7},{"type":"A","date":"2018-05-02T01:38:03.000Z","volume":2000,"label":" ","price":70.75},{"type":"B","date":"2018-05-02T01:38:04.000Z","volume":1000,"label":" ","price":70.7},{"type":"B","date":"2018-05-02T01:38:05.000Z","volume":1000,"label":" ","price":70.7},{"type":"B","date":"2018-05-02T01:38:05.000Z","volume":7000,"label":" ","price":70.7},{"type":"B","date":"2018-05-02T01:38:05.000Z","volume":13000,"label":" ","price":70.7},{"type":"B","date":"2018-05-02T01:38:21.000Z","volume":21000,"label":" ","price":70.65},{"type":"B","date":"2018-05-02T01:38:21.000Z","volume":1000,"label":" ","price":70.65},{"type":"A","date":"2018-05-02T01:38:22.000Z","volume":25000,"label":" ","price":70.7},{"type":"A","date":"2018-05-02T01:38:22.000Z","volume":2000,"label":" ","price":70.75},{"type":"B","date":"2018-05-02T01:38:23.000Z","volume":27000,"label":" ","price":70.7},{"type":"B","date":"2018-05-02T01:38:23.000Z","volume":2000,"label":" ","price":70.7},{"type":"B","date":"2018-05-02T01:38:31.000Z","volume":1000,"label":" ","price":70.6},{"type":"B","date":"2018-05-02T01:38:41.000Z","volume":5000,"label":" ","price":70.6},{"type":"B","date":"2018-05-02T01:38:42.000Z","volume":2000,"label":" ","price":70.6},{"type":"B","date":"2018-05-02T01:38:44.000Z","volume":50000,"label":" ","price":70.6},{"type":"B","date":"2018-05-02T01:38:44.000Z","volume":2000,"label":" ","price":70.6},{"type":"A","date":"2018-05-02T01:38:49.000Z","volume":3000,"label":" ","price":70.65},{"type":"A","date":"2018-05-02T01:38:50.000Z","volume":1000,"label":" ","price":70.65},{"type":"A","date":"2018-05-02T01:38:51.000Z","volume":1000,"label":" ","price":70.65},{"type":"A","date":"2018-05-02T01:38:51.000Z","volume":6000,"label":" ","price":70.65},{"type":"A","date":"2018-05-02T01:38:51.000Z","volume":2000,"label":" ","price":70.65},{"type":"A","date":"2018-05-02T01:38:52.000Z","volume":2000,"label":" ","price":70.7},{"type":"B","date":"2018-05-02T01:39:02.000Z","volume":20000,"label":" ","price":70.65},{"type":"B","date":"2018-05-02T01:39:02.000Z","volume":6000,"label":" ","price":70.6},{"type":"A","date":"2018-05-02T01:39:03.000Z","volume":1000,"label":" ","price":70.65},{"type":"B","date":"2018-05-02T01:39:04.000Z","volume":50000,"label":" ","price":70.6},{"type":"B","date":"2018-05-02T01:39:05.000Z","volume":9000,"label":" ","price":70.6},{"type":"B","date":"2018-05-02T01:39:06.000Z","volume":17000,"label":" ","price":70.55},{"type":"A","date":"2018-05-02T01:39:07.000Z","volume":3000,"label":" ","price":70.55},{"type":"A","date":"2018-05-02T01:39:07.000Z","volume":7000,"label":" ","price":70.6},{"type":"A","date":"2018-05-02T01:39:07.000Z","volume":6000,"label":" ","price":70.65},{"type":"A","date":"2018-05-02T01:39:07.000Z","volume":4000,"label":" ","price":70.65},{"type":"A","date":"2018-05-02T01:39:08.000Z","volume":1000,"label":" ","price":70.7},{"type":"A","date":"2018-05-02T01:39:12.000Z","volume":2000,"label":" ","price":70.55},{"type":"A","date":"2018-05-02T01:39:12.000Z","volume":2000,"label":" ","price":70.55},{"type":"B","date":"2018-05-02T01:39:12.000Z","volume":2000,"label":" ","price":70.5},{"type":"A","date":"2018-05-02T01:39:16.000Z","volume":2000,"label":" ","price":70.6},{"type":"A","date":"2018-05-02T01:39:16.000Z","volume":3000,"label":" ","price":70.6},{"type":"A","date":"2018-05-02T01:39:27.000Z","volume":3000,"label":" ","price":70.6},{"type":"A","date":"2018-05-02T01:39:31.000Z","volume":4000,"label":" ","price":70.7},{"type":"A","date":"2018-05-02T01:39:31.000Z","volume":6000,"label":" ","price":70.75},{"type":"B","date":"2018-05-02T01:39:35.000Z","volume":3000,"label":" ","price":70.6},{"type":"B","date":"2018-05-02T01:39:39.000Z","volume":1000,"label":" ","price":70.6},{"type":"B","date":"2018-05-02T01:39:52.000Z","volume":1000,"label":" ","price":70.6},{"type":"B","date":"2018-05-02T01:40:08.000Z","volume":1000,"label":" ","price":70.6},{"type":"B","date":"2018-05-02T01:40:08.000Z","volume":1000,"label":"Y","price":70.6},{"type":"B","date":"2018-05-02T01:40:08.000Z","volume":3000,"label":" ","price":70.6},{"type":"B","date":"2018-05-02T01:40:10.000Z","volume":4000,"label":"Y","price":70.6},{"type":"B","date":"2018-05-02T01:40:10.000Z","volume":3000,"label":" ","price":70.6},{"type":"B","date":"2018-05-02T01:40:10.000Z","volume":1000,"label":" ","price":70.55},{"type":"A","date":"2018-05-02T01:40:10.000Z","volume":1000,"label":" ","price":70.6},{"type":"A","date":"2018-05-02T01:40:14.000Z","volume":10000,"label":" ","price":70.6},{"type":"A","date":"2018-05-02T01:40:14.000Z","volume":5000,"label":" ","price":70.6},{"type":"A","date":"2018-05-02T01:40:14.000Z","volume":1000,"label":" ","price":70.6},{"type":"B","date":"2018-05-02T01:40:14.000Z","volume":2000,"label":" ","price":70.55},{"type":"U","date":"2018-05-02T01:40:14.000Z","volume":1000,"label":" ","price":70.6},{"type":"B","date":"2018-05-02T01:40:18.000Z","volume":1000,"label":" ","price":70.6},{"type":"B","date":"2018-05-02T01:40:22.000Z","volume":1000,"label":" ","price":70.6},{"type":"A","date":"2018-05-02T01:40:22.000Z","volume":1000,"label":" ","price":70.65},{"type":"B","date":"2018-05-02T01:40:26.000Z","volume":1000,"label":" ","price":70.6},{"type":"B","date":"2018-05-02T01:40:33.000Z","volume":1000,"label":" ","price":70.6},{"type":"A","date":"2018-05-02T01:40:47.000Z","volume":4000,"label":" ","price":70.65},{"type":"A","date":"2018-05-02T01:40:47.000Z","volume":1000,"label":" ","price":70.65},{"type":"A","date":"2018-05-02T01:40:48.000Z","volume":2000,"label":" ","price":70.65},{"type":"A","date":"2018-05-02T01:41:03.000Z","volume":1000,"label":" ","price":70.65},{"type":"A","date":"2018-05-02T01:41:17.000Z","volume":1000,"label":" ","price":70.65},{"type":"B","date":"2018-05-02T01:41:28.000Z","volume":5000,"label":" ","price":70.6},{"type":"A","date":"2018-05-02T01:41:29.000Z","volume":1000,"label":" ","price":70.65},{"type":"U","date":"2018-05-02T01:41:42.000Z","volume":1000,"label":" ","price":70.65},{"type":"A","date":"2018-05-02T01:41:46.000Z","volume":1000,"label":" ","price":70.65},{"type":"A","date":"2018-05-02T01:41:48.000Z","volume":1000,"label":" ","price":70.7},{"type":"A","date":"2018-05-02T01:42:03.000Z","volume":1000,"label":" ","price":70.7},{"type":"A","date":"2018-05-02T01:42:03.000Z","volume":10000,"label":" ","price":70.7},{"type":"A","date":"2018-05-02T01:42:07.000Z","volume":12000,"label":" ","price":70.7},{"type":"U","date":"2018-05-02T01:42:08.000Z","volume":739,"label":"D","price":70.7},{"type":"A","date":"2018-05-02T01:42:09.000Z","volume":2000,"label":" ","price":70.75},{"type":"B","date":"2018-05-02T01:42:18.000Z","volume":3000,"label":" ","price":70.7},{"type":"B","date":"2018-05-02T01:42:27.000Z","volume":10000,"label":" ","price":70.7},{"type":"B","date":"2018-05-02T01:42:27.000Z","volume":13000,"label":" ","price":70.7},{"type":"A","date":"2018-05-02T01:42:33.000Z","volume":1000,"label":" ","price":70.7},{"type":"A","date":"2018-05-02T01:42:33.000Z","volume":60000,"label":" ","price":70.75},{"type":"A","date":"2018-05-02T01:42:33.000Z","volume":2000,"label":" ","price":70.75},{"type":"A","date":"2018-05-02T01:42:33.000Z","volume":2000,"label":" ","price":70.8},{"type":"A","date":"2018-05-02T01:42:36.000Z","volume":3000,"label":" ","price":70.75},{"type":"A","date":"2018-05-02T01:42:39.000Z","volume":50000,"label":" ","price":70.8},{"type":"A","date":"2018-05-02T01:42:39.000Z","volume":2000,"label":" ","price":70.8},{"type":"B","date":"2018-05-02T01:42:42.000Z","volume":2000,"label":" ","price":70.75},{"type":"A","date":"2018-05-02T01:42:43.000Z","volume":16000,"label":" ","price":70.75},{"type":"A","date":"2018-05-02T01:42:43.000Z","volume":15000,"label":" ","price":70.8},{"type":"B","date":"2018-05-02T01:42:46.000Z","volume":4000,"label":" ","price":70.8},{"type":"B","date":"2018-05-02T01:42:46.000Z","volume":3000,"label":" ","price":70.8},{"type":"B","date":"2018-05-02T01:42:46.000Z","volume":2000,"label":" ","price":70.8},{"type":"A","date":"2018-05-02T01:42:47.000Z","volume":18000,"label":" ","price":70.85},{"type":"A","date":"2018-05-02T01:42:47.000Z","volume":2000,"label":" ","price":70.85},{"type":"A","date":"2018-05-02T01:42:49.000Z","volume":1000,"label":" ","price":70.85},{"type":"B","date":"2018-05-02T01:42:51.000Z","volume":1000,"label":" ","price":70.7},{"type":"U","date":"2018-05-02T01:42:53.000Z","volume":15000,"label":" ","price":70.85},{"type":"B","date":"2018-05-02T01:42:53.000Z","volume":1000,"label":" ","price":70.85},{"type":"A","date":"2018-05-02T01:42:57.000Z","volume":15000,"label":" ","price":70.9},{"type":"A","date":"2018-05-02T01:42:57.000Z","volume":2000,"label":" ","price":70.9},{"type":"B","date":"2018-05-02T01:42:58.000Z","volume":1000,"label":" ","price":70.85},{"type":"A","date":"2018-05-02T01:42:59.000Z","volume":1000,"label":" ","price":70.9},{"type":"A","date":"2018-05-02T01:43:01.000Z","volume":4000,"label":" ","price":70.9},{"type":"B","date":"2018-05-02T01:43:06.000Z","volume":2000,"label":" ","price":70.9},{"type":"A","date":"2018-05-02T01:43:07.000Z","volume":10000,"label":" ","price":70.95},{"type":"A","date":"2018-05-02T01:43:08.000Z","volume":1000,"label":" ","price":70.95},{"type":"A","date":"2018-05-02T01:43:10.000Z","volume":1000,"label":" ","price":70.95},{"type":"B","date":"2018-05-02T01:43:10.000Z","volume":1000,"label":" ","price":70.9},{"type":"A","date":"2018-05-02T01:43:12.000Z","volume":26000,"label":" ","price":70.95},{"type":"A","date":"2018-05-02T01:43:19.000Z","volume":1000,"label":" ","price":70.95},{"type":"A","date":"2018-05-02T01:43:19.000Z","volume":3000,"label":" ","price":71},{"type":"A","date":"2018-05-02T01:43:21.000Z","volume":4000,"label":" ","price":71},{"type":"A","date":"2018-05-02T01:43:21.000Z","volume":2000,"label":" ","price":71},{"type":"B","date":"2018-05-02T01:43:42.000Z","volume":6000,"label":" ","price":70.9},{"type":"A","date":"2018-05-02T01:43:47.000Z","volume":1000,"label":" ","price":70.95},{"type":"B","date":"2018-05-02T01:44:03.000Z","volume":2000,"label":" ","price":70.9},{"type":"A","date":"2018-05-02T01:44:13.000Z","volume":1000,"label":" ","price":70.9},{"type":"B","date":"2018-05-02T01:44:28.000Z","volume":1000,"label":" ","price":70.85},{"type":"A","date":"2018-05-02T01:44:28.000Z","volume":1000,"label":" ","price":70.9},{"type":"A","date":"2018-05-02T01:44:32.000Z","volume":1000,"label":" ","price":70.9},{"type":"A","date":"2018-05-02T01:44:58.000Z","volume":1000,"label":" ","price":70.9},{"type":"U","date":"2018-05-02T01:45:14.000Z","volume":1000,"label":" ","price":70.9},{"type":"A","date":"2018-05-02T01:45:15.000Z","volume":1000,"label":" ","price":70.95},{"type":"A","date":"2018-05-02T01:45:17.000Z","volume":1000,"label":"Y","price":70.9},{"type":"A","date":"2018-05-02T01:45:20.000Z","volume":1000,"label":" ","price":70.9},{"type":"A","date":"2018-05-02T01:45:24.000Z","volume":3000,"label":" ","price":70.95},{"type":"A","date":"2018-05-02T01:45:30.000Z","volume":1000,"label":" ","price":70.95},{"type":"A","date":"2018-05-02T01:45:34.000Z","volume":4000,"label":" ","price":70.95},{"type":"A","date":"2018-05-02T01:45:34.000Z","volume":20000,"label":" ","price":70.95},{"type":"B","date":"2018-05-02T01:45:34.000Z","volume":5000,"label":" ","price":70.9},{"type":"A","date":"2018-05-02T01:45:34.000Z","volume":5000,"label":" ","price":70.95},{"type":"A","date":"2018-05-02T01:45:34.000Z","volume":1000,"label":" ","price":70.95},{"type":"B","date":"2018-05-02T01:45:38.000Z","volume":4000,"label":" ","price":70.9},{"type":"A","date":"2018-05-02T01:45:38.000Z","volume":1000,"label":" ","price":70.9},{"type":"A","date":"2018-05-02T01:45:40.000Z","volume":1000,"label":" ","price":70.9},{"type":"B","date":"2018-05-02T01:46:02.000Z","volume":1000,"label":"Y","price":70.9},{"type":"B","date":"2018-05-02T01:46:04.000Z","volume":1000,"label":"Y","price":70.9},{"type":"B","date":"2018-05-02T01:46:04.000Z","volume":1000,"label":" ","price":70.9},{"type":"B","date":"2018-05-02T01:46:06.000Z","volume":18000,"label":" ","price":70.9},{"type":"B","date":"2018-05-02T01:46:10.000Z","volume":4000,"label":" ","price":70.85},{"type":"B","date":"2018-05-02T01:46:20.000Z","volume":13000,"label":" ","price":70.85},{"type":"B","date":"2018-05-02T01:46:20.000Z","volume":2000,"label":" ","price":70.8},{"type":"B","date":"2018-05-02T01:46:24.000Z","volume":4000,"label":" ","price":70.8},{"type":"B","date":"2018-05-02T01:46:32.000Z","volume":3000,"label":" ","price":70.85},{"type":"A","date":"2018-05-02T01:46:32.000Z","volume":2000,"label":" ","price":70.85},{"type":"A","date":"2018-05-02T01:46:38.000Z","volume":1000,"label":" ","price":70.85},{"type":"A","date":"2018-05-02T01:47:30.000Z","volume":3000,"label":" ","price":70.9},{"type":"B","date":"2018-05-02T01:47:34.000Z","volume":1000,"label":" ","price":70.85},{"type":"B","date":"2018-05-02T01:47:37.000Z","volume":10000,"label":" ","price":70.85},{"type":"A","date":"2018-05-02T01:48:00.000Z","volume":1000,"label":" ","price":70.9},{"type":"B","date":"2018-05-02T01:48:14.000Z","volume":1000,"label":" ","price":70.85},{"type":"B","date":"2018-05-02T01:48:24.000Z","volume":2000,"label":" ","price":70.85},{"type":"B","date":"2018-05-02T01:48:54.000Z","volume":5000,"label":" ","price":70.85},{"type":"A","date":"2018-05-02T01:48:54.000Z","volume":1000,"label":" ","price":70.9},{"type":"A","date":"2018-05-02T01:48:59.000Z","volume":1000,"label":" ","price":70.9},{"type":"B","date":"2018-05-02T01:49:00.000Z","volume":2000,"label":" ","price":70.85},{"type":"A","date":"2018-05-02T01:49:27.000Z","volume":7000,"label":"Y","price":70.9},{"type":"A","date":"2018-05-02T01:49:27.000Z","volume":17000,"label":" ","price":70.9},{"type":"B","date":"2018-05-02T01:49:36.000Z","volume":2000,"label":" ","price":70.9},{"type":"B","date":"2018-05-02T01:50:33.000Z","volume":1000,"label":" ","price":70.9},{"type":"A","date":"2018-05-02T01:50:34.000Z","volume":1000,"label":" ","price":70.95},{"type":"A","date":"2018-05-02T01:50:39.000Z","volume":1000,"label":" ","price":70.95},{"type":"A","date":"2018-05-02T01:50:44.000Z","volume":1000,"label":" ","price":70.95},{"type":"A","date":"2018-05-02T01:50:54.000Z","volume":1000,"label":" ","price":70.95},{"type":"A","date":"2018-05-02T01:50:57.000Z","volume":15000,"label":" ","price":70.95},{"type":"A","date":"2018-05-02T01:50:57.000Z","volume":1000,"label":" ","price":70.95},{"type":"A","date":"2018-05-02T01:50:59.000Z","volume":4000,"label":" ","price":70.95},{"type":"A","date":"2018-05-02T01:51:00.000Z","volume":1000,"label":" ","price":70.95},{"type":"A","date":"2018-05-02T01:51:01.000Z","volume":12000,"label":" ","price":70.95},{"type":"A","date":"2018-05-02T01:51:01.000Z","volume":1000,"label":" ","price":70.95},{"type":"A","date":"2018-05-02T01:51:03.000Z","volume":11000,"label":" ","price":70.95},{"type":"A","date":"2018-05-02T01:51:03.000Z","volume":1000,"label":" ","price":70.95},{"type":"A","date":"2018-05-02T01:51:04.000Z","volume":1000,"label":" ","price":70.95},{"type":"A","date":"2018-05-02T01:51:04.000Z","volume":5000,"label":" ","price":70.95},{"type":"A","date":"2018-05-02T01:51:04.000Z","volume":1000,"label":" ","price":70.95},{"type":"A","date":"2018-05-02T01:51:05.000Z","volume":1000,"label":" ","price":70.95},{"type":"A","date":"2018-05-02T01:51:05.000Z","volume":9000,"label":" ","price":70.95},{"type":"A","date":"2018-05-02T01:51:05.000Z","volume":1000,"label":" ","price":71},{"type":"B","date":"2018-05-02T01:51:06.000Z","volume":9000,"label":" ","price":70.95},{"type":"U","date":"2018-05-02T01:51:06.000Z","volume":1000,"label":" ","price":70.95},{"type":"A","date":"2018-05-02T01:51:09.000Z","volume":7000,"label":" ","price":70.95},{"type":"A","date":"2018-05-02T01:51:09.000Z","volume":1000,"label":" ","price":71},{"type":"A","date":"2018-05-02T01:51:09.000Z","volume":3000,"label":" ","price":71},{"type":"A","date":"2018-05-02T01:51:11.000Z","volume":1000,"label":" ","price":71},{"type":"A","date":"2018-05-02T01:51:13.000Z","volume":1000,"label":" ","price":71},{"type":"A","date":"2018-05-02T01:51:14.000Z","volume":1000,"label":" ","price":71},{"type":"A","date":"2018-05-02T01:51:18.000Z","volume":1000,"label":" ","price":71},{"type":"B","date":"2018-05-02T01:51:22.000Z","volume":5000,"label":" ","price":70.95},{"type":"A","date":"2018-05-02T01:51:35.000Z","volume":1000,"label":" ","price":71},{"type":"B","date":"2018-05-02T01:51:45.000Z","volume":4000,"label":" ","price":70.95},{"type":"A","date":"2018-05-02T01:51:59.000Z","volume":1000,"label":" ","price":71},{"type":"A","date":"2018-05-02T01:52:00.000Z","volume":24000,"label":" ","price":71},{"type":"A","date":"2018-05-02T01:52:00.000Z","volume":1000,"label":" ","price":71},{"type":"A","date":"2018-05-02T01:52:06.000Z","volume":1000,"label":"Y","price":71},{"type":"A","date":"2018-05-02T01:52:09.000Z","volume":1000,"label":" ","price":71},{"type":"A","date":"2018-05-02T01:52:22.000Z","volume":1000,"label":" ","price":71},{"type":"B","date":"2018-05-02T01:52:27.000Z","volume":1000,"label":" ","price":70.95},{"type":"A","date":"2018-05-02T01:52:29.000Z","volume":1000,"label":" ","price":71},{"type":"A","date":"2018-05-02T01:52:30.000Z","volume":1000,"label":" ","price":71},{"type":"A","date":"2018-05-02T01:52:30.000Z","volume":1000,"label":" ","price":71},{"type":"A","date":"2018-05-02T01:52:35.000Z","volume":1000,"label":" ","price":71},{"type":"A","date":"2018-05-02T01:52:42.000Z","volume":1000,"label":" ","price":71},{"type":"B","date":"2018-05-02T01:52:50.000Z","volume":7000,"label":" ","price":70.95},{"type":"B","date":"2018-05-02T01:52:51.000Z","volume":7000,"label":" ","price":70.95},{"type":"B","date":"2018-05-02T01:52:54.000Z","volume":24000,"label":" ","price":70.95},{"type":"B","date":"2018-05-02T01:52:54.000Z","volume":10000,"label":" ","price":70.95},{"type":"U","date":"2018-05-02T01:52:54.000Z","volume":1000,"label":" ","price":70.95},{"type":"A","date":"2018-05-02T01:52:55.000Z","volume":4000,"label":" ","price":71},{"type":"U","date":"2018-05-02T01:52:58.000Z","volume":1000,"label":" ","price":70.95},{"type":"A","date":"2018-05-02T01:53:00.000Z","volume":1000,"label":" ","price":70.95},{"type":"B","date":"2018-05-02T01:53:00.000Z","volume":20000,"label":" ","price":70.9},{"type":"A","date":"2018-05-02T01:53:05.000Z","volume":3000,"label":" ","price":70.95},{"type":"B","date":"2018-05-02T01:53:07.000Z","volume":5000,"label":" ","price":70.9},{"type":"A","date":"2018-05-02T01:53:10.000Z","volume":3000,"label":" ","price":70.95},{"type":"A","date":"2018-05-02T01:53:16.000Z","volume":6000,"label":" ","price":70.95},{"type":"A","date":"2018-05-02T01:53:16.000Z","volume":1000,"label":"Y","price":70.95},{"type":"A","date":"2018-05-02T01:53:20.000Z","volume":2000,"label":" ","price":71},{"type":"B","date":"2018-05-02T01:53:21.000Z","volume":4000,"label":" ","price":70.9},{"type":"B","date":"2018-05-02T01:53:24.000Z","volume":8000,"label":" ","price":70.9},{"type":"A","date":"2018-05-02T01:53:24.000Z","volume":1000,"label":" ","price":70.9},{"type":"B","date":"2018-05-02T01:53:24.000Z","volume":4000,"label":" ","price":70.85},{"type":"A","date":"2018-05-02T01:53:24.000Z","volume":1000,"label":" ","price":70.9},{"type":"A","date":"2018-05-02T01:53:24.000Z","volume":1000,"label":" ","price":70.9},{"type":"A","date":"2018-05-02T01:53:45.000Z","volume":5000,"label":" ","price":70.9},{"type":"A","date":"2018-05-02T01:54:14.000Z","volume":1000,"label":" ","price":70.9},{"type":"B","date":"2018-05-02T01:54:15.000Z","volume":1000,"label":" ","price":70.85},{"type":"B","date":"2018-05-02T01:54:18.000Z","volume":5000,"label":" ","price":70.85},{"type":"B","date":"2018-05-02T01:54:18.000Z","volume":4000,"label":" ","price":70.85},{"type":"B","date":"2018-05-02T01:54:24.000Z","volume":1000,"label":" ","price":70.85},{"type":"B","date":"2018-05-02T01:54:31.000Z","volume":1000,"label":" ","price":70.85},{"type":"B","date":"2018-05-02T01:54:55.000Z","volume":1000,"label":" ","price":70.85},{"type":"B","date":"2018-05-02T01:54:55.000Z","volume":27000,"label":" ","price":70.85},{"type":"B","date":"2018-05-02T01:54:55.000Z","volume":8000,"label":" ","price":70.8},{"type":"B","date":"2018-05-02T01:54:55.000Z","volume":26000,"label":" ","price":70.8},{"type":"U","date":"2018-05-02T01:54:57.000Z","volume":9000,"label":" ","price":70.8},{"type":"U","date":"2018-05-02T01:54:57.000Z","volume":1000,"label":" ","price":70.8},{"type":"B","date":"2018-05-02T01:54:59.000Z","volume":4000,"label":"Y","price":70.75},{"type":"B","date":"2018-05-02T01:55:08.000Z","volume":9000,"label":" ","price":70.75},{"type":"B","date":"2018-05-02T01:55:39.000Z","volume":18000,"label":" ","price":70.7},{"type":"B","date":"2018-05-02T01:55:39.000Z","volume":10000,"label":" ","price":70.7},{"type":"A","date":"2018-05-02T01:55:49.000Z","volume":1000,"label":" ","price":70.75},{"type":"U","date":"2018-05-02T01:55:52.000Z","volume":1000,"label":" ","price":70.7},{"type":"U","date":"2018-05-02T01:55:52.000Z","volume":10000,"label":" ","price":70.7},{"type":"A","date":"2018-05-02T01:56:10.000Z","volume":2000,"label":"Y","price":70.7},{"type":"B","date":"2018-05-02T01:57:14.000Z","volume":6000,"label":" ","price":70.65},{"type":"B","date":"2018-05-02T01:57:14.000Z","volume":2000,"label":" ","price":70.65},{"type":"U","date":"2018-05-02T01:57:33.000Z","volume":4000,"label":"X","price":70.65},{"type":"B","date":"2018-05-02T01:57:43.000Z","volume":10000,"label":" ","price":70.65},{"type":"B","date":"2018-05-02T01:57:53.000Z","volume":13000,"label":" ","price":70.65},{"type":"B","date":"2018-05-02T01:57:53.000Z","volume":7000,"label":" ","price":70.65},{"type":"B","date":"2018-05-02T01:58:14.000Z","volume":1000,"label":" ","price":70.6},{"type":"B","date":"2018-05-02T01:58:38.000Z","volume":1000,"label":" ","price":70.6},{"type":"B","date":"2018-05-02T01:58:41.000Z","volume":1000,"label":" ","price":70.6},{"type":"B","date":"2018-05-02T01:58:53.000Z","volume":20000,"label":" ","price":70.6},{"type":"B","date":"2018-05-02T01:58:55.000Z","volume":5000,"label":" ","price":70.6},{"type":"B","date":"2018-05-02T01:58:57.000Z","volume":1000,"label":" ","price":70.6},{"type":"A","date":"2018-05-02T01:59:08.000Z","volume":27000,"label":" ","price":70.65},{"type":"A","date":"2018-05-02T01:59:08.000Z","volume":6000,"label":" ","price":70.65},{"type":"B","date":"2018-05-02T01:59:15.000Z","volume":1000,"label":" ","price":70.65},{"type":"B","date":"2018-05-02T01:59:18.000Z","volume":1000,"label":" ","price":70.65},{"type":"B","date":"2018-05-02T01:59:22.000Z","volume":1000,"label":" ","price":70.65},{"type":"B","date":"2018-05-02T01:59:32.000Z","volume":15000,"label":" ","price":70.65},{"type":"B","date":"2018-05-02T01:59:32.000Z","volume":3000,"label":" ","price":70.65},{"type":"B","date":"2018-05-02T01:59:32.000Z","volume":1000,"label":" ","price":70.65},{"type":"A","date":"2018-05-02T01:59:33.000Z","volume":1000,"label":" ","price":70.65},{"type":"B","date":"2018-05-02T01:59:36.000Z","volume":47000,"label":" ","price":70.6},{"type":"B","date":"2018-05-02T01:59:36.000Z","volume":3000,"label":" ","price":70.6},{"type":"A","date":"2018-05-02T01:59:38.000Z","volume":1000,"label":" ","price":70.6},{"type":"B","date":"2018-05-02T01:59:46.000Z","volume":69000,"label":" ","price":70.55},{"type":"B","date":"2018-05-02T01:59:46.000Z","volume":21000,"label":" ","price":70.5},{"type":"B","date":"2018-05-02T01:59:46.000Z","volume":2000,"label":" ","price":70.45},{"type":"A","date":"2018-05-02T01:59:46.000Z","volume":4000,"label":" ","price":70.45},{"type":"A","date":"2018-05-02T01:59:48.000Z","volume":1000,"label":" ","price":70.45},{"type":"B","date":"2018-05-02T01:59:48.000Z","volume":7000,"label":" ","price":70.4},{"type":"B","date":"2018-05-02T01:59:48.000Z","volume":5000,"label":" ","price":70.4},{"type":"B","date":"2018-05-02T01:59:48.000Z","volume":1000,"label":" ","price":70.35},{"type":"A","date":"2018-05-02T01:59:48.000Z","volume":4000,"label":" ","price":70.4},{"type":"A","date":"2018-05-02T01:59:51.000Z","volume":1000,"label":" ","price":70.4},{"type":"B","date":"2018-05-02T01:59:59.000Z","volume":2000,"label":" ","price":70.35},{"type":"A","date":"2018-05-02T02:00:15.000Z","volume":1000,"label":" ","price":70.4},{"type":"B","date":"2018-05-02T02:00:20.000Z","volume":1000,"label":" ","price":70.35},{"type":"B","date":"2018-05-02T02:00:24.000Z","volume":1000,"label":" ","price":70.35},{"type":"B","date":"2018-05-02T02:00:28.000Z","volume":1000,"label":" ","price":70.35},{"type":"B","date":"2018-05-02T02:00:29.000Z","volume":1000,"label":" ","price":70.35},{"type":"B","date":"2018-05-02T02:00:29.000Z","volume":1000,"label":" ","price":70.35},{"type":"A","date":"2018-05-02T02:00:49.000Z","volume":1000,"label":" ","price":70.35},{"type":"A","date":"2018-05-02T02:00:52.000Z","volume":1000,"label":" ","price":70.35},{"type":"B","date":"2018-05-02T02:01:14.000Z","volume":10000,"label":" ","price":70.3},{"type":"B","date":"2018-05-02T02:01:14.000Z","volume":3000,"label":" ","price":70.3},{"type":"B","date":"2018-05-02T02:01:35.000Z","volume":5000,"label":" ","price":70.25},{"type":"B","date":"2018-05-02T02:01:35.000Z","volume":3000,"label":" ","price":70.25},{"type":"B","date":"2018-05-02T02:01:37.000Z","volume":2000,"label":" ","price":70.2},{"type":"B","date":"2018-05-02T02:01:37.000Z","volume":3000,"label":" ","price":70.2},{"type":"B","date":"2018-05-02T02:01:37.000Z","volume":1000,"label":" ","price":70.2},{"type":"A","date":"2018-05-02T02:01:46.000Z","volume":13000,"label":" ","price":70.2},{"type":"A","date":"2018-05-02T02:01:53.000Z","volume":3000,"label":" ","price":70.25},{"type":"B","date":"2018-05-02T02:02:11.000Z","volume":17000,"label":" ","price":70.2},{"type":"B","date":"2018-05-02T02:02:12.000Z","volume":1000,"label":" ","price":70.2},{"type":"U","date":"2018-05-02T02:02:17.000Z","volume":1000,"label":" ","price":70.2},{"type":"B","date":"2018-05-02T02:02:22.000Z","volume":1000,"label":" ","price":70.2},{"type":"B","date":"2018-05-02T02:02:32.000Z","volume":2000,"label":" ","price":70.2},{"type":"B","date":"2018-05-02T02:02:32.000Z","volume":1000,"label":" ","price":70.15},{"type":"U","date":"2018-05-02T02:02:44.000Z","volume":1000,"label":" ","price":70.2},{"type":"B","date":"2018-05-02T02:02:45.000Z","volume":2000,"label":" ","price":70.15},{"type":"A","date":"2018-05-02T02:02:53.000Z","volume":1000,"label":" ","price":70.25},{"type":"A","date":"2018-05-02T02:02:53.000Z","volume":1000,"label":" ","price":70.25},{"type":"B","date":"2018-05-02T02:03:20.000Z","volume":1000,"label":" ","price":70.25},{"type":"A","date":"2018-05-02T02:03:33.000Z","volume":1000,"label":" ","price":70.3},{"type":"B","date":"2018-05-02T02:03:37.000Z","volume":3000,"label":" ","price":70.25},{"type":"A","date":"2018-05-02T02:03:57.000Z","volume":2000,"label":" ","price":70.3},{"type":"B","date":"2018-05-02T02:04:03.000Z","volume":6000,"label":" ","price":70.3},{"type":"B","date":"2018-05-02T02:04:03.000Z","volume":4000,"label":" ","price":70.3},{"type":"B","date":"2018-05-02T02:04:03.000Z","volume":1000,"label":" ","price":70.3},{"type":"A","date":"2018-05-02T02:04:06.000Z","volume":1000,"label":" ","price":70.3},{"type":"A","date":"2018-05-02T02:04:24.000Z","volume":3000,"label":" ","price":70.3},{"type":"A","date":"2018-05-02T02:04:38.000Z","volume":1000,"label":" ","price":70.3},{"type":"A","date":"2018-05-02T02:04:45.000Z","volume":1000,"label":" ","price":70.3},{"type":"A","date":"2018-05-02T02:05:02.000Z","volume":4000,"label":" ","price":70.3},{"type":"A","date":"2018-05-02T02:05:04.000Z","volume":1000,"label":" ","price":70.3},{"type":"A","date":"2018-05-02T02:05:16.000Z","volume":1000,"label":" ","price":70.35},{"type":"B","date":"2018-05-02T02:05:41.000Z","volume":3000,"label":" ","price":70.3},{"type":"B","date":"2018-05-02T02:05:41.000Z","volume":3000,"label":" ","price":70.3},{"type":"B","date":"2018-05-02T02:05:41.000Z","volume":1000,"label":" ","price":70.3},{"type":"A","date":"2018-05-02T02:05:44.000Z","volume":1000,"label":" ","price":70.35},{"type":"B","date":"2018-05-02T02:05:51.000Z","volume":20000,"label":" ","price":70.25},{"type":"A","date":"2018-05-02T02:05:58.000Z","volume":17000,"label":" ","price":70.3},{"type":"A","date":"2018-05-02T02:05:58.000Z","volume":4000,"label":" ","price":70.35},{"type":"A","date":"2018-05-02T02:05:58.000Z","volume":2000,"label":" ","price":70.45},{"type":"A","date":"2018-05-02T02:05:59.000Z","volume":1000,"label":" ","price":70.5},{"type":"U","date":"2018-05-02T02:05:59.000Z","volume":1000,"label":" ","price":70.35},{"type":"A","date":"2018-05-02T02:06:01.000Z","volume":1000,"label":" ","price":70.45},{"type":"B","date":"2018-05-02T02:06:16.000Z","volume":4000,"label":" ","price":70.3},{"type":"B","date":"2018-05-02T02:06:44.000Z","volume":1000,"label":" ","price":70.3},{"type":"A","date":"2018-05-02T02:07:03.000Z","volume":1000,"label":" ","price":70.4},{"type":"A","date":"2018-05-02T02:07:05.000Z","volume":2000,"label":" ","price":70.35},{"type":"A","date":"2018-05-02T02:07:05.000Z","volume":1000,"label":" ","price":70.35},{"type":"A","date":"2018-05-02T02:07:06.000Z","volume":2000,"label":" ","price":70.35},{"type":"A","date":"2018-05-02T02:07:06.000Z","volume":5000,"label":" ","price":70.35},{"type":"U","date":"2018-05-02T02:07:18.000Z","volume":1000,"label":" ","price":70.35},{"type":"B","date":"2018-05-02T02:07:18.000Z","volume":5000,"label":" ","price":70.35},{"type":"B","date":"2018-05-02T02:07:18.000Z","volume":5000,"label":" ","price":70.3},{"type":"A","date":"2018-05-02T02:07:19.000Z","volume":2000,"label":" ","price":70.4},{"type":"U","date":"2018-05-02T02:07:40.000Z","volume":1000,"label":" ","price":70.35},{"type":"A","date":"2018-05-02T02:07:54.000Z","volume":4000,"label":"Y","price":70.35},{"type":"A","date":"2018-05-02T02:07:55.000Z","volume":1000,"label":" ","price":70.35},{"type":"U","date":"2018-05-02T02:08:30.000Z","volume":1000,"label":"X","price":70.325},{"type":"A","date":"2018-05-02T02:08:35.000Z","volume":1000,"label":" ","price":70.35},{"type":"A","date":"2018-05-02T02:08:45.000Z","volume":1000,"label":" ","price":70.35},{"type":"A","date":"2018-05-02T02:09:00.000Z","volume":1000,"label":" ","price":70.35},{"type":"B","date":"2018-05-02T02:09:11.000Z","volume":1000,"label":" ","price":70.3},{"type":"A","date":"2018-05-02T02:09:23.000Z","volume":2000,"label":" ","price":70.35},{"type":"A","date":"2018-05-02T02:09:24.000Z","volume":1000,"label":" ","price":70.35},{"type":"A","date":"2018-05-02T02:09:30.000Z","volume":2000,"label":" ","price":70.35},{"type":"A","date":"2018-05-02T02:09:33.000Z","volume":13000,"label":" ","price":70.35},{"type":"A","date":"2018-05-02T02:09:33.000Z","volume":7000,"label":" ","price":70.35},{"type":"A","date":"2018-05-02T02:09:34.000Z","volume":1000,"label":" ","price":70.4},{"type":"A","date":"2018-05-02T02:09:35.000Z","volume":2000,"label":" ","price":70.45},{"type":"A","date":"2018-05-02T02:09:38.000Z","volume":1000,"label":" ","price":70.45},{"type":"B","date":"2018-05-02T02:09:41.000Z","volume":3000,"label":" ","price":70.35},{"type":"B","date":"2018-05-02T02:09:42.000Z","volume":2000,"label":" ","price":70.35},{"type":"B","date":"2018-05-02T02:09:52.000Z","volume":2000,"label":" ","price":70.35},{"type":"B","date":"2018-05-02T02:09:54.000Z","volume":3000,"label":" ","price":70.35},{"type":"B","date":"2018-05-02T02:09:56.000Z","volume":5000,"label":" ","price":70.35},{"type":"B","date":"2018-05-02T02:10:03.000Z","volume":1000,"label":" ","price":70.3},{"type":"A","date":"2018-05-02T02:10:08.000Z","volume":5000,"label":" ","price":70.35},{"type":"A","date":"2018-05-02T02:10:14.000Z","volume":6000,"label":" ","price":70.35},{"type":"A","date":"2018-05-02T02:10:30.000Z","volume":1000,"label":" ","price":70.4},{"type":"A","date":"2018-05-02T02:10:32.000Z","volume":1000,"label":" ","price":70.4},{"type":"A","date":"2018-05-02T02:10:32.000Z","volume":1000,"label":" ","price":70.4},{"type":"A","date":"2018-05-02T02:10:32.000Z","volume":7000,"label":" ","price":70.4},{"type":"A","date":"2018-05-02T02:10:54.000Z","volume":1000,"label":" ","price":70.4},{"type":"A","date":"2018-05-02T02:10:54.000Z","volume":1000,"label":"Y","price":70.4},{"type":"A","date":"2018-05-02T02:10:54.000Z","volume":10000,"label":" ","price":70.4},{"type":"A","date":"2018-05-02T02:10:54.000Z","volume":1000,"label":" ","price":70.45},{"type":"A","date":"2018-05-02T02:10:55.000Z","volume":2000,"label":" ","price":70.45},{"type":"B","date":"2018-05-02T02:10:58.000Z","volume":2000,"label":" ","price":70.4},{"type":"A","date":"2018-05-02T02:10:58.000Z","volume":1000,"label":" ","price":70.45},{"type":"B","date":"2018-05-02T02:11:04.000Z","volume":3000,"label":" ","price":70.4},{"type":"B","date":"2018-05-02T02:11:04.000Z","volume":10000,"label":" ","price":70.4},{"type":"A","date":"2018-05-02T02:11:11.000Z","volume":5000,"label":" ","price":70.4},{"type":"A","date":"2018-05-02T02:11:17.000Z","volume":3000,"label":" ","price":70.4},{"type":"A","date":"2018-05-02T02:11:17.000Z","volume":2000,"label":" ","price":70.4},{"type":"A","date":"2018-05-02T02:11:19.000Z","volume":1000,"label":" ","price":70.4},{"type":"B","date":"2018-05-02T02:11:39.000Z","volume":3000,"label":" ","price":70.4},{"type":"B","date":"2018-05-02T02:11:39.000Z","volume":1000,"label":" ","price":70.4},{"type":"A","date":"2018-05-02T02:11:45.000Z","volume":1000,"label":" ","price":70.45},{"type":"A","date":"2018-05-02T02:11:53.000Z","volume":3000,"label":" ","price":70.4},{"type":"A","date":"2018-05-02T02:11:53.000Z","volume":4000,"label":" ","price":70.4},{"type":"A","date":"2018-05-02T02:11:53.000Z","volume":5000,"label":" ","price":70.4},{"type":"B","date":"2018-05-02T02:12:22.000Z","volume":2000,"label":" ","price":70.4},{"type":"B","date":"2018-05-02T02:12:22.000Z","volume":6000,"label":" ","price":70.4},{"type":"A","date":"2018-05-02T02:12:24.000Z","volume":1000,"label":" ","price":70.4},{"type":"U","date":"2018-05-02T02:12:30.000Z","volume":1000,"label":"X","price":70.375},{"type":"A","date":"2018-05-02T02:12:45.000Z","volume":2000,"label":" ","price":70.4},{"type":"A","date":"2018-05-02T02:12:46.000Z","volume":4000,"label":" ","price":70.4},{"type":"A","date":"2018-05-02T02:12:46.000Z","volume":1000,"label":" ","price":70.4},{"type":"A","date":"2018-05-02T02:12:46.000Z","volume":1000,"label":" ","price":70.4},{"type":"A","date":"2018-05-02T02:12:49.000Z","volume":2000,"label":" ","price":70.4},{"type":"A","date":"2018-05-02T02:12:51.000Z","volume":2000,"label":" ","price":70.4},{"type":"A","date":"2018-05-02T02:12:53.000Z","volume":4000,"label":" ","price":70.45},{"type":"A","date":"2018-05-02T02:13:20.000Z","volume":33000,"label":" ","price":70.45},{"type":"U","date":"2018-05-02T02:13:49.000Z","volume":2000,"label":" ","price":70.45},{"type":"B","date":"2018-05-02T02:13:50.000Z","volume":2000,"label":" ","price":70.45},{"type":"A","date":"2018-05-02T02:13:51.000Z","volume":56000,"label":" ","price":70.5},{"type":"A","date":"2018-05-02T02:14:03.000Z","volume":1000,"label":" ","price":70.55},{"type":"A","date":"2018-05-02T02:14:46.000Z","volume":3000,"label":" ","price":70.6},{"type":"B","date":"2018-05-02T02:15:00.000Z","volume":1000,"label":"Y","price":70.55},{"type":"B","date":"2018-05-02T02:15:00.000Z","volume":8000,"label":" ","price":70.55},{"type":"B","date":"2018-05-02T02:15:00.000Z","volume":7000,"label":" ","price":70.55},{"type":"B","date":"2018-05-02T02:15:04.000Z","volume":3000,"label":" ","price":70.55},{"type":"B","date":"2018-05-02T02:15:04.000Z","volume":6000,"label":" ","price":70.55},{"type":"U","date":"2018-05-02T02:15:06.000Z","volume":1000,"label":" ","price":70.55},{"type":"B","date":"2018-05-02T02:15:07.000Z","volume":1000,"label":" ","price":70.55},{"type":"B","date":"2018-05-02T02:15:08.000Z","volume":1000,"label":" ","price":70.55},{"type":"U","date":"2018-05-02T02:15:14.000Z","volume":2000,"label":" ","price":70.55},{"type":"A","date":"2018-05-02T02:15:16.000Z","volume":2000,"label":" ","price":70.55},{"type":"B","date":"2018-05-02T02:15:49.000Z","volume":2000,"label":" ","price":70.5},{"type":"B","date":"2018-05-02T02:15:49.000Z","volume":3000,"label":" ","price":70.5},{"type":"B","date":"2018-05-02T02:15:49.000Z","volume":6000,"label":" ","price":70.5},{"type":"B","date":"2018-05-02T02:16:13.000Z","volume":1000,"label":"Y","price":70.5},{"type":"B","date":"2018-05-02T02:16:14.000Z","volume":1000,"label":" ","price":70.5},{"type":"A","date":"2018-05-02T02:16:18.000Z","volume":1000,"label":" ","price":70.55},{"type":"U","date":"2018-05-02T02:16:22.000Z","volume":1000,"label":" ","price":70.5},{"type":"A","date":"2018-05-02T02:16:29.000Z","volume":3000,"label":" ","price":70.5},{"type":"A","date":"2018-05-02T02:16:32.000Z","volume":1000,"label":" ","price":70.55},{"type":"A","date":"2018-05-02T02:16:39.000Z","volume":1000,"label":" ","price":70.55},{"type":"B","date":"2018-05-02T02:17:35.000Z","volume":1000,"label":" ","price":70.5},{"type":"U","date":"2018-05-02T02:18:02.000Z","volume":1000,"label":"X","price":70.525},{"type":"A","date":"2018-05-02T02:18:15.000Z","volume":1000,"label":" ","price":70.55},{"type":"A","date":"2018-05-02T02:18:17.000Z","volume":1000,"label":" ","price":70.55},{"type":"B","date":"2018-05-02T02:18:25.000Z","volume":10000,"label":" ","price":70.5},{"type":"B","date":"2018-05-02T02:18:33.000Z","volume":3000,"label":" ","price":70.5},{"type":"B","date":"2018-05-02T02:18:54.000Z","volume":1000,"label":" ","price":70.5},{"type":"U","date":"2018-05-02T02:18:54.000Z","volume":1000,"label":"X","price":70.525},{"type":"A","date":"2018-05-02T02:18:57.000Z","volume":1000,"label":" ","price":70.55},{"type":"A","date":"2018-05-02T02:19:05.000Z","volume":1000,"label":" ","price":70.55},{"type":"A","date":"2018-05-02T02:19:05.000Z","volume":19000,"label":" ","price":70.6},{"type":"B","date":"2018-05-02T02:19:12.000Z","volume":1000,"label":" ","price":70.55},{"type":"B","date":"2018-05-02T02:19:27.000Z","volume":2000,"label":" ","price":70.55},{"type":"B","date":"2018-05-02T02:19:57.000Z","volume":9000,"label":" ","price":70.55},{"type":"B","date":"2018-05-02T02:20:03.000Z","volume":5000,"label":" ","price":70.55},{"type":"B","date":"2018-05-02T02:20:22.000Z","volume":20000,"label":" ","price":70.5},{"type":"B","date":"2018-05-02T02:20:59.000Z","volume":1000,"label":" ","price":70.5},{"type":"B","date":"2018-05-02T02:21:06.000Z","volume":1000,"label":" ","price":70.5},{"type":"B","date":"2018-05-02T02:21:09.000Z","volume":2000,"label":" ","price":70.5},{"type":"B","date":"2018-05-02T02:21:09.000Z","volume":13000,"label":" ","price":70.5},{"type":"U","date":"2018-05-02T02:21:09.000Z","volume":1000,"label":" ","price":70.5},{"type":"A","date":"2018-05-02T02:21:09.000Z","volume":1000,"label":" ","price":70.5},{"type":"A","date":"2018-05-02T02:21:09.000Z","volume":9000,"label":" ","price":70.5},{"type":"A","date":"2018-05-02T02:21:17.000Z","volume":37000,"label":" ","price":70.55},{"type":"A","date":"2018-05-02T02:21:31.000Z","volume":10000,"label":" ","price":70.6},{"type":"U","date":"2018-05-02T02:21:46.000Z","volume":1000,"label":" ","price":70.6},{"type":"A","date":"2018-05-02T02:22:02.000Z","volume":1000,"label":" ","price":70.65},{"type":"A","date":"2018-05-02T02:22:26.000Z","volume":9000,"label":" ","price":70.65},{"type":"B","date":"2018-05-02T02:22:28.000Z","volume":2000,"label":" ","price":70.65},{"type":"B","date":"2018-05-02T02:22:36.000Z","volume":1000,"label":" ","price":70.6},{"type":"A","date":"2018-05-02T02:22:42.000Z","volume":1000,"label":" ","price":70.65},{"type":"A","date":"2018-05-02T02:22:56.000Z","volume":43000,"label":" ","price":70.7},{"type":"B","date":"2018-05-02T02:22:56.000Z","volume":7000,"label":" ","price":70.7},{"type":"B","date":"2018-05-02T02:22:56.000Z","volume":1000,"label":" ","price":70.7},{"type":"B","date":"2018-05-02T02:22:59.000Z","volume":1000,"label":" ","price":70.65},{"type":"U","date":"2018-05-02T02:23:06.000Z","volume":680,"label":"D","price":70.1},{"type":"A","date":"2018-05-02T02:23:36.000Z","volume":15000,"label":" ","price":70.7},{"type":"A","date":"2018-05-02T02:24:00.000Z","volume":19000,"label":" ","price":70.75},{"type":"A","date":"2018-05-02T02:24:05.000Z","volume":15000,"label":" ","price":70.8},{"type":"A","date":"2018-05-02T02:24:06.000Z","volume":3000,"label":" ","price":70.8},{"type":"B","date":"2018-05-02T02:24:07.000Z","volume":1000,"label":" ","price":70.8},{"type":"A","date":"2018-05-02T02:24:11.000Z","volume":7000,"label":" ","price":70.8},{"type":"A","date":"2018-05-02T02:24:11.000Z","volume":5000,"label":" ","price":70.85},{"type":"A","date":"2018-05-02T02:24:17.000Z","volume":10000,"label":" ","price":70.85},{"type":"B","date":"2018-05-02T02:24:45.000Z","volume":1000,"label":" ","price":70.8},{"type":"B","date":"2018-05-02T02:24:45.000Z","volume":11000,"label":" ","price":70.8},{"type":"U","date":"2018-05-02T02:25:00.000Z","volume":2000,"label":" ","price":70.8},{"type":"U","date":"2018-05-02T02:25:06.000Z","volume":1000,"label":" ","price":70.8},{"type":"U","date":"2018-05-02T02:25:06.000Z","volume":1000,"label":" ","price":70.8},{"type":"A","date":"2018-05-02T02:25:15.000Z","volume":1000,"label":" ","price":70.8},{"type":"A","date":"2018-05-02T02:25:17.000Z","volume":1000,"label":" ","price":70.8},{"type":"A","date":"2018-05-02T02:25:17.000Z","volume":1000,"label":" ","price":70.8},{"type":"A","date":"2018-05-02T02:25:20.000Z","volume":1000,"label":" ","price":70.8},{"type":"A","date":"2018-05-02T02:26:18.000Z","volume":1000,"label":" ","price":70.8},{"type":"A","date":"2018-05-02T02:26:19.000Z","volume":1000,"label":" ","price":70.8},{"type":"B","date":"2018-05-02T02:26:49.000Z","volume":1000,"label":" ","price":70.75},{"type":"A","date":"2018-05-02T02:26:49.000Z","volume":1000,"label":"Y","price":70.8},{"type":"A","date":"2018-05-02T02:26:50.000Z","volume":4000,"label":" ","price":70.8},{"type":"A","date":"2018-05-02T02:26:51.000Z","volume":1000,"label":" ","price":70.8},{"type":"U","date":"2018-05-02T02:26:51.000Z","volume":1000,"label":"X","price":70.825},{"type":"A","date":"2018-05-02T02:27:23.000Z","volume":1000,"label":" ","price":70.85},{"type":"B","date":"2018-05-02T02:28:21.000Z","volume":2000,"label":" ","price":70.8},{"type":"B","date":"2018-05-02T02:28:22.000Z","volume":1000,"label":" ","price":70.8},{"type":"B","date":"2018-05-02T02:28:26.000Z","volume":1000,"label":" ","price":70.8},{"type":"B","date":"2018-05-02T02:28:28.000Z","volume":11000,"label":" ","price":70.8},{"type":"B","date":"2018-05-02T02:28:28.000Z","volume":7000,"label":" ","price":70.8},{"type":"A","date":"2018-05-02T02:28:33.000Z","volume":3000,"label":" ","price":70.8},{"type":"A","date":"2018-05-02T02:28:38.000Z","volume":1000,"label":" ","price":70.8},{"type":"A","date":"2018-05-02T02:28:39.000Z","volume":1000,"label":" ","price":70.8},{"type":"A","date":"2018-05-02T02:28:39.000Z","volume":3000,"label":" ","price":70.8},{"type":"U","date":"2018-05-02T02:28:39.000Z","volume":1000,"label":"X","price":70.825},{"type":"A","date":"2018-05-02T02:29:08.000Z","volume":9000,"label":" ","price":70.85},{"type":"A","date":"2018-05-02T02:29:28.000Z","volume":1000,"label":" ","price":70.85},{"type":"A","date":"2018-05-02T02:29:45.000Z","volume":1000,"label":"Y","price":70.85},{"type":"A","date":"2018-05-02T02:29:45.000Z","volume":2000,"label":" ","price":70.85},{"type":"A","date":"2018-05-02T02:29:53.000Z","volume":1000,"label":" ","price":70.85},{"type":"A","date":"2018-05-02T02:30:08.000Z","volume":1000,"label":" ","price":70.85},{"type":"A","date":"2018-05-02T02:31:08.000Z","volume":2000,"label":" ","price":70.85},{"type":"A","date":"2018-05-02T02:31:32.000Z","volume":15000,"label":" ","price":70.85},{"type":"B","date":"2018-05-02T02:31:55.000Z","volume":1000,"label":" ","price":70.8},{"type":"B","date":"2018-05-02T02:32:05.000Z","volume":3000,"label":" ","price":70.8},{"type":"A","date":"2018-05-02T02:32:37.000Z","volume":1000,"label":"Y","price":70.85},{"type":"A","date":"2018-05-02T02:32:37.000Z","volume":2000,"label":" ","price":70.85},{"type":"B","date":"2018-05-02T02:32:40.000Z","volume":1000,"label":" ","price":70.8},{"type":"B","date":"2018-05-02T02:32:52.000Z","volume":2000,"label":" ","price":70.8},{"type":"B","date":"2018-05-02T02:32:56.000Z","volume":3000,"label":" ","price":70.8},{"type":"B","date":"2018-05-02T02:32:56.000Z","volume":16000,"label":" ","price":70.8},{"type":"B","date":"2018-05-02T02:32:56.000Z","volume":21000,"label":" ","price":70.75},{"type":"A","date":"2018-05-02T02:33:00.000Z","volume":5000,"label":" ","price":70.8},{"type":"A","date":"2018-05-02T02:33:12.000Z","volume":10000,"label":" ","price":70.8},{"type":"A","date":"2018-05-02T02:33:12.000Z","volume":11000,"label":" ","price":70.85},{"type":"A","date":"2018-05-02T02:33:12.000Z","volume":4000,"label":" ","price":70.85},{"type":"B","date":"2018-05-02T02:33:12.000Z","volume":9000,"label":" ","price":70.85},{"type":"B","date":"2018-05-02T02:33:15.000Z","volume":1000,"label":" ","price":70.8},{"type":"U","date":"2018-05-02T02:33:24.000Z","volume":2000,"label":" ","price":70.8},{"type":"B","date":"2018-05-02T02:33:29.000Z","volume":3000,"label":" ","price":70.7},{"type":"B","date":"2018-05-02T02:33:52.000Z","volume":1000,"label":" ","price":70.75},{"type":"B","date":"2018-05-02T02:34:14.000Z","volume":8000,"label":" ","price":70.75},{"type":"A","date":"2018-05-02T02:34:25.000Z","volume":5000,"label":" ","price":70.75},{"type":"U","date":"2018-05-02T02:34:40.000Z","volume":1000,"label":"X","price":70.725},{"type":"A","date":"2018-05-02T02:34:58.000Z","volume":5000,"label":" ","price":70.75},{"type":"B","date":"2018-05-02T02:35:15.000Z","volume":1000,"label":" ","price":70.75},{"type":"B","date":"2018-05-02T02:35:29.000Z","volume":1000,"label":" ","price":70.75},{"type":"B","date":"2018-05-02T02:35:53.000Z","volume":1000,"label":" ","price":70.75},{"type":"A","date":"2018-05-02T02:36:49.000Z","volume":1000,"label":" ","price":70.8},{"type":"B","date":"2018-05-02T02:36:59.000Z","volume":1000,"label":" ","price":70.75},{"type":"B","date":"2018-05-02T02:37:45.000Z","volume":23000,"label":" ","price":70.75},{"type":"B","date":"2018-05-02T02:37:57.000Z","volume":3000,"label":" ","price":70.7},{"type":"B","date":"2018-05-02T02:37:58.000Z","volume":7000,"label":" ","price":70.7},{"type":"A","date":"2018-05-02T02:37:58.000Z","volume":2000,"label":" ","price":70.75},{"type":"B","date":"2018-05-02T02:38:26.000Z","volume":1000,"label":" ","price":70.7},{"type":"A","date":"2018-05-02T02:38:30.000Z","volume":1000,"label":" ","price":70.75},{"type":"A","date":"2018-05-02T02:38:47.000Z","volume":1000,"label":" ","price":70.75},{"type":"A","date":"2018-05-02T02:39:11.000Z","volume":1000,"label":" ","price":70.75},{"type":"B","date":"2018-05-02T02:39:45.000Z","volume":1000,"label":" ","price":70.7},{"type":"B","date":"2018-05-02T02:39:53.000Z","volume":1000,"label":" ","price":70.7},{"type":"A","date":"2018-05-02T02:40:04.000Z","volume":1000,"label":" ","price":70.75},{"type":"B","date":"2018-05-02T02:40:08.000Z","volume":1000,"label":" ","price":70.7},{"type":"A","date":"2018-05-02T02:40:14.000Z","volume":1000,"label":" ","price":70.75},{"type":"A","date":"2018-05-02T02:40:15.000Z","volume":1000,"label":" ","price":70.75},{"type":"A","date":"2018-05-02T02:40:18.000Z","volume":1000,"label":" ","price":70.75},{"type":"A","date":"2018-05-02T02:40:22.000Z","volume":1000,"label":"Y","price":70.75},{"type":"A","date":"2018-05-02T02:40:22.000Z","volume":1000,"label":" ","price":70.75},{"type":"A","date":"2018-05-02T02:40:23.000Z","volume":9000,"label":" ","price":70.75},{"type":"A","date":"2018-05-02T02:40:24.000Z","volume":1000,"label":" ","price":70.75},{"type":"A","date":"2018-05-02T02:40:25.000Z","volume":1000,"label":" ","price":70.75},{"type":"A","date":"2018-05-02T02:40:25.000Z","volume":2000,"label":" ","price":70.75},{"type":"A","date":"2018-05-02T02:40:36.000Z","volume":1000,"label":" ","price":70.75},{"type":"A","date":"2018-05-02T02:40:36.000Z","volume":4000,"label":" ","price":70.75},{"type":"A","date":"2018-05-02T02:40:38.000Z","volume":1000,"label":" ","price":70.8},{"type":"A","date":"2018-05-02T02:41:17.000Z","volume":2000,"label":" ","price":70.75},{"type":"A","date":"2018-05-02T02:41:17.000Z","volume":12000,"label":" ","price":70.75},{"type":"A","date":"2018-05-02T02:41:17.000Z","volume":2000,"label":" ","price":70.75},{"type":"A","date":"2018-05-02T02:41:18.000Z","volume":4000,"label":" ","price":70.8},{"type":"B","date":"2018-05-02T02:41:41.000Z","volume":1000,"label":" ","price":70.75},{"type":"B","date":"2018-05-02T02:41:43.000Z","volume":7000,"label":" ","price":70.75},{"type":"A","date":"2018-05-02T02:41:44.000Z","volume":2000,"label":" ","price":70.75},{"type":"A","date":"2018-05-02T02:41:47.000Z","volume":1000,"label":" ","price":70.75},{"type":"A","date":"2018-05-02T02:41:48.000Z","volume":1000,"label":" ","price":70.75},{"type":"A","date":"2018-05-02T02:41:49.000Z","volume":1000,"label":" ","price":70.75},{"type":"B","date":"2018-05-02T02:42:13.000Z","volume":20000,"label":" ","price":70.7},{"type":"A","date":"2018-05-02T02:42:14.000Z","volume":5000,"label":" ","price":70.75},{"type":"B","date":"2018-05-02T02:42:37.000Z","volume":10000,"label":" ","price":70.7},{"type":"A","date":"2018-05-02T02:42:39.000Z","volume":2000,"label":" ","price":70.75},{"type":"A","date":"2018-05-02T02:42:44.000Z","volume":1000,"label":" ","price":70.75},{"type":"B","date":"2018-05-02T02:42:47.000Z","volume":25000,"label":" ","price":70.7},{"type":"A","date":"2018-05-02T02:42:48.000Z","volume":7000,"label":" ","price":70.75},{"type":"U","date":"2018-05-02T02:43:01.000Z","volume":1000,"label":"X","price":70.725},{"type":"A","date":"2018-05-02T02:43:03.000Z","volume":1000,"label":" ","price":70.75},{"type":"B","date":"2018-05-02T02:43:05.000Z","volume":2000,"label":" ","price":70.7},{"type":"B","date":"2018-05-02T02:43:13.000Z","volume":1000,"label":" ","price":70.7},{"type":"B","date":"2018-05-02T02:43:21.000Z","volume":60000,"label":" ","price":70.7},{"type":"U","date":"2018-05-02T02:43:21.000Z","volume":1000,"label":" ","price":70.7},{"type":"B","date":"2018-05-02T02:43:24.000Z","volume":1000,"label":" ","price":70.65},{"type":"B","date":"2018-05-02T02:43:24.000Z","volume":31000,"label":" ","price":70.65},{"type":"A","date":"2018-05-02T02:43:24.000Z","volume":7000,"label":" ","price":70.65},{"type":"U","date":"2018-05-02T02:43:25.000Z","volume":2000,"label":" ","price":70.65},{"type":"A","date":"2018-05-02T02:43:29.000Z","volume":1000,"label":" ","price":70.65},{"type":"A","date":"2018-05-02T02:43:38.000Z","volume":1000,"label":" ","price":70.7},{"type":"A","date":"2018-05-02T02:43:46.000Z","volume":10000,"label":" ","price":70.7},{"type":"A","date":"2018-05-02T02:43:46.000Z","volume":3000,"label":" ","price":70.7},{"type":"A","date":"2018-05-02T02:43:48.000Z","volume":2000,"label":" ","price":70.65},{"type":"A","date":"2018-05-02T02:43:48.000Z","volume":1000,"label":" ","price":70.7},{"type":"A","date":"2018-05-02T02:43:49.000Z","volume":1000,"label":" ","price":70.7},{"type":"U","date":"2018-05-02T02:43:52.000Z","volume":1000,"label":" ","price":70.7},{"type":"A","date":"2018-05-02T02:44:07.000Z","volume":4000,"label":" ","price":70.7},{"type":"U","date":"2018-05-02T02:44:42.000Z","volume":11000,"label":" ","price":70.7},{"type":"U","date":"2018-05-02T02:44:42.000Z","volume":1000,"label":" ","price":70.7},{"type":"A","date":"2018-05-02T02:44:47.000Z","volume":1000,"label":" ","price":70.7},{"type":"A","date":"2018-05-02T02:44:49.000Z","volume":1000,"label":" ","price":70.7},{"type":"B","date":"2018-05-02T02:44:50.000Z","volume":2000,"label":" ","price":70.65},{"type":"B","date":"2018-05-02T02:44:53.000Z","volume":1000,"label":" ","price":70.7},{"type":"A","date":"2018-05-02T02:44:55.000Z","volume":3000,"label":" ","price":70.75},{"type":"A","date":"2018-05-02T02:44:55.000Z","volume":1000,"label":" ","price":70.75},{"type":"U","date":"2018-05-02T02:44:57.000Z","volume":2000,"label":" ","price":70.7},{"type":"U","date":"2018-05-02T02:44:58.000Z","volume":1000,"label":" ","price":70.7},{"type":"B","date":"2018-05-02T02:44:59.000Z","volume":2000,"label":" ","price":70.7},{"type":"A","date":"2018-05-02T02:45:00.000Z","volume":2000,"label":" ","price":70.7},{"type":"B","date":"2018-05-02T02:45:01.000Z","volume":10000,"label":" ","price":70.65},{"type":"B","date":"2018-05-02T02:45:01.000Z","volume":2000,"label":" ","price":70.65},{"type":"A","date":"2018-05-02T02:45:02.000Z","volume":1000,"label":" ","price":70.7},{"type":"A","date":"2018-05-02T02:45:02.000Z","volume":3000,"label":" ","price":70.7},{"type":"A","date":"2018-05-02T02:45:12.000Z","volume":1000,"label":" ","price":70.7},{"type":"A","date":"2018-05-02T02:45:39.000Z","volume":5000,"label":" ","price":70.7},{"type":"B","date":"2018-05-02T02:46:05.000Z","volume":1000,"label":" ","price":70.65},{"type":"B","date":"2018-05-02T02:46:09.000Z","volume":1000,"label":" ","price":70.65},{"type":"B","date":"2018-05-02T02:46:12.000Z","volume":1000,"label":" ","price":70.65},{"type":"B","date":"2018-05-02T02:46:16.000Z","volume":2000,"label":" ","price":70.65},{"type":"A","date":"2018-05-02T02:46:16.000Z","volume":3000,"label":" ","price":70.65},{"type":"B","date":"2018-05-02T02:46:20.000Z","volume":9000,"label":" ","price":70.65},{"type":"B","date":"2018-05-02T02:46:23.000Z","volume":30000,"label":" ","price":70.6},{"type":"A","date":"2018-05-02T02:47:08.000Z","volume":1000,"label":" ","price":70.65},{"type":"B","date":"2018-05-02T02:47:25.000Z","volume":8000,"label":" ","price":70.6},{"type":"A","date":"2018-05-02T02:48:12.000Z","volume":3000,"label":" ","price":70.65},{"type":"B","date":"2018-05-02T02:48:14.000Z","volume":5000,"label":" ","price":70.65},{"type":"A","date":"2018-05-02T02:49:03.000Z","volume":6000,"label":" ","price":70.65},{"type":"A","date":"2018-05-02T02:49:03.000Z","volume":14000,"label":" ","price":70.65},{"type":"A","date":"2018-05-02T02:50:34.000Z","volume":1000,"label":" ","price":70.65},{"type":"B","date":"2018-05-02T02:50:36.000Z","volume":1000,"label":" ","price":70.6},{"type":"A","date":"2018-05-02T02:51:07.000Z","volume":16000,"label":" ","price":70.65},{"type":"A","date":"2018-05-02T02:51:11.000Z","volume":1000,"label":" ","price":70.7},{"type":"B","date":"2018-05-02T02:51:20.000Z","volume":1000,"label":"Y","price":70.6},{"type":"B","date":"2018-05-02T02:51:20.000Z","volume":39000,"label":" ","price":70.6},{"type":"A","date":"2018-05-02T02:51:22.000Z","volume":1000,"label":" ","price":70.65},{"type":"A","date":"2018-05-02T02:51:26.000Z","volume":1000,"label":" ","price":70.65},{"type":"B","date":"2018-05-02T02:51:54.000Z","volume":1000,"label":" ","price":70.6},{"type":"A","date":"2018-05-02T02:52:22.000Z","volume":2000,"label":" ","price":70.6},{"type":"A","date":"2018-05-02T02:52:22.000Z","volume":2000,"label":" ","price":70.6},{"type":"A","date":"2018-05-02T02:52:27.000Z","volume":2000,"label":" ","price":70.6},{"type":"B","date":"2018-05-02T02:52:35.000Z","volume":1000,"label":" ","price":70.55},{"type":"A","date":"2018-05-02T02:52:40.000Z","volume":28000,"label":" ","price":70.65},{"type":"B","date":"2018-05-02T02:52:40.000Z","volume":1000,"label":" ","price":70.6},{"type":"A","date":"2018-05-02T02:53:26.000Z","volume":3000,"label":" ","price":70.65},{"type":"B","date":"2018-05-02T02:53:42.000Z","volume":3000,"label":" ","price":70.6},{"type":"U","date":"2018-05-02T02:53:57.000Z","volume":1000,"label":"X","price":70.625},{"type":"A","date":"2018-05-02T02:54:03.000Z","volume":20000,"label":"Y","price":70.65},{"type":"A","date":"2018-05-02T02:54:03.000Z","volume":1000,"label":" ","price":70.65},{"type":"A","date":"2018-05-02T02:54:03.000Z","volume":2000,"label":" ","price":70.65},{"type":"A","date":"2018-05-02T02:54:03.000Z","volume":9000,"label":" ","price":70.65},{"type":"A","date":"2018-05-02T02:54:03.000Z","volume":2000,"label":" ","price":70.65},{"type":"B","date":"2018-05-02T02:54:07.000Z","volume":1000,"label":" ","price":70.65},{"type":"B","date":"2018-05-02T02:55:49.000Z","volume":7000,"label":" ","price":70.65},{"type":"U","date":"2018-05-02T02:56:27.000Z","volume":30,"label":"D","price":70.65},{"type":"B","date":"2018-05-02T02:56:33.000Z","volume":1000,"label":" ","price":70.65},{"type":"B","date":"2018-05-02T02:56:49.000Z","volume":1000,"label":" ","price":70.65},{"type":"A","date":"2018-05-02T02:57:08.000Z","volume":2000,"label":" ","price":70.7},{"type":"B","date":"2018-05-02T02:58:02.000Z","volume":1000,"label":" ","price":70.65},{"type":"A","date":"2018-05-02T02:58:58.000Z","volume":53000,"label":" ","price":70.7},{"type":"A","date":"2018-05-02T02:59:07.000Z","volume":33000,"label":" ","price":70.75},{"type":"A","date":"2018-05-02T02:59:10.000Z","volume":7000,"label":" ","price":70.75},{"type":"B","date":"2018-05-02T02:59:23.000Z","volume":1000,"label":" ","price":70.7},{"type":"B","date":"2018-05-02T02:59:28.000Z","volume":2000,"label":" ","price":70.7},{"type":"B","date":"2018-05-02T02:59:36.000Z","volume":2000,"label":" ","price":70.7},{"type":"A","date":"2018-05-02T02:59:45.000Z","volume":3000,"label":" ","price":70.75},{"type":"A","date":"2018-05-02T02:59:48.000Z","volume":2000,"label":" ","price":70.75},{"type":"B","date":"2018-05-02T03:00:07.000Z","volume":26000,"label":" ","price":70.7},{"type":"B","date":"2018-05-02T03:00:07.000Z","volume":10000,"label":" ","price":70.7},{"type":"B","date":"2018-05-02T03:00:30.000Z","volume":1000,"label":"Y","price":70.7},{"type":"B","date":"2018-05-02T03:00:53.000Z","volume":1000,"label":" ","price":70.7}