[{"type":"A","date":"2018-03-19T07:59:31.000Z","volume":19000,"price":27.95,"category":"ubbull"},{"type":"A","date":"2018-03-19T07:54:39.000Z","volume":10000,"price":28,"category":"ubbull"},{"type":"A","date":"2018-03-19T07:51:28.000Z","volume":77000,"price":27.95,"category":"ubbull"},{"type":"A","date":"2018-03-19T07:47:57.000Z","volume":76000,"price":27.9,"category":"ubbull"},{"type":"A","date":"2018-03-19T07:47:57.000Z","volume":80000,"price":27.9,"category":"ubbull"},{"type":"A","date":"2018-03-19T07:44:27.000Z","volume":13000,"price":27.9,"category":"ubbull"},{"type":"A","date":"2018-03-19T07:31:03.000Z","volume":13000,"price":28,"category":"ubbull"},{"type":"A","date":"2018-03-19T07:31:03.000Z","volume":35000,"price":28,"category":"ubbull"},{"type":"A","date":"2018-03-19T07:31:03.000Z","volume":50000,"price":28,"category":"ubbull"},{"type":"A","date":"2018-03-19T07:28:41.000Z","volume":114000,"price":27.95,"category":"ubbull"},{"type":"A","date":"2018-03-19T07:26:52.000Z","volume":10000,"price":27.95,"category":"ubbull"},{"type":"A","date":"2018-03-19T07:11:39.000Z","volume":32000,"price":27.9,"category":"ubbull"},{"type":"A","date":"2018-03-19T07:06:24.000Z","volume":146000,"price":27.9,"category":"ubbull"},{"type":"A","date":"2018-03-19T06:59:01.000Z","volume":10000,"price":27.85,"category":"ubbull"},{"type":"A","date":"2018-03-19T06:53:43.000Z","volume":49000,"price":27.85,"category":"ubbull"},{"type":"A","date":"2018-03-19T06:38:05.000Z","volume":23000,"price":27.85,"category":"ubbull"},{"type":"A","date":"2018-03-19T06:38:05.000Z","volume":64000,"price":27.85,"category":"ubbull"},{"type":"A","date":"2018-03-19T06:36:35.000Z","volume":10000,"price":27.85,"category":"ubbull"},{"type":"A","date":"2018-03-19T06:36:04.000Z","volume":10000,"price":27.85,"category":"ubbull"},{"type":"A","date":"2018-03-19T06:33:36.000Z","volume":20000,"price":27.85,"category":"ubbull"},{"type":"A","date":"2018-03-19T06:13:21.000Z","volume":20000,"price":27.85,"category":"ubbull"},{"type":"A","date":"2018-03-19T05:45:56.000Z","volume":10000,"price":27.85,"category":"ubbull"},{"type":"A","date":"2018-03-19T05:42:06.000Z","volume":10000,"price":27.85,"category":"ubbull"},{"type":"A","date":"2018-03-19T05:30:06.000Z","volume":20000,"price":27.85,"category":"ubbull"},{"type":"A","date":"2018-03-19T05:26:10.000Z","volume":10000,"price":27.85,"category":"ubbull"},{"type":"A","date":"2018-03-19T05:00:00.000Z","volume":22000,"price":27.95,"category":"ubbull"},{"type":"A","date":"2018-03-19T05:00:00.000Z","volume":35000,"price":27.95,"category":"ubbull"},{"type":"A","date":"2018-03-19T03:58:45.000Z","volume":31000,"price":27.95,"category":"ubbull"},{"type":"A","date":"2018-03-19T03:54:10.000Z","volume":13000,"price":27.9,"category":"ubbull"},{"type":"A","date":"2018-03-19T03:52:36.000Z","volume":10000,"price":27.9,"category":"ubbull"},{"type":"A","date":"2018-03-19T03:52:14.000Z","volume":20000,"price":27.9,"category":"ubbull"},{"type":"A","date":"2018-03-19T03:40:07.000Z","volume":15000,"price":27.95,"category":"ubbull"},{"type":"A","date":"2018-03-19T03:37:52.000Z","volume":35000,"price":27.9,"category":"ubbull"},{"type":"A","date":"2018-03-19T03:36:25.000Z","volume":10000,"price":27.9,"category":"ubbull"},{"type":"A","date":"2018-03-19T03:27:48.000Z","volume":10000,"price":27.95,"category":"ubbull"},{"type":"A","date":"2018-03-19T03:18:14.000Z","volume":10000,"price":27.95,"category":"ubbull"},{"type":"A","date":"2018-03-19T03:09:20.000Z","volume":61000,"price":27.9,"category":"ubbull"},{"type":"A","date":"2018-03-19T03:06:04.000Z","volume":10000,"price":27.85,"category":"ubbull"},{"type":"A","date":"2018-03-19T03:02:29.000Z","volume":10000,"price":27.85,"category":"ubbull"},{"type":"A","date":"2018-03-19T02:59:52.000Z","volume":16000,"price":27.85,"category":"ubbull"},{"type":"A","date":"2018-03-19T02:47:56.000Z","volume":11000,"price":27.8,"category":"ubbull"},{"type":"A","date":"2018-03-19T02:44:59.000Z","volume":10000,"price":27.8,"category":"ubbull"},{"type":"A","date":"2018-03-19T02:29:57.000Z","volume":29000,"price":27.8,"category":"ubbull"},{"type":"A","date":"2018-03-19T02:29:22.000Z","volume":12000,"price":27.8,"category":"ubbull"},{"type":"A","date":"2018-03-19T02:29:21.000Z","volume":22000,"price":27.8,"category":"ubbull"},{"type":"A","date":"2018-03-19T02:29:21.000Z","volume":20000,"price":27.8,"category":"ubbull"},{"type":"A","date":"2018-03-19T02:29:21.000Z","volume":45000,"price":27.8,"category":"ubbull"},{"type":"A","date":"2018-03-19T02:27:33.000Z","volume":10000,"price":27.8,"category":"ubbull"},{"type":"A","date":"2018-03-19T02:24:59.000Z","volume":10000,"price":27.8,"category":"ubbull"},{"type":"A","date":"2018-03-19T02:17:45.000Z","volume":30000,"price":27.8,"category":"ubbull"},{"type":"A","date":"2018-03-19T02:16:24.000Z","volume":11000,"price":27.8,"category":"ubbull"},{"type":"A","date":"2018-03-19T01:59:53.000Z","volume":10000,"price":27.8,"category":"ubbull"},{"type":"A","date":"2018-03-19T01:58:41.000Z","volume":10000,"price":27.75,"category":"ubbull"},{"type":"A","date":"2018-03-19T01:56:58.000Z","volume":10000,"price":27.75,"category":"ubbull"},{"type":"A","date":"2018-03-19T01:56:58.000Z","volume":10000,"price":27.75,"category":"ubbull"},{"type":"A","date":"2018-03-19T01:55:18.000Z","volume":25000,"price":27.75,"category":"ubbull"},{"type":"A","date":"2018-03-19T01:53:32.000Z","volume":52000,"price":27.7,"category":"ubbull"},{"type":"A","date":"2018-03-19T01:53:32.000Z","volume":10000,"price":27.7,"category":"ubbull"},{"type":"A","date":"2018-03-19T01:53:32.000Z","volume":15000,"price":27.7,"category":"ubbull"},{"type":"A","date":"2018-03-19T01:53:32.000Z","volume":25000,"price":27.7,"category":"ubbull"},{"type":"A","date":"2018-03-19T01:53:32.000Z","volume":10000,"price":27.7,"category":"ubbull"},{"type":"A","date":"2018-03-19T01:53:32.000Z","volume":15000,"price":27.7,"category":"ubbull"},{"type":"A","date":"2018-03-19T01:53:32.000Z","volume":55000,"price":27.7,"category":"ubbull"},{"type":"A","date":"2018-03-19T01:53:18.000Z","volume":15000,"price":27.7,"category":"ubbull"},{"type":"A","date":"2018-03-19T01:53:17.000Z","volume":15000,"price":27.7,"category":"ubbull"},{"type":"A","date":"2018-03-19T01:53:14.000Z","volume":11000,"price":27.7,"category":"ubbull"},{"type":"A","date":"2018-03-19T01:53:11.000Z","volume":15000,"price":27.7,"category":"ubbull"},{"type":"A","date":"2018-03-19T01:51:55.000Z","volume":10000,"price":27.7,"category":"ubbull"},{"type":"A","date":"2018-03-19T01:50:41.000Z","volume":24000,"price":27.7,"category":"ubbull"},{"type":"A","date":"2018-03-19T01:48:45.000Z","volume":11000,"price":27.7,"category":"ubbull"},{"type":"A","date":"2018-03-19T01:45:10.000Z","volume":11000,"price":27.8,"category":"ubbull"},{"type":"A","date":"2018-03-19T01:45:05.000Z","volume":10000,"price":27.8,"category":"ubbull"},{"type":"A","date":"2018-03-19T01:45:05.000Z","volume":10000,"price":27.8,"category":"ubbull"},{"type":"A","date":"2018-03-19T01:42:48.000Z","volume":100000,"price":27.75,"category":"ubbull"},{"type":"A","date":"2018-03-19T01:41:45.000Z","volume":10000,"price":27.75,"category":"ubbull"},{"type":"A","date":"2018-03-19T01:39:07.000Z","volume":10000,"price":27.75,"category":"ubbull"},{"type":"A","date":"2018-03-19T01:38:56.000Z","volume":10000,"price":27.75,"category":"ubbull"},{"type":"A","date":"2018-03-19T01:36:33.000Z","volume":10000,"price":27.7,"category":"ubbull"},{"type":"A","date":"2018-03-19T07:53:11.000Z","volume":5000,"price":28,"category":"bbull"},{"type":"A","date":"2018-03-19T07:51:28.000Z","volume":5000,"price":27.95,"category":"bbull"},{"type":"A","date":"2018-03-19T07:44:36.000Z","volume":8000,"price":27.9,"category":"bbull"},{"type":"A","date":"2018-03-19T07:44:30.000Z","volume":4000,"price":27.9,"category":"bbull"},{"type":"A","date":"2018-03-19T07:43:08.000Z","volume":4000,"price":27.95,"category":"bbull"},{"type":"A","date":"2018-03-19T07:42:23.000Z","volume":5000,"price":27.95,"category":"bbull"},{"type":"A","date":"2018-03-19T07:41:37.000Z","volume":5000,"price":27.95,"category":"bbull"},{"type":"A","date":"2018-03-19T07:40:51.000Z","volume":5000,"price":27.95,"category":"bbull"},{"type":"A","date":"2018-03-19T07:40:12.000Z","volume":5000,"price":27.95,"category":"bbull"},{"type":"A","date":"2018-03-19T07:39:31.000Z","volume":4000,"price":27.95,"category":"bbull"},{"type":"A","date":"2018-03-19T07:39:05.000Z","volume":8000,"price":27.95,"category":"bbull"},{"type":"A","date":"2018-03-19T07:37:51.000Z","volume":9000,"price":27.95,"category":"bbull"},{"type":"A","date":"2018-03-19T07:36:53.000Z","volume":7000,"price":27.95,"category":"bbull"},{"type":"A","date":"2018-03-19T07:35:48.000Z","volume":8000,"price":28,"category":"bbull"},{"type":"A","date":"2018-03-19T07:34:38.000Z","volume":6000,"price":28,"category":"bbull"},{"type":"A","date":"2018-03-19T07:34:13.000Z","volume":8000,"price":28,"category":"bbull"},{"type":"A","date":"2018-03-19T07:30:04.000Z","volume":7000,"price":28,"category":"bbull"},{"type":"A","date":"2018-03-19T07:29:06.000Z","volume":5000,"price":28,"category":"bbull"},{"type":"A","date":"2018-03-19T07:27:54.000Z","volume":7000,"price":27.95,"category":"bbull"},{"type":"A","date":"2018-03-19T07:25:04.000Z","volume":8000,"price":27.95,"category":"bbull"},{"type":"A","date":"2018-03-19T07:24:11.000Z","volume":4000,"price":27.95,"category":"bbull"},{"type":"A","date":"2018-03-19T07:20:44.000Z","volume":4000,"price":27.95,"category":"bbull"},{"type":"A","date":"2018-03-19T07:20:21.000Z","volume":6000,"price":27.95,"category":"bbull"},{"type":"A","date":"2018-03-19T07:15:59.000Z","volume":5000,"price":27.9,"category":"bbull"},{"type":"A","date":"2018-03-19T07:15:06.000Z","volume":9000,"price":27.9,"category":"bbull"},{"type":"A","date":"2018-03-19T07:15:06.000Z","volume":5000,"price":27.9,"category":"bbull"},{"type":"A","date":"2018-03-19T07:03:12.000Z","volume":8000,"price":27.85,"category":"bbull"},{"type":"A","date":"2018-03-19T06:52:16.000Z","volume":8000,"price":27.85,"category":"bbull"},{"type":"A","date":"2018-03-19T06:50:42.000Z","volume":4000,"price":27.85,"category":"bbull"},{"type":"A","date":"2018-03-19T06:50:21.000Z","volume":4000,"price":27.85,"category":"bbull"},{"type":"A","date":"2018-03-19T06:48:41.000Z","volume":4000,"price":27.85,"category":"bbull"},{"type":"A","date":"2018-03-19T06:46:52.000Z","volume":4000,"price":27.85,"category":"bbull"},{"type":"A","date":"2018-03-19T06:44:48.000Z","volume":5000,"price":27.9,"category":"bbull"},{"type":"A","date":"2018-03-19T06:42:29.000Z","volume":4000,"price":27.9,"category":"bbull"},{"type":"A","date":"2018-03-19T06:38:12.000Z","volume":5000,"price":27.9,"category":"bbull"},{"type":"A","date":"2018-03-19T06:35:20.000Z","volume":5000,"price":27.85,"category":"bbull"},{"type":"A","date":"2018-03-19T06:33:01.000Z","volume":4000,"price":27.85,"category":"bbull"},{"type":"A","date":"2018-03-19T06:25:40.000Z","volume":5000,"price":27.85,"category":"bbull"},{"type":"A","date":"2018-03-19T06:25:15.000Z","volume":5000,"price":27.85,"category":"bbull"},{"type":"A","date":"2018-03-19T06:24:59.000Z","volume":5000,"price":27.85,"category":"bbull"},{"type":"A","date":"2018-03-19T06:05:00.000Z","volume":8000,"price":27.85,"category":"bbull"},{"type":"A","date":"2018-03-19T06:01:56.000Z","volume":5000,"price":27.85,"category":"bbull"},{"type":"A","date":"2018-03-19T05:51:35.000Z","volume":4000,"price":27.85,"category":"bbull"},{"type":"A","date":"2018-03-19T05:49:06.000Z","volume":4000,"price":27.85,"category":"bbull"},{"type":"A","date":"2018-03-19T05:42:40.000Z","volume":4000,"price":27.85,"category":"bbull"},{"type":"A","date":"2018-03-19T05:40:08.000Z","volume":4000,"price":27.85,"category":"bbull"},{"type":"A","date":"2018-03-19T05:36:27.000Z","volume":4000,"price":27.85,"category":"bbull"},{"type":"A","date":"2018-03-19T05:31:51.000Z","volume":6000,"price":27.85,"category":"bbull"},{"type":"A","date":"2018-03-19T05:31:05.000Z","volume":5000,"price":27.85,"category":"bbull"},{"type":"A","date":"2018-03-19T05:27:46.000Z","volume":5000,"price":27.85,"category":"bbull"},{"type":"A","date":"2018-03-19T05:24:28.000Z","volume":4000,"price":27.85,"category":"bbull"},{"type":"A","date":"2018-03-19T05:21:09.000Z","volume":6000,"price":27.85,"category":"bbull"},{"type":"A","date":"2018-03-19T03:41:22.000Z","volume":4000,"price":27.95,"category":"bbull"},{"type":"A","date":"2018-03-19T03:38:07.000Z","volume":4000,"price":27.95,"category":"bbull"},{"type":"A","date":"2018-03-19T03:36:41.000Z","volume":4000,"price":27.9,"category":"bbull"},{"type":"A","date":"2018-03-19T03:35:06.000Z","volume":4000,"price":27.9,"category":"bbull"},{"type":"A","date":"2018-03-19T03:33:09.000Z","volume":5000,"price":27.9,"category":"bbull"},{"type":"A","date":"2018-03-19T03:31:12.000Z","volume":5000,"price":27.9,"category":"bbull"},{"type":"A","date":"2018-03-19T03:24:08.000Z","volume":4000,"price":27.95,"category":"bbull"},{"type":"A","date":"2018-03-19T03:23:49.000Z","volume":4000,"price":27.95,"category":"bbull"},{"type":"A","date":"2018-03-19T03:21:03.000Z","volume":6000,"price":27.95,"category":"bbull"},{"type":"A","date":"2018-03-19T03:19:18.000Z","volume":4000,"price":27.95,"category":"bbull"},{"type":"A","date":"2018-03-19T03:19:06.000Z","volume":7000,"price":27.95,"category":"bbull"},{"type":"A","date":"2018-03-19T03:17:14.000Z","volume":5000,"price":27.95,"category":"bbull"},{"type":"A","date":"2018-03-19T03:16:22.000Z","volume":7000,"price":27.95,"category":"bbull"},{"type":"A","date":"2018-03-19T03:15:42.000Z","volume":5000,"price":27.95,"category":"bbull"},{"type":"A","date":"2018-03-19T03:14:53.000Z","volume":6000,"price":27.95,"category":"bbull"},{"type":"A","date":"2018-03-19T03:13:05.000Z","volume":5000,"price":27.95,"category":"bbull"},{"type":"A","date":"2018-03-19T03:09:22.000Z","volume":7000,"price":27.9,"category":"bbull"},{"type":"A","date":"2018-03-19T03:09:20.000Z","volume":4000,"price":27.9,"category":"bbull"},{"type":"A","date":"2018-03-19T03:09:20.000Z","volume":5000,"price":27.9,"category":"bbull"},{"type":"A","date":"2018-03-19T03:08:37.000Z","volume":8000,"price":27.85,"category":"bbull"},{"type":"A","date":"2018-03-19T03:08:37.000Z","volume":5000,"price":27.85,"category":"bbull"},{"type":"A","date":"2018-03-19T03:01:37.000Z","volume":4000,"price":27.85,"category":"bbull"},{"type":"A","date":"2018-03-19T03:01:00.000Z","volume":5000,"price":27.85,"category":"bbull"},{"type":"A","date":"2018-03-19T02:57:05.000Z","volume":5000,"price":27.85,"category":"bbull"},{"type":"A","date":"2018-03-19T02:47:54.000Z","volume":5000,"price":27.8,"category":"bbull"},{"type":"A","date":"2018-03-19T02:42:01.000Z","volume":5000,"price":27.8,"category":"bbull"},{"type":"A","date":"2018-03-19T02:41:07.000Z","volume":5000,"price":27.8,"category":"bbull"},{"type":"A","date":"2018-03-19T02:40:11.000Z","volume":5000,"price":27.85,"category":"bbull"},{"type":"A","date":"2018-03-19T02:37:56.000Z","volume":7000,"price":27.85,"category":"bbull"},{"type":"A","date":"2018-03-19T02:36:05.000Z","volume":5000,"price":27.85,"category":"bbull"},{"type":"A","date":"2018-03-19T02:34:04.000Z","volume":7000,"price":27.85,"category":"bbull"},{"type":"A","date":"2018-03-19T02:30:51.000Z","volume":4000,"price":27.8,"category":"bbull"},{"type":"A","date":"2018-03-19T02:30:18.000Z","volume":5000,"price":27.8,"category":"bbull"},{"type":"A","date":"2018-03-19T02:29:57.000Z","volume":5000,"price":27.8,"category":"bbull"},{"type":"A","date":"2018-03-19T02:29:22.000Z","volume":5000,"price":27.8,"category":"bbull"},{"type":"A","date":"2018-03-19T02:29:21.000Z","volume":6000,"price":27.8,"category":"bbull"},{"type":"A","date":"2018-03-19T02:29:21.000Z","volume":7000,"price":27.8,"category":"bbull"},{"type":"A","date":"2018-03-19T02:29:21.000Z","volume":6000,"price":27.8,"category":"bbull"},{"type":"A","date":"2018-03-19T02:29:07.000Z","volume":6000,"price":27.8,"category":"bbull"},{"type":"A","date":"2018-03-19T02:27:33.000Z","volume":9000,"price":27.8,"category":"bbull"},{"type":"A","date":"2018-03-19T02:25:55.000Z","volume":9000,"price":27.8,"category":"bbull"},{"type":"A","date":"2018-03-19T02:24:13.000Z","volume":6000,"price":27.8,"category":"bbull"},{"type":"A","date":"2018-03-19T02:22:25.000Z","volume":5000,"price":27.8,"category":"bbull"},{"type":"A","date":"2018-03-19T02:11:55.000Z","volume":5000,"price":27.8,"category":"bbull"},{"type":"A","date":"2018-03-19T02:09:20.000Z","volume":6000,"price":27.75,"category":"bbull"},{"type":"A","date":"2018-03-19T02:08:17.000Z","volume":5000,"price":27.8,"category":"bbull"},{"type":"A","date":"2018-03-19T02:06:27.000Z","volume":5000,"price":27.8,"category":"bbull"},{"type":"A","date":"2018-03-19T02:05:27.000Z","volume":4000,"price":27.8,"category":"bbull"},{"type":"A","date":"2018-03-19T02:04:05.000Z","volume":4000,"price":27.8,"category":"bbull"},{"type":"A","date":"2018-03-19T02:03:14.000Z","volume":4000,"price":27.8,"category":"bbull"},{"type":"A","date":"2018-03-19T02:02:35.000Z","volume":5000,"price":27.8,"category":"bbull"},{"type":"A","date":"2018-03-19T02:00:07.000Z","volume":5000,"price":27.8,"category":"bbull"},{"type":"A","date":"2018-03-19T01:58:29.000Z","volume":5000,"price":27.75,"category":"bbull"},{"type":"A","date":"2018-03-19T01:58:05.000Z","volume":5000,"price":27.75,"category":"bbull"},{"type":"A","date":"2018-03-19T01:56:58.000Z","volume":4000,"price":27.75,"category":"bbull"},{"type":"A","date":"2018-03-19T01:56:56.000Z","volume":4000,"price":27.75,"category":"bbull"},{"type":"A","date":"2018-03-19T01:55:26.000Z","volume":5000,"price":27.75,"category":"bbull"},{"type":"A","date":"2018-03-19T01:55:11.000Z","volume":4000,"price":27.75,"category":"bbull"},{"type":"A","date":"2018-03-19T01:53:45.000Z","volume":4000,"price":27.75,"category":"bbull"},{"type":"A","date":"2018-03-19T01:53:33.000Z","volume":9000,"price":27.75,"category":"bbull"},{"type":"A","date":"2018-03-19T01:53:32.000Z","volume":5000,"price":27.7,"category":"bbull"},{"type":"A","date":"2018-03-19T01:53:20.000Z","volume":5000,"price":27.7,"category":"bbull"},{"type":"A","date":"2018-03-19T01:53:18.000Z","volume":5000,"price":27.7,"category":"bbull"},{"type":"A","date":"2018-03-19T01:53:17.000Z","volume":5000,"price":27.7,"category":"bbull"},{"type":"A","date":"2018-03-19T01:53:14.000Z","volume":4000,"price":27.7,"category":"bbull"},{"type":"A","date":"2018-03-19T01:53:14.000Z","volume":4000,"price":27.7,"category":"bbull"},{"type":"A","date":"2018-03-19T01:52:09.000Z","volume":5000,"price":27.7,"category":"bbull"},{"type":"A","date":"2018-03-19T01:51:00.000Z","volume":4000,"price":27.7,"category":"bbull"},{"type":"A","date":"2018-03-19T01:50:44.000Z","volume":5000,"price":27.7,"category":"bbull"},{"type":"A","date":"2018-03-19T01:50:38.000Z","volume":5000,"price":27.75,"category":"bbull"},{"type":"A","date":"2018-03-19T01:47:45.000Z","volume":5000,"price":27.75,"category":"bbull"},{"type":"A","date":"2018-03-19T01:47:35.000Z","volume":8000,"price":27.7,"category":"bbull"},{"type":"A","date":"2018-03-19T01:47:34.000Z","volume":5000,"price":27.7,"category":"bbull"},{"type":"A","date":"2018-03-19T01:46:54.000Z","volume":7000,"price":27.75,"category":"bbull"},{"type":"A","date":"2018-03-19T01:45:05.000Z","volume":7000,"price":27.8,"category":"bbull"},{"type":"A","date":"2018-03-19T01:45:05.000Z","volume":5000,"price":27.8,"category":"bbull"},{"type":"A","date":"2018-03-19T01:45:05.000Z","volume":5000,"price":27.8,"category":"bbull"},{"type":"A","date":"2018-03-19T01:45:05.000Z","volume":5000,"price":27.8,"category":"bbull"},{"type":"A","date":"2018-03-19T01:45:05.000Z","volume":5000,"price":27.8,"category":"bbull"},{"type":"A","date":"2018-03-19T01:45:05.000Z","volume":5000,"price":27.8,"category":"bbull"},{"type":"A","date":"2018-03-19T01:45:05.000Z","volume":5000,"price":27.8,"category":"bbull"},{"type":"A","date":"2018-03-19T01:42:48.000Z","volume":5000,"price":27.75,"category":"bbull"},{"type":"A","date":"2018-03-19T01:38:29.000Z","volume":7000,"price":27.7,"category":"bbull"},{"type":"A","date":"2018-03-19T01:38:29.000Z","volume":9000,"price":27.7,"category":"bbull"},{"type":"A","date":"2018-03-19T01:36:34.000Z","volume":4000,"price":27.7,"category":"bbull"},{"type":"A","date":"2018-03-19T01:32:15.000Z","volume":6000,"price":27.75,"category":"bbull"},{"type":"A","date":"2018-03-19T01:31:22.000Z","volume":5000,"price":27.85,"category":"bbull"},{"type":"A","date":"2018-03-19T01:30:25.000Z","volume":5000,"price":27.85,"category":"bbull"},{"type":"A","date":"2018-03-19T01:30:17.000Z","volume":4000,"price":27.85,"category":"bbull"},{"type":"A","date":"2018-03-19T01:30:05.000Z","volume":4000,"price":27.85,"category":"bbull"},{"type":"A","date":"2018-03-19T01:30:03.000Z","volume":6000,"price":27.85,"category":"bbull"},{"type":"A","date":"2018-03-19T01:30:02.000Z","volume":4000,"price":27.85,"category":"bbull"},{"type":"A","date":"2018-03-19T07:59:53.000Z","volume":1000,"price":27.95,"category":"rbull"},{"type":"A","date":"2018-03-19T07:59:51.000Z","volume":1000,"price":27.95,"category":"rbull"},{"type":"A","date":"2018-03-19T07:59:50.000Z","volume":1000,"price":27.95,"category":"rbull"},{"type":"A","date":"2018-03-19T07:59:46.000Z","volume":1000,"price":27.95,"category":"rbull"},{"type":"A","date":"2018-03-19T07:59:37.000Z","volume":1000,"price":27.95,"category":"rbull"},{"type":"A","date":"2018-03-19T07:59:28.000Z","volume":1000,"price":27.95,"category":"rbull"},{"type":"A","date":"2018-03-19T07:59:27.000Z","volume":1000,"price":27.95,"category":"rbull"},{"type":"A","date":"2018-03-19T07:59:16.000Z","volume":1000,"price":27.95,"category":"rbull"},{"type":"A","date":"2018-03-19T07:59:09.000Z","volume":1000,"price":27.95,"category":"rbull"},{"type":"A","date":"2018-03-19T07:59:01.000Z","volume":1000,"price":27.95,"category":"rbull"},{"type":"A","date":"2018-03-19T07:58:30.000Z","volume":1000,"price":27.95,"category":"rbull"},{"type":"A","date":"2018-03-19T07:57:44.000Z","volume":1000,"price":27.95,"category":"rbull"},{"type":"A","date":"2018-03-19T07:57:22.000Z","volume":1000,"price":27.95,"category":"rbull"},{"type":"A","date":"2018-03-19T07:55:19.000Z","volume":1000,"price":28,"category":"rbull"},{"type":"A","date":"2018-03-19T07:55:17.000Z","volume":1000,"price":28,"category":"rbull"},{"type":"A","date":"2018-03-19T07:55:00.000Z","volume":1000,"price":28,"category":"rbull"},{"type":"A","date":"2018-03-19T07:53:53.000Z","volume":1000,"price":28,"category":"rbull"},{"type":"A","date":"2018-03-19T07:53:30.000Z","volume":1000,"price":28,"category":"rbull"},{"type":"A","date":"2018-03-19T07:52:57.000Z","volume":1000,"price":28,"category":"rbull"},{"type":"A","date":"2018-03-19T07:51:28.000Z","volume":1000,"price":27.95,"category":"rbull"},{"type":"A","date":"2018-03-19T07:49:49.000Z","volume":1000,"price":27.95,"category":"rbull"},{"type":"A","date":"2018-03-19T07:49:10.000Z","volume":1000,"price":27.95,"category":"rbull"},{"type":"A","date":"2018-03-19T07:47:46.000Z","volume":1000,"price":27.9,"category":"rbull"},{"type":"A","date":"2018-03-19T07:47:01.000Z","volume":1000,"price":27.9,"category":"rbull"},{"type":"A","date":"2018-03-19T07:46:57.000Z","volume":1000,"price":27.9,"category":"rbull"},{"type":"A","date":"2018-03-19T07:46:43.000Z","volume":1000,"price":27.9,"category":"rbull"},{"type":"A","date":"2018-03-19T07:46:41.000Z","volume":1000,"price":27.9,"category":"rbull"},{"type":"A","date":"2018-03-19T07:44:29.000Z","volume":1000,"price":27.9,"category":"rbull"},{"type":"A","date":"2018-03-19T07:44:26.000Z","volume":1000,"price":27.9,"category":"rbull"},{"type":"A","date":"2018-03-19T07:43:10.000Z","volume":1000,"price":27.95,"category":"rbull"},{"type":"A","date":"2018-03-19T07:37:30.000Z","volume":1000,"price":27.95,"category":"rbull"},{"type":"A","date":"2018-03-19T07:37:30.000Z","volume":1000,"price":27.95,"category":"rbull"},{"type":"A","date":"2018-03-19T07:35:54.000Z","volume":1000,"price":27.95,"category":"rbull"},{"type":"A","date":"2018-03-19T07:35:39.000Z","volume":1000,"price":28,"category":"rbull"},{"type":"A","date":"2018-03-19T07:35:30.000Z","volume":1000,"price":28,"category":"rbull"},{"type":"A","date":"2018-03-19T07:35:30.000Z","volume":1000,"price":28,"category":"rbull"},{"type":"A","date":"2018-03-19T07:31:53.000Z","volume":1000,"price":28.05,"category":"rbull"},{"type":"A","date":"2018-03-19T07:31:10.000Z","volume":1000,"price":28.05,"category":"rbull"},{"type":"A","date":"2018-03-19T07:31:06.000Z","volume":1000,"price":28.05,"category":"rbull"},{"type":"A","date":"2018-03-19T07:30:21.000Z","volume":1000,"price":28,"category":"rbull"},{"type":"A","date":"2018-03-19T07:30:12.000Z","volume":1000,"price":28,"category":"rbull"},{"type":"A","date":"2018-03-19T07:29:06.000Z","volume":1000,"price":28,"category":"rbull"},{"type":"A","date":"2018-03-19T07:28:41.000Z","volume":1000,"price":28,"category":"rbull"},{"type":"A","date":"2018-03-19T07:28:27.000Z","volume":1000,"price":27.95,"category":"rbull"},{"type":"A","date":"2018-03-19T07:25:10.000Z","volume":1000,"price":27.95,"category":"rbull"},{"type":"A","date":"2018-03-19T07:24:03.000Z","volume":1000,"price":27.95,"category":"rbull"},{"type":"A","date":"2018-03-19T07:19:14.000Z","volume":1000,"price":27.95,"category":"rbull"},{"type":"A","date":"2018-03-19T07:19:10.000Z","volume":1000,"price":27.95,"category":"rbull"},{"type":"A","date":"2018-03-19T07:16:55.000Z","volume":1000,"price":27.9,"category":"rbull"},{"type":"A","date":"2018-03-19T07:16:55.000Z","volume":1000,"price":27.9,"category":"rbull"},{"type":"A","date":"2018-03-19T07:16:25.000Z","volume":1000,"price":27.9,"category":"rbull"},{"type":"A","date":"2018-03-19T07:16:25.000Z","volume":1000,"price":27.9,"category":"rbull"},{"type":"A","date":"2018-03-19T07:15:59.000Z","volume":1000,"price":27.9,"category":"rbull"},{"type":"A","date":"2018-03-19T07:15:31.000Z","volume":1000,"price":27.9,"category":"rbull"},{"type":"A","date":"2018-03-19T07:13:10.000Z","volume":1000,"price":27.95,"category":"rbull"},{"type":"A","date":"2018-03-19T07:11:31.000Z","volume":1000,"price":27.9,"category":"rbull"},{"type":"A","date":"2018-03-19T07:08:54.000Z","volume":1000,"price":27.9,"category":"rbull"},{"type":"A","date":"2018-03-19T07:05:12.000Z","volume":1000,"price":27.9,"category":"rbull"},{"type":"A","date":"2018-03-19T07:03:07.000Z","volume":1000,"price":27.85,"category":"rbull"},{"type":"A","date":"2018-03-19T06:59:34.000Z","volume":1000,"price":27.9,"category":"rbull"},{"type":"A","date":"2018-03-19T06:59:19.000Z","volume":1000,"price":27.9,"category":"rbull"},{"type":"A","date":"2018-03-19T06:58:53.000Z","volume":1000,"price":27.85,"category":"rbull"},{"type":"A","date":"2018-03-19T06:58:37.000Z","volume":1000,"price":27.85,"category":"rbull"},{"type":"A","date":"2018-03-19T06:58:29.000Z","volume":1000,"price":27.85,"category":"rbull"},{"type":"A","date":"2018-03-19T06:58:23.000Z","volume":1000,"price":27.85,"category":"rbull"},{"type":"A","date":"2018-03-19T06:58:15.000Z","volume":1000,"price":27.85,"category":"rbull"},{"type":"A","date":"2018-03-19T06:57:07.000Z","volume":1000,"price":27.85,"category":"rbull"},{"type":"A","date":"2018-03-19T06:55:53.000Z","volume":1000,"price":27.85,"category":"rbull"},{"type":"A","date":"2018-03-19T06:55:00.000Z","volume":1000,"price":27.9,"category":"rbull"},{"type":"A","date":"2018-03-19T06:54:27.000Z","volume":1000,"price":27.9,"category":"rbull"},{"type":"A","date":"2018-03-19T06:53:21.000Z","volume":1000,"price":27.85,"category":"rbull"},{"type":"A","date":"2018-03-19T06:53:13.000Z","volume":1000,"price":27.85,"category":"rbull"},{"type":"A","date":"2018-03-19T06:52:13.000Z","volume":1000,"price":27.85,"category":"rbull"},{"type":"A","date":"2018-03-19T06:49:10.000Z","volume":1000,"price":27.85,"category":"rbull"},{"type":"A","date":"2018-03-19T06:47:31.000Z","volume":1000,"price":27.85,"category":"rbull"},{"type":"A","date":"2018-03-19T06:47:10.000Z","volume":1000,"price":27.85,"category":"rbull"},{"type":"A","date":"2018-03-19T06:44:51.000Z","volume":1000,"price":27.85,"category":"rbull"},{"type":"A","date":"2018-03-19T06:43:10.000Z","volume":1000,"price":27.9,"category":"rbull"},{"type":"A","date":"2018-03-19T06:42:45.000Z","volume":1000,"price":27.9,"category":"rbull"},{"type":"A","date":"2018-03-19T06:41:30.000Z","volume":1000,"price":27.9,"category":"rbull"},{"type":"A","date":"2018-03-19T06:39:41.000Z","volume":1000,"price":27.9,"category":"rbull"},{"type":"A","date":"2018-03-19T06:38:46.000Z","volume":1000,"price":27.9,"category":"rbull"},{"type":"A","date":"2018-03-19T06:38:05.000Z","volume":1000,"price":27.9,"category":"rbull"},{"type":"A","date":"2018-03-19T06:38:05.000Z","volume":1000,"price":27.85,"category":"rbull"},{"type":"A","date":"2018-03-19T06:38:05.000Z","volume":1000,"price":27.85,"category":"rbull"},{"type":"A","date":"2018-03-19T06:37:09.000Z","volume":1000,"price":27.85,"category":"rbull"},{"type":"A","date":"2018-03-19T06:37:00.000Z","volume":1000,"price":27.85,"category":"rbull"},{"type":"A","date":"2018-03-19T06:36:09.000Z","volume":1000,"price":27.85,"category":"rbull"},{"type":"A","date":"2018-03-19T06:35:49.000Z","volume":1000,"price":27.85,"category":"rbull"},{"type":"A","date":"2018-03-19T06:34:54.000Z","volume":1000,"price":27.85,"category":"rbull"},{"type":"A","date":"2018-03-19T06:34:16.000Z","volume":1000,"price":27.85,"category":"rbull"},{"type":"A","date":"2018-03-19T06:33:38.000Z","volume":1000,"price":27.85,"category":"rbull"},{"type":"A","date":"2018-03-19T06:33:15.000Z","volume":1000,"price":27.85,"category":"rbull"},{"type":"A","date":"2018-03-19T06:32:40.000Z","volume":1000,"price":27.85,"category":"rbull"},{"type":"A","date":"2018-03-19T06:32:25.000Z","volume":1000,"price":27.85,"category":"rbull"},{"type":"A","date":"2018-03-19T06:31:29.000Z","volume":1000,"price":27.85,"category":"rbull"},{"type":"A","date":"2018-03-19T06:31:01.000Z","volume":1000,"price":27.85,"category":"rbull"},{"type":"A","date":"2018-03-19T06:31:00.000Z","volume":1000,"price":27.85,"category":"rbull"},{"type":"A","date":"2018-03-19T06:30:58.000Z","volume":1000,"price":27.85,"category":"rbull"},{"type":"A","date":"2018-03-19T06:30:45.000Z","volume":1000,"price":27.85,"category":"rbull"},{"type":"A","date":"2018-03-19T06:27:46.000Z","volume":1000,"price":27.85,"category":"rbull"},{"type":"A","date":"2018-03-19T06:26:11.000Z","volume":1000,"price":27.85,"category":"rbull"},{"type":"A","date":"2018-03-19T06:25:00.000Z","volume":1000,"price":27.85,"category":"rbull"},{"type":"A","date":"2018-03-19T06:24:26.000Z","volume":1000,"price":27.85,"category":"rbull"},{"type":"A","date":"2018-03-19T06:22:11.000Z","volume":1000,"price":27.85,"category":"rbull"},{"type":"A","date":"2018-03-19T06:21:15.000Z","volume":1000,"price":27.85,"category":"rbull"},{"type":"A","date":"2018-03-19T06:20:40.000Z","volume":1000,"price":27.85,"category":"rbull"},{"type":"A","date":"2018-03-19T06:19:00.000Z","volume":1000,"price":27.85,"category":"rbull"},{"type":"A","date":"2018-03-19T06:18:13.000Z","volume":1000,"price":27.85,"category":"rbull"},{"type":"A","date":"2018-03-19T06:17:00.000Z","volume":1000,"price":27.85,"category":"rbull"},{"type":"A","date":"2018-03-19T06:13:05.000Z","volume":1000,"price":27.85,"category":"rbull"},{"type":"A","date":"2018-03-19T06:13:00.000Z","volume":1000,"price":27.85,"category":"rbull"},{"type":"A","date":"2018-03-19T06:08:41.000Z","volume":1000,"price":27.85,"category":"rbull"},{"type":"A","date":"2018-03-19T06:07:04.000Z","volume":1000,"price":27.85,"category":"rbull"},{"type":"A","date":"2018-03-19T06:07:00.000Z","volume":1000,"price":27.85,"category":"rbull"},{"type":"A","date":"2018-03-19T06:06:36.000Z","volume":1000,"price":27.85,"category":"rbull"},{"type":"A","date":"2018-03-19T06:06:18.000Z","volume":1000,"price":27.85,"category":"rbull"},{"type":"A","date":"2018-03-19T06:05:53.000Z","volume":1000,"price":27.85,"category":"rbull"},{"type":"A","date":"2018-03-19T06:05:30.000Z","volume":1000,"price":27.85,"category":"rbull"},{"type":"A","date":"2018-03-19T06:05:19.000Z","volume":1000,"price":27.85,"category":"rbull"},{"type":"A","date":"2018-03-19T06:04:33.000Z","volume":1000,"price":27.85,"category":"rbull"},{"type":"A","date":"2018-03-19T06:01:33.000Z","volume":1000,"price":27.85,"category":"rbull"},{"type":"A","date":"2018-03-19T06:01:10.000Z","volume":1000,"price":27.85,"category":"rbull"},{"type":"A","date":"2018-03-19T06:00:43.000Z","volume":1000,"price":27.85,"category":"rbull"},{"type":"A","date":"2018-03-19T05:59:49.000Z","volume":1000,"price":27.85,"category":"rbull"},{"type":"A","date":"2018-03-19T05:59:30.000Z","volume":1000,"price":27.85,"category":"rbull"},{"type":"A","date":"2018-03-19T05:59:27.000Z","volume":1000,"price":27.85,"category":"rbull"},{"type":"A","date":"2018-03-19T05:59:03.000Z","volume":1000,"price":27.85,"category":"rbull"},{"type":"A","date":"2018-03-19T05:58:54.000Z","volume":1000,"price":27.85,"category":"rbull"},{"type":"A","date":"2018-03-19T05:58:43.000Z","volume":1000,"price":27.85,"category":"rbull"},{"type":"A","date":"2018-03-19T05:58:00.000Z","volume":1000,"price":27.85,"category":"rbull"},{"type":"A","date":"2018-03-19T05:57:55.000Z","volume":1000,"price":27.85,"category":"rbull"},{"type":"A","date":"2018-03-19T05:56:59.000Z","volume":1000,"price":27.85,"category":"rbull"},{"type":"A","date":"2018-03-19T05:56:18.000Z","volume":1000,"price":27.85,"category":"rbull"},{"type":"A","date":"2018-03-19T05:55:58.000Z","volume":1000,"price":27.85,"category":"rbull"},{"type":"A","date":"2018-03-19T05:55:19.000Z","volume":1000,"price":27.85,"category":"rbull"},{"type":"A","date":"2018-03-19T05:55:00.000Z","volume":1000,"price":27.85,"category":"rbull"},{"type":"A","date":"2018-03-19T05:53:17.000Z","volume":1000,"price":27.85,"category":"rbull"},{"type":"A","date":"2018-03-19T05:52:45.000Z","volume":1000,"price":27.85,"category":"rbull"},{"type":"A","date":"2018-03-19T05:52:08.000Z","volume":1000,"price":27.85,"category":"rbull"},{"type":"A","date":"2018-03-19T05:51:56.000Z","volume":1000,"price":27.85,"category":"rbull"},{"type":"A","date":"2018-03-19T05:51:35.000Z","volume":1000,"price":27.85,"category":"rbull"},{"type":"A","date":"2018-03-19T05:50:56.000Z","volume":1000,"price":27.85,"category":"rbull"},{"type":"A","date":"2018-03-19T05:50:54.000Z","volume":1000,"price":27.85,"category":"rbull"},{"type":"A","date":"2018-03-19T05:50:24.000Z","volume":1000,"price":27.85,"category":"rbull"},{"type":"A","date":"2018-03-19T05:49:37.000Z","volume":1000,"price":27.85,"category":"rbull"},{"type":"A","date":"2018-03-19T05:49:00.000Z","volume":1000,"price":27.85,"category":"rbull"},{"type":"A","date":"2018-03-19T05:48:09.000Z","volume":1000,"price":27.85,"category":"rbull"},{"type":"A","date":"2018-03-19T05:46:02.000Z","volume":1000,"price":27.85,"category":"rbull"},{"type":"A","date":"2018-03-19T05:45:18.000Z","volume":1000,"price":27.85,"category":"rbull"},{"type":"A","date":"2018-03-19T05:44:49.000Z","volume":1000,"price":27.85,"category":"rbull"},{"type":"A","date":"2018-03-19T05:43:30.000Z","volume":1000,"price":27.85,"category":"rbull"},{"type":"A","date":"2018-03-19T05:43:00.000Z","volume":1000,"price":27.85,"category":"rbull"},{"type":"A","date":"2018-03-19T05:42:06.000Z","volume":1000,"price":27.85,"category":"rbull"},{"type":"A","date":"2018-03-19T05:42:01.000Z","volume":1000,"price":27.85,"category":"rbull"},{"type":"A","date":"2018-03-19T05:42:01.000Z","volume":1000,"price":27.85,"category":"rbull"},{"type":"A","date":"2018-03-19T05:41:30.000Z","volume":1000,"price":27.85,"category":"rbull"},{"type":"A","date":"2018-03-19T05:40:30.000Z","volume":1000,"price":27.85,"category":"rbull"},{"type":"A","date":"2018-03-19T05:38:10.000Z","volume":1000,"price":27.85,"category":"rbull"},{"type":"A","date":"2018-03-19T05:37:21.000Z","volume":1000,"price":27.85,"category":"rbull"},{"type":"A","date":"2018-03-19T05:37:00.000Z","volume":1000,"price":27.85,"category":"rbull"},{"type":"A","date":"2018-03-19T05:36:10.000Z","volume":1000,"price":27.85,"category":"rbull"},{"type":"A","date":"2018-03-19T05:32:35.000Z","volume":1000,"price":27.85,"category":"rbull"},{"type":"A","date":"2018-03-19T05:32:19.000Z","volume":1000,"price":27.85,"category":"rbull"},{"type":"A","date":"2018-03-19T05:31:00.000Z","volume":1000,"price":27.85,"category":"rbull"},{"type":"A","date":"2018-03-19T05:30:35.000Z","volume":1000,"price":27.85,"category":"rbull"},{"type":"A","date":"2018-03-19T05:28:25.000Z","volume":1000,"price":27.85,"category":"rbull"},{"type":"A","date":"2018-03-19T05:27:34.000Z","volume":1000,"price":27.85,"category":"rbull"},{"type":"A","date":"2018-03-19T05:27:00.000Z","volume":1000,"price":27.85,"category":"rbull"},{"type":"A","date":"2018-03-19T05:26:23.000Z","volume":1000,"price":27.85,"category":"rbull"},{"type":"A","date":"2018-03-19T05:25:00.000Z","volume":1000,"price":27.85,"category":"rbull"},{"type":"A","date":"2018-03-19T05:23:54.000Z","volume":1000,"price":27.85,"category":"rbull"},{"type":"A","date":"2018-03-19T05:22:10.000Z","volume":1000,"price":27.85,"category":"rbull"},{"type":"A","date":"2018-03-19T05:13:00.000Z","volume":1000,"price":27.9,"category":"rbull"},{"type":"A","date":"2018-03-19T05:10:16.000Z","volume":1000,"price":27.9,"category":"rbull"},{"type":"A","date":"2018-03-19T05:08:38.000Z","volume":1000,"price":27.95,"category":"rbull"},{"type":"A","date":"2018-03-19T05:07:52.000Z","volume":1000,"price":27.95,"category":"rbull"},{"type":"A","date":"2018-03-19T05:07:00.000Z","volume":1000,"price":27.95,"category":"rbull"},{"type":"A","date":"2018-03-19T05:06:28.000Z","volume":1000,"price":27.95,"category":"rbull"},{"type":"A","date":"2018-03-19T05:00:10.000Z","volume":1000,"price":28,"category":"rbull"},{"type":"A","date":"2018-03-19T03:59:59.000Z","volume":1000,"price":27.95,"category":"rbull"},{"type":"A","date":"2018-03-19T03:59:50.000Z","volume":1000,"price":27.95,"category":"rbull"},{"type":"A","date":"2018-03-19T03:59:50.000Z","volume":1000,"price":27.95,"category":"rbull"},{"type":"A","date":"2018-03-19T03:59:49.000Z","volume":1000,"price":27.95,"category":"rbull"},{"type":"A","date":"2018-03-19T03:59:36.000Z","volume":1000,"price":27.95,"category":"rbull"},{"type":"A","date":"2018-03-19T03:59:32.000Z","volume":1000,"price":27.95,"category":"rbull"},{"type":"A","date":"2018-03-19T03:58:53.000Z","volume":1000,"price":27.95,"category":"rbull"},{"type":"A","date":"2018-03-19T03:58:50.000Z","volume":1000,"price":27.95,"category":"rbull"},{"type":"A","date":"2018-03-19T03:58:45.000Z","volume":1000,"price":27.95,"category":"rbull"},{"type":"A","date":"2018-03-19T03:58:44.000Z","volume":1000,"price":27.95,"category":"rbull"},{"type":"A","date":"2018-03-19T03:57:59.000Z","volume":1000,"price":27.95,"category":"rbull"},{"type":"A","date":"2018-03-19T03:55:49.000Z","volume":1000,"price":27.95,"category":"rbull"},{"type":"A","date":"2018-03-19T03:54:56.000Z","volume":1000,"price":27.95,"category":"rbull"},{"type":"A","date":"2018-03-19T03:54:10.000Z","volume":1000,"price":27.95,"category":"rbull"},{"type":"A","date":"2018-03-19T03:53:40.000Z","volume":1000,"price":27.9,"category":"rbull"},{"type":"A","date":"2018-03-19T03:53:36.000Z","volume":1000,"price":27.9,"category":"rbull"},{"type":"A","date":"2018-03-19T03:52:56.000Z","volume":1000,"price":27.9,"category":"rbull"},{"type":"A","date":"2018-03-19T03:52:38.000Z","volume":1000,"price":27.9,"category":"rbull"},{"type":"A","date":"2018-03-19T03:51:30.000Z","volume":1000,"price":27.9,"category":"rbull"},{"type":"A","date":"2018-03-19T03:50:11.000Z","volume":1000,"price":27.9,"category":"rbull"},{"type":"A","date":"2018-03-19T03:49:28.000Z","volume":1000,"price":27.9,"category":"rbull"},{"type":"A","date":"2018-03-19T03:49:22.000Z","volume":1000,"price":27.9,"category":"rbull"},{"type":"A","date":"2018-03-19T03:48:56.000Z","volume":1000,"price":27.9,"category":"rbull"},{"type":"A","date":"2018-03-19T03:47:50.000Z","volume":1000,"price":27.9,"category":"rbull"},{"type":"A","date":"2018-03-19T03:47:17.000Z","volume":1000,"price":27.9,"category":"rbull"},{"type":"A","date":"2018-03-19T03:46:54.000Z","volume":1000,"price":27.9,"category":"rbull"},{"type":"A","date":"2018-03-19T03:46:34.000Z","volume":1000,"price":27.9,"category":"rbull"},{"type":"A","date":"2018-03-19T03:46:09.000Z","volume":1000,"price":27.9,"category":"rbull"},{"type":"A","date":"2018-03-19T03:45:42.000Z","volume":1000,"price":27.9,"category":"rbull"},{"type":"A","date":"2018-03-19T03:45:34.000Z","volume":1000,"price":27.9,"category":"rbull"},{"type":"A","date":"2018-03-19T03:45:30.000Z","volume":1000,"price":27.9,"category":"rbull"},{"type":"A","date":"2018-03-19T03:44:46.000Z","volume":1000,"price":27.9,"category":"rbull"},{"type":"A","date":"2018-03-19T03:44:43.000Z","volume":1000,"price":27.9,"category":"rbull"},{"type":"A","date":"2018-03-19T03:44:24.000Z","volume":1000,"price":27.9,"category":"rbull"},{"type":"A","date":"2018-03-19T03:44:12.000Z","volume":1000,"price":27.9,"category":"rbull"},{"type":"A","date":"2018-03-19T03:43:50.000Z","volume":1000,"price":27.9,"category":"rbull"},{"type":"A","date":"2018-03-19T03:40:59.000Z","volume":1000,"price":27.95,"category":"rbull"},{"type":"A","date":"2018-03-19T03:40:37.000Z","volume":1000,"price":27.95,"category":"rbull"},{"type":"A","date":"2018-03-19T03:40:11.000Z","volume":1000,"price":27.95,"category":"rbull"},{"type":"A","date":"2018-03-19T03:40:04.000Z","volume":1000,"price":27.95,"category":"rbull"},{"type":"A","date":"2018-03-19T03:38:25.000Z","volume":1000,"price":27.95,"category":"rbull"},{"type":"A","date":"2018-03-19T03:37:06.000Z","volume":1000,"price":27.9,"category":"rbull"},{"type":"A","date":"2018-03-19T03:36:29.000Z","volume":1000,"price":27.9,"category":"rbull"},{"type":"A","date":"2018-03-19T03:34:20.000Z","volume":1000,"price":27.9,"category":"rbull"},{"type":"A","date":"2018-03-19T03:32:11.000Z","volume":1000,"price":27.9,"category":"rbull"},{"type":"A","date":"2018-03-19T03:31:26.000Z","volume":1000,"price":27.9,"category":"rbull"},{"type":"A","date":"2018-03-19T03:31:19.000Z","volume":1000,"price":27.9,"category":"rbull"},{"type":"A","date":"2018-03-19T03:31:04.000Z","volume":1000,"price":27.9,"category":"rbull"},{"type":"A","date":"2018-03-19T03:28:21.000Z","volume":1000,"price":27.9,"category":"rbull"},{"type":"A","date":"2018-03-19T03:28:14.000Z","volume":1000,"price":27.9,"category":"rbull"},{"type":"A","date":"2018-03-19T03:25:45.000Z","volume":1000,"price":28,"category":"rbull"},{"type":"A","date":"2018-03-19T03:25:27.000Z","volume":1000,"price":28,"category":"rbull"},{"type":"A","date":"2018-03-19T03:25:09.000Z","volume":1000,"price":28,"category":"rbull"},{"type":"A","date":"2018-03-19T03:23:32.000Z","volume":1000,"price":27.95,"category":"rbull"},{"type":"A","date":"2018-03-19T03:23:20.000Z","volume":1000,"price":27.95,"category":"rbull"},{"type":"A","date":"2018-03-19T03:21:59.000Z","volume":1000,"price":27.95,"category":"rbull"},{"type":"A","date":"2018-03-19T03:21:58.000Z","volume":1000,"price":27.95,"category":"rbull"},{"type":"A","date":"2018-03-19T03:21:25.000Z","volume":1000,"price":27.95,"category":"rbull"},{"type":"A","date":"2018-03-19T03:21:12.000Z","volume":1000,"price":27.95,"category":"rbull"},{"type":"A","date":"2018-03-19T03:20:53.000Z","volume":1000,"price":27.95,"category":"rbull"},{"type":"A","date":"2018-03-19T03:20:27.000Z","volume":1000,"price":27.95,"category":"rbull"},{"type":"A","date":"2018-03-19T03:20:22.000Z","volume":1000,"price":27.95,"category":"rbull"},{"type":"A","date":"2018-03-19T03:20:08.000Z","volume":1000,"price":27.95,"category":"rbull"},{"type":"A","date":"2018-03-19T03:19:55.000Z","volume":1000,"price":27.95,"category":"rbull"},{"type":"A","date":"2018-03-19T03:19:27.000Z","volume":1000,"price":27.95,"category":"rbull"},{"type":"A","date":"2018-03-19T03:19:08.000Z","volume":1000,"price":27.95,"category":"rbull"},{"type":"A","date":"2018-03-19T03:19:00.000Z","volume":1000,"price":27.95,"category":"rbull"},{"type":"A","date":"2018-03-19T03:18:36.000Z","volume":1000,"price":27.95,"category":"rbull"},{"type":"A","date":"2018-03-19T03:18:33.000Z","volume":1000,"price":27.95,"category":"rbull"},{"type":"A","date":"2018-03-19T03:18:15.000Z","volume":1000,"price":27.95,"category":"rbull"},{"type":"A","date":"2018-03-19T03:17:16.000Z","volume":1000,"price":27.95,"category":"rbull"},{"type":"A","date":"2018-03-19T03:16:59.000Z","volume":1000,"price":27.95,"category":"rbull"},{"type":"A","date":"2018-03-19T03:16:58.000Z","volume":1000,"price":27.95,"category":"rbull"},{"type":"A","date":"2018-03-19T03:16:46.000Z","volume":1000,"price":27.95,"category":"rbull"},{"type":"A","date":"2018-03-19T03:16:21.000Z","volume":1000,"price":27.95,"category":"rbull"},{"type":"A","date":"2018-03-19T03:16:14.000Z","volume":1000,"price":27.95,"category":"rbull"},{"type":"A","date":"2018-03-19T03:16:02.000Z","volume":1000,"price":27.95,"category":"rbull"},{"type":"A","date":"2018-03-19T03:15:42.000Z","volume":1000,"price":27.95,"category":"rbull"},{"type":"A","date":"2018-03-19T03:15:30.000Z","volume":1000,"price":27.95,"category":"rbull"},{"type":"A","date":"2018-03-19T03:15:06.000Z","volume":1000,"price":27.95,"category":"rbull"},{"type":"A","date":"2018-03-19T03:15:05.000Z","volume":1000,"price":27.95,"category":"rbull"},{"type":"A","date":"2018-03-19T03:12:46.000Z","volume":1000,"price":27.95,"category":"rbull"},{"type":"A","date":"2018-03-19T03:11:57.000Z","volume":1000,"price":27.95,"category":"rbull"},{"type":"A","date":"2018-03-19T03:11:24.000Z","volume":1000,"price":27.95,"category":"rbull"},{"type":"A","date":"2018-03-19T03:10:57.000Z","volume":1000,"price":27.95,"category":"rbull"},{"type":"A","date":"2018-03-19T03:10:52.000Z","volume":1000,"price":27.95,"category":"rbull"},{"type":"A","date":"2018-03-19T03:10:44.000Z","volume":1000,"price":27.95,"category":"rbull"},{"type":"A","date":"2018-03-19T03:10:43.000Z","volume":1000,"price":27.95,"category":"rbull"},{"type":"A","date":"2018-03-19T03:10:31.000Z","volume":1000,"price":27.95,"category":"rbull"},{"type":"A","date":"2018-03-19T03:09:41.000Z","volume":1000,"price":27.9,"category":"rbull"},{"type":"A","date":"2018-03-19T03:09:21.000Z","volume":1000,"price":27.9,"category":"rbull"},{"type":"A","date":"2018-03-19T03:09:20.000Z","volume":1000,"price":27.9,"category":"rbull"},{"type":"A","date":"2018-03-19T03:09:20.000Z","volume":1000,"price":27.9,"category":"rbull"},{"type":"A","date":"2018-03-19T03:09:20.000Z","volume":1000,"price":27.9,"category":"rbull"},{"type":"A","date":"2018-03-19T03:09:18.000Z","volume":1000,"price":27.9,"category":"rbull"},{"type":"A","date":"2018-03-19T03:08:37.000Z","volume":1000,"price":27.9,"category":"rbull"},{"type":"A","date":"2018-03-19T03:08:07.000Z","volume":1000,"price":27.85,"category":"rbull"},{"type":"A","date":"2018-03-19T03:08:03.000Z","volume":1000,"price":27.85,"category":"rbull"},{"type":"A","date":"2018-03-19T03:07:52.000Z","volume":1000,"price":27.85,"category":"rbull"},{"type":"A","date":"2018-03-19T03:07:21.000Z","volume":1000,"price":27.85,"category":"rbull"},{"type":"A","date":"2018-03-19T03:06:45.000Z","volume":1000,"price":27.85,"category":"rbull"},{"type":"A","date":"2018-03-19T03:04:25.000Z","volume":1000,"price":27.85,"category":"rbull"},{"type":"A","date":"2018-03-19T03:04:05.000Z","volume":1000,"price":27.85,"category":"rbull"},{"type":"A","date":"2018-03-19T03:03:11.000Z","volume":1000,"price":27.85,"category":"rbull"},{"type":"A","date":"2018-03-19T03:03:09.000Z","volume":1000,"price":27.85,"category":"rbull"},{"type":"A","date":"2018-03-19T03:02:25.000Z","volume":1000,"price":27.85,"category":"rbull"},{"type":"A","date":"2018-03-19T03:01:16.000Z","volume":1000,"price":27.85,"category":"rbull"},{"type":"A","date":"2018-03-19T03:00:25.000Z","volume":1000,"price":27.85,"category":"rbull"},{"type":"A","date":"2018-03-19T02:58:05.000Z","volume":1000,"price":27.85,"category":"rbull"},{"type":"A","date":"2018-03-19T02:57:22.000Z","volume":1000,"price":27.85,"category":"rbull"},{"type":"A","date":"2018-03-19T02:57:22.000Z","volume":1000,"price":27.85,"category":"rbull"},{"type":"A","date":"2018-03-19T02:57:00.000Z","volume":1000,"price":27.85,"category":"rbull"},{"type":"A","date":"2018-03-19T02:56:35.000Z","volume":1000,"price":27.85,"category":"rbull"},{"type":"A","date":"2018-03-19T02:55:18.000Z","volume":1000,"price":27.85,"category":"rbull"},{"type":"A","date":"2018-03-19T02:52:10.000Z","volume":1000,"price":27.85,"category":"rbull"},{"type":"A","date":"2018-03-19T02:50:15.000Z","volume":1000,"price":27.85,"category":"rbull"},{"type":"A","date":"2018-03-19T02:47:56.000Z","volume":1000,"price":27.8,"category":"rbull"},{"type":"A","date":"2018-03-19T02:45:02.000Z","volume":1000,"price":27.8,"category":"rbull"},{"type":"A","date":"2018-03-19T02:44:28.000Z","volume":1000,"price":27.8,"category":"rbull"},{"type":"A","date":"2018-03-19T02:42:51.000Z","volume":1000,"price":27.8,"category":"rbull"},{"type":"A","date":"2018-03-19T02:40:33.000Z","volume":1000,"price":27.8,"category":"rbull"},{"type":"A","date":"2018-03-19T02:40:24.000Z","volume":1000,"price":27.8,"category":"rbull"},{"type":"A","date":"2018-03-19T02:37:47.000Z","volume":1000,"price":27.85,"category":"rbull"},{"type":"A","date":"2018-03-19T02:34:57.000Z","volume":1000,"price":27.85,"category":"rbull"},{"type":"A","date":"2018-03-19T02:32:27.000Z","volume":1000,"price":27.85,"category":"rbull"},{"type":"A","date":"2018-03-19T02:31:38.000Z","volume":1000,"price":27.85,"category":"rbull"},{"type":"A","date":"2018-03-19T02:31:33.000Z","volume":1000,"price":27.8,"category":"rbull"},{"type":"A","date":"2018-03-19T02:31:23.000Z","volume":1000,"price":27.8,"category":"rbull"},{"type":"A","date":"2018-03-19T02:30:18.000Z","volume":1000,"price":27.8,"category":"rbull"},{"type":"A","date":"2018-03-19T02:29:59.000Z","volume":1000,"price":27.8,"category":"rbull"},{"type":"A","date":"2018-03-19T02:29:37.000Z","volume":1000,"price":27.8,"category":"rbull"},{"type":"A","date":"2018-03-19T02:29:29.000Z","volume":1000,"price":27.8,"category":"rbull"},{"type":"A","date":"2018-03-19T02:29:22.000Z","volume":1000,"price":27.8,"category":"rbull"},{"type":"A","date":"2018-03-19T02:29:22.000Z","volume":1000,"price":27.8,"category":"rbull"},{"type":"A","date":"2018-03-19T02:29:22.000Z","volume":1000,"price":27.8,"category":"rbull"},{"type":"A","date":"2018-03-19T02:29:22.000Z","volume":1000,"price":27.8,"category":"rbull"},{"type":"A","date":"2018-03-19T02:29:21.000Z","volume":1000,"price":27.8,"category":"rbull"},{"type":"A","date":"2018-03-19T02:20:58.000Z","volume":1000,"price":27.8,"category":"rbull"},{"type":"A","date":"2018-03-19T02:19:08.000Z","volume":1000,"price":27.8,"category":"rbull"},{"type":"A","date":"2018-03-19T02:14:45.000Z","volume":1000,"price":27.8,"category":"rbull"},{"type":"A","date":"2018-03-19T02:14:36.000Z","volume":1000,"price":27.8,"category":"rbull"},{"type":"A","date":"2018-03-19T02:14:34.000Z","volume":1000,"price":27.8,"category":"rbull"},{"type":"A","date":"2018-03-19T02:14:03.000Z","volume":1000,"price":27.8,"category":"rbull"},{"type":"A","date":"2018-03-19T02:13:33.000Z","volume":1000,"price":27.8,"category":"rbull"},{"type":"A","date":"2018-03-19T02:13:31.000Z","volume":1000,"price":27.8,"category":"rbull"},{"type":"A","date":"2018-03-19T02:12:59.000Z","volume":1000,"price":27.8,"category":"rbull"},{"type":"A","date":"2018-03-19T02:09:04.000Z","volume":1000,"price":27.75,"category":"rbull"},{"type":"A","date":"2018-03-19T02:08:50.000Z","volume":1000,"price":27.8,"category":"rbull"},{"type":"A","date":"2018-03-19T02:01:15.000Z","volume":1000,"price":27.8,"category":"rbull"},{"type":"A","date":"2018-03-19T01:58:41.000Z","volume":1000,"price":27.75,"category":"rbull"},{"type":"A","date":"2018-03-19T01:57:27.000Z","volume":1000,"price":27.75,"category":"rbull"},{"type":"A","date":"2018-03-19T01:56:58.000Z","volume":1000,"price":27.75,"category":"rbull"},{"type":"A","date":"2018-03-19T01:56:58.000Z","volume":1000,"price":27.75,"category":"rbull"},{"type":"A","date":"2018-03-19T01:55:16.000Z","volume":1000,"price":27.75,"category":"rbull"},{"type":"A","date":"2018-03-19T01:53:32.000Z","volume":1000,"price":27.75,"category":"rbull"},{"type":"A","date":"2018-03-19T01:51:07.000Z","volume":1000,"price":27.7,"category":"rbull"},{"type":"A","date":"2018-03-19T01:50:30.000Z","volume":1000,"price":27.75,"category":"rbull"},{"type":"A","date":"2018-03-19T01:50:05.000Z","volume":1000,"price":27.75,"category":"rbull"},{"type":"A","date":"2018-03-19T01:49:49.000Z","volume":1000,"price":27.75,"category":"rbull"},{"type":"A","date":"2018-03-19T01:48:45.000Z","volume":1000,"price":27.7,"category":"rbull"},{"type":"A","date":"2018-03-19T01:47:35.000Z","volume":1000,"price":27.7,"category":"rbull"},{"type":"A","date":"2018-03-19T01:46:53.000Z","volume":1000,"price":27.75,"category":"rbull"},{"type":"A","date":"2018-03-19T01:45:05.000Z","volume":1000,"price":27.8,"category":"rbull"},{"type":"A","date":"2018-03-19T01:45:05.000Z","volume":1000,"price":27.8,"category":"rbull"},{"type":"A","date":"2018-03-19T01:44:56.000Z","volume":1000,"price":27.8,"category":"rbull"},{"type":"A","date":"2018-03-19T01:40:06.000Z","volume":1000,"price":27.75,"category":"rbull"},{"type":"A","date":"2018-03-19T01:38:29.000Z","volume":1000,"price":27.7,"category":"rbull"},{"type":"A","date":"2018-03-19T01:38:13.000Z","volume":1000,"price":27.7,"category":"rbull"},{"type":"A","date":"2018-03-19T01:37:37.000Z","volume":1000,"price":27.7,"category":"rbull"},{"type":"A","date":"2018-03-19T01:37:34.000Z","volume":1000,"price":27.7,"category":"rbull"},{"type":"A","date":"2018-03-19T01:37:26.000Z","volume":1000,"price":27.7,"category":"rbull"},{"type":"A","date":"2018-03-19T01:37:22.000Z","volume":1000,"price":27.7,"category":"rbull"},{"type":"A","date":"2018-03-19T01:36:14.000Z","volume":1000,"price":27.7,"category":"rbull"},{"type":"A","date":"2018-03-19T01:35:32.000Z","volume":1000,"price":27.7,"category":"rbull"},{"type":"A","date":"2018-03-19T01:35:31.000Z","volume":1000,"price":27.7,"category":"rbull"},{"type":"A","date":"2018-03-19T01:34:49.000Z","volume":1000,"price":27.7,"category":"rbull"},{"type":"A","date":"2018-03-19T01:31:15.000Z","volume":1000,"price":27.85,"category":"rbull"},{"type":"A","date":"2018-03-19T01:31:00.000Z","volume":1000,"price":27.9,"category":"rbull"},{"type":"A","date":"2018-03-19T01:30:47.000Z","volume":1000,"price":27.9,"category":"rbull"},{"type":"A","date":"2018-03-19T01:30:38.000Z","volume":1000,"price":27.85,"category":"rbull"},{"type":"A","date":"2018-03-19T01:30:38.000Z","volume":1000,"price":27.85,"category":"rbull"},{"type":"A","date":"2018-03-19T01:30:35.000Z","volume":1000,"price":27.85,"category":"rbull"},{"type":"A","date":"2018-03-19T01:30:35.000Z","volume":1000,"price":27.85,"category":"rbull"},{"type":"A","date":"2018-03-19T01:30:35.000Z","volume":1000,"price":27.85,"category":"rbull"},{"type":"A","date":"2018-03-19T01:30:19.000Z","volume":1000,"price":27.85,"category":"rbull"},{"type":"A","date":"2018-03-19T01:30:19.000Z","volume":1000,"price":27.85,"category":"rbull"},{"type":"A","date":"2018-03-19T01:30:18.000Z","volume":1000,"price":27.85,"category":"rbull"},{"type":"A","date":"2018-03-19T01:30:12.000Z","volume":1000,"price":27.85,"category":"rbull"},{"type":"A","date":"2018-03-19T01:30:09.000Z","volume":1000,"price":27.85,"category":"rbull"},{"type":"A","date":"2018-03-19T01:30:05.000Z","volume":1000,"price":27.85,"category":"rbull"},{"type":"A","date":"2018-03-19T01:30:03.000Z","volume":1000,"price":27.85,"category":"rbull"},{"type":"A","date":"2018-03-19T01:30:03.000Z","volume":1000,"price":27.9,"category":"rbull"},{"type":"A","date":"2018-03-19T01:30:01.000Z","volume":1000,"price":27.85,"category":"rbull"},{"type":"B","date":"2018-03-19T07:59:11.000Z","volume":1000,"price":27.9,"category":"rbear"},{"type":"B","date":"2018-03-19T07:59:11.000Z","volume":1000,"price":27.9,"category":"rbear"},{"type":"B","date":"2018-03-19T07:59:11.000Z","volume":1000,"price":27.9,"category":"rbear"},{"type":"B","date":"2018-03-19T07:58:43.000Z","volume":1000,"price":27.9,"category":"rbear"},{"type":"B","date":"2018-03-19T07:58:40.000Z","volume":1000,"price":27.9,"category":"rbear"},{"type":"B","date":"2018-03-19T07:58:25.000Z","volume":1000,"price":27.9,"category":"rbear"},{"type":"B","date":"2018-03-19T07:58:07.000Z","volume":1000,"price":27.9,"category":"rbear"},{"type":"B","date":"2018-03-19T07:58:07.000Z","volume":1000,"price":27.9,"category":"rbear"},{"type":"B","date":"2018-03-19T07:57:53.000Z","volume":1000,"price":27.9,"category":"rbear"},{"type":"B","date":"2018-03-19T07:57:35.000Z","volume":1000,"price":27.9,"category":"rbear"},{"type":"B","date":"2018-03-19T07:57:22.000Z","volume":1000,"price":27.9,"category":"rbear"},{"type":"B","date":"2018-03-19T07:57:13.000Z","volume":1000,"price":27.95,"category":"rbear"},{"type":"B","date":"2018-03-19T07:57:11.000Z","volume":1000,"price":27.95,"category":"rbear"},{"type":"B","date":"2018-03-19T07:57:01.000Z","volume":1000,"price":27.95,"category":"rbear"},{"type":"B","date":"2018-03-19T07:56:44.000Z","volume":1000,"price":27.95,"category":"rbear"},{"type":"B","date":"2018-03-19T07:56:44.000Z","volume":1000,"price":27.95,"category":"rbear"},{"type":"B","date":"2018-03-19T07:56:31.000Z","volume":1000,"price":27.95,"category":"rbear"},{"type":"B","date":"2018-03-19T07:56:27.000Z","volume":1000,"price":27.95,"category":"rbear"},{"type":"B","date":"2018-03-19T07:56:09.000Z","volume":1000,"price":27.95,"category":"rbear"},{"type":"B","date":"2018-03-19T07:55:53.000Z","volume":1000,"price":27.95,"category":"rbear"},{"type":"B","date":"2018-03-19T07:55:52.000Z","volume":1000,"price":27.95,"category":"rbear"},{"type":"B","date":"2018-03-19T07:55:43.000Z","volume":1000,"price":27.95,"category":"rbear"},{"type":"B","date":"2018-03-19T07:55:25.000Z","volume":1000,"price":27.95,"category":"rbear"},{"type":"B","date":"2018-03-19T07:55:24.000Z","volume":1000,"price":27.95,"category":"rbear"},{"type":"B","date":"2018-03-19T07:55:21.000Z","volume":1000,"price":27.95,"category":"rbear"},{"type":"B","date":"2018-03-19T07:55:15.000Z","volume":1000,"price":27.95,"category":"rbear"},{"type":"B","date":"2018-03-19T07:55:04.000Z","volume":1000,"price":27.95,"category":"rbear"},{"type":"B","date":"2018-03-19T07:55:00.000Z","volume":1000,"price":27.95,"category":"rbear"},{"type":"B","date":"2018-03-19T07:54:37.000Z","volume":1000,"price":27.95,"category":"rbear"},{"type":"B","date":"2018-03-19T07:54:13.000Z","volume":1000,"price":27.95,"category":"rbear"},{"type":"B","date":"2018-03-19T07:51:08.000Z","volume":1000,"price":27.9,"category":"rbear"},{"type":"B","date":"2018-03-19T07:51:07.000Z","volume":1000,"price":27.9,"category":"rbear"},{"type":"B","date":"2018-03-19T07:50:47.000Z","volume":1000,"price":27.9,"category":"rbear"},{"type":"B","date":"2018-03-19T07:50:30.000Z","volume":1000,"price":27.9,"category":"rbear"},{"type":"B","date":"2018-03-19T07:50:29.000Z","volume":1000,"price":27.9,"category":"rbear"},{"type":"B","date":"2018-03-19T07:50:19.000Z","volume":1000,"price":27.9,"category":"rbear"},{"type":"B","date":"2018-03-19T07:49:49.000Z","volume":1000,"price":27.9,"category":"rbear"},{"type":"B","date":"2018-03-19T07:49:30.000Z","volume":1000,"price":27.9,"category":"rbear"},{"type":"B","date":"2018-03-19T07:49:10.000Z","volume":1000,"price":27.9,"category":"rbear"},{"type":"B","date":"2018-03-19T07:48:15.000Z","volume":1000,"price":27.9,"category":"rbear"},{"type":"B","date":"2018-03-19T07:47:55.000Z","volume":1000,"price":27.85,"category":"rbear"},{"type":"B","date":"2018-03-19T07:47:29.000Z","volume":1000,"price":27.85,"category":"rbear"},{"type":"B","date":"2018-03-19T07:47:15.000Z","volume":1000,"price":27.85,"category":"rbear"},{"type":"B","date":"2018-03-19T07:47:11.000Z","volume":1000,"price":27.85,"category":"rbear"},{"type":"B","date":"2018-03-19T07:47:01.000Z","volume":1000,"price":27.85,"category":"rbear"},{"type":"B","date":"2018-03-19T07:46:35.000Z","volume":1000,"price":27.85,"category":"rbear"},{"type":"B","date":"2018-03-19T07:44:27.000Z","volume":1000,"price":27.85,"category":"rbear"},{"type":"B","date":"2018-03-19T07:44:26.000Z","volume":1000,"price":27.9,"category":"rbear"},{"type":"B","date":"2018-03-19T07:44:13.000Z","volume":1000,"price":27.9,"category":"rbear"},{"type":"B","date":"2018-03-19T07:41:11.000Z","volume":1000,"price":27.9,"category":"rbear"},{"type":"B","date":"2018-03-19T07:41:11.000Z","volume":1000,"price":27.9,"category":"rbear"},{"type":"B","date":"2018-03-19T07:38:16.000Z","volume":1000,"price":27.9,"category":"rbear"},{"type":"B","date":"2018-03-19T07:36:05.000Z","volume":1000,"price":27.9,"category":"rbear"},{"type":"B","date":"2018-03-19T07:31:03.000Z","volume":1000,"price":28,"category":"rbear"},{"type":"B","date":"2018-03-19T07:27:29.000Z","volume":1000,"price":27.9,"category":"rbear"},{"type":"B","date":"2018-03-19T07:26:40.000Z","volume":1000,"price":27.9,"category":"rbear"},{"type":"B","date":"2018-03-19T07:26:40.000Z","volume":1000,"price":27.9,"category":"rbear"},{"type":"B","date":"2018-03-19T07:26:40.000Z","volume":1000,"price":27.9,"category":"rbear"},{"type":"B","date":"2018-03-19T07:25:35.000Z","volume":1000,"price":27.9,"category":"rbear"},{"type":"B","date":"2018-03-19T07:25:35.000Z","volume":1000,"price":27.9,"category":"rbear"},{"type":"B","date":"2018-03-19T07:25:10.000Z","volume":1000,"price":27.9,"category":"rbear"},{"type":"B","date":"2018-03-19T07:25:07.000Z","volume":1000,"price":27.9,"category":"rbear"},{"type":"B","date":"2018-03-19T07:25:04.000Z","volume":1000,"price":27.9,"category":"rbear"},{"type":"B","date":"2018-03-19T07:24:59.000Z","volume":1000,"price":27.9,"category":"rbear"},{"type":"B","date":"2018-03-19T07:24:30.000Z","volume":1000,"price":27.9,"category":"rbear"},{"type":"B","date":"2018-03-19T07:24:12.000Z","volume":1000,"price":27.9,"category":"rbear"},{"type":"B","date":"2018-03-19T07:23:52.000Z","volume":1000,"price":27.9,"category":"rbear"},{"type":"B","date":"2018-03-19T07:23:00.000Z","volume":1000,"price":27.9,"category":"rbear"},{"type":"B","date":"2018-03-19T07:22:19.000Z","volume":1000,"price":27.9,"category":"rbear"},{"type":"B","date":"2018-03-19T07:22:03.000Z","volume":1000,"price":27.9,"category":"rbear"},{"type":"B","date":"2018-03-19T07:21:38.000Z","volume":1000,"price":27.9,"category":"rbear"},{"type":"B","date":"2018-03-19T07:21:15.000Z","volume":1000,"price":27.9,"category":"rbear"},{"type":"B","date":"2018-03-19T07:20:44.000Z","volume":1000,"price":27.9,"category":"rbear"},{"type":"B","date":"2018-03-19T07:20:26.000Z","volume":1000,"price":27.9,"category":"rbear"},{"type":"B","date":"2018-03-19T07:20:23.000Z","volume":1000,"price":27.9,"category":"rbear"},{"type":"B","date":"2018-03-19T07:20:21.000Z","volume":1000,"price":27.9,"category":"rbear"},{"type":"B","date":"2018-03-19T07:19:49.000Z","volume":1000,"price":27.9,"category":"rbear"},{"type":"B","date":"2018-03-19T07:19:31.000Z","volume":1000,"price":27.9,"category":"rbear"},{"type":"B","date":"2018-03-19T07:19:31.000Z","volume":1000,"price":27.9,"category":"rbear"},{"type":"B","date":"2018-03-19T07:19:29.000Z","volume":1000,"price":27.9,"category":"rbear"},{"type":"B","date":"2018-03-19T07:19:29.000Z","volume":1000,"price":27.9,"category":"rbear"},{"type":"B","date":"2018-03-19T07:17:08.000Z","volume":1000,"price":27.9,"category":"rbear"},{"type":"B","date":"2018-03-19T07:08:22.000Z","volume":1000,"price":27.85,"category":"rbear"},{"type":"B","date":"2018-03-19T07:02:33.000Z","volume":1000,"price":27.8,"category":"rbear"},{"type":"B","date":"2018-03-19T07:01:05.000Z","volume":1000,"price":27.8,"category":"rbear"},{"type":"B","date":"2018-03-19T07:00:43.000Z","volume":1000,"price":27.85,"category":"rbear"},{"type":"B","date":"2018-03-19T06:54:23.000Z","volume":1000,"price":27.85,"category":"rbear"},{"type":"B","date":"2018-03-19T06:50:03.000Z","volume":1000,"price":27.8,"category":"rbear"},{"type":"B","date":"2018-03-19T06:50:03.000Z","volume":1000,"price":27.8,"category":"rbear"},{"type":"B","date":"2018-03-19T06:49:10.000Z","volume":1000,"price":27.8,"category":"rbear"},{"type":"B","date":"2018-03-19T06:46:13.000Z","volume":1000,"price":27.8,"category":"rbear"},{"type":"B","date":"2018-03-19T06:38:47.000Z","volume":1000,"price":27.85,"category":"rbear"},{"type":"B","date":"2018-03-19T06:37:33.000Z","volume":1000,"price":27.8,"category":"rbear"},{"type":"B","date":"2018-03-19T06:37:33.000Z","volume":1000,"price":27.8,"category":"rbear"},{"type":"B","date":"2018-03-19T06:32:09.000Z","volume":1000,"price":27.8,"category":"rbear"},{"type":"B","date":"2018-03-19T06:29:35.000Z","volume":1000,"price":27.8,"category":"rbear"},{"type":"B","date":"2018-03-19T06:27:19.000Z","volume":1000,"price":27.8,"category":"rbear"},{"type":"B","date":"2018-03-19T06:25:42.000Z","volume":1000,"price":27.8,"category":"rbear"},{"type":"B","date":"2018-03-19T06:25:41.000Z","volume":1000,"price":27.8,"category":"rbear"},{"type":"B","date":"2018-03-19T06:25:15.000Z","volume":1000,"price":27.8,"category":"rbear"},{"type":"B","date":"2018-03-19T06:25:00.000Z","volume":1000,"price":27.8,"category":"rbear"},{"type":"B","date":"2018-03-19T06:24:56.000Z","volume":1000,"price":27.8,"category":"rbear"},{"type":"B","date":"2018-03-19T06:22:11.000Z","volume":1000,"price":27.8,"category":"rbear"},{"type":"B","date":"2018-03-19T06:20:40.000Z","volume":1000,"price":27.8,"category":"rbear"},{"type":"B","date":"2018-03-19T06:18:53.000Z","volume":1000,"price":27.8,"category":"rbear"},{"type":"B","date":"2018-03-19T06:18:53.000Z","volume":1000,"price":27.8,"category":"rbear"},{"type":"B","date":"2018-03-19T06:16:23.000Z","volume":1000,"price":27.8,"category":"rbear"},{"type":"B","date":"2018-03-19T06:14:12.000Z","volume":1000,"price":27.8,"category":"rbear"},{"type":"B","date":"2018-03-19T06:13:47.000Z","volume":1000,"price":27.8,"category":"rbear"},{"type":"B","date":"2018-03-19T06:13:46.000Z","volume":1000,"price":27.8,"category":"rbear"},{"type":"B","date":"2018-03-19T06:13:26.000Z","volume":1000,"price":27.8,"category":"rbear"},{"type":"B","date":"2018-03-19T06:13:22.000Z","volume":1000,"price":27.8,"category":"rbear"},{"type":"B","date":"2018-03-19T06:07:40.000Z","volume":1000,"price":27.8,"category":"rbear"},{"type":"B","date":"2018-03-19T06:05:09.000Z","volume":1000,"price":27.8,"category":"rbear"},{"type":"B","date":"2018-03-19T06:05:03.000Z","volume":1000,"price":27.8,"category":"rbear"},{"type":"B","date":"2018-03-19T06:02:59.000Z","volume":1000,"price":27.8,"category":"rbear"},{"type":"B","date":"2018-03-19T06:02:30.000Z","volume":1000,"price":27.8,"category":"rbear"},{"type":"B","date":"2018-03-19T06:01:57.000Z","volume":1000,"price":27.8,"category":"rbear"},{"type":"B","date":"2018-03-19T05:59:31.000Z","volume":1000,"price":27.8,"category":"rbear"},{"type":"B","date":"2018-03-19T05:57:02.000Z","volume":1000,"price":27.8,"category":"rbear"},{"type":"B","date":"2018-03-19T05:48:43.000Z","volume":1000,"price":27.8,"category":"rbear"},{"type":"B","date":"2018-03-19T05:43:03.000Z","volume":1000,"price":27.8,"category":"rbear"},{"type":"B","date":"2018-03-19T05:31:54.000Z","volume":1000,"price":27.8,"category":"rbear"},{"type":"B","date":"2018-03-19T05:29:57.000Z","volume":1000,"price":27.8,"category":"rbear"},{"type":"B","date":"2018-03-19T05:26:38.000Z","volume":1000,"price":27.8,"category":"rbear"},{"type":"B","date":"2018-03-19T05:26:23.000Z","volume":1000,"price":27.8,"category":"rbear"},{"type":"B","date":"2018-03-19T05:23:36.000Z","volume":1000,"price":27.8,"category":"rbear"},{"type":"B","date":"2018-03-19T05:21:35.000Z","volume":1000,"price":27.8,"category":"rbear"},{"type":"B","date":"2018-03-19T05:15:27.000Z","volume":1000,"price":27.85,"category":"rbear"},{"type":"B","date":"2018-03-19T05:13:00.000Z","volume":1000,"price":27.85,"category":"rbear"},{"type":"B","date":"2018-03-19T05:10:17.000Z","volume":1000,"price":27.85,"category":"rbear"},{"type":"B","date":"2018-03-19T05:09:59.000Z","volume":1000,"price":27.85,"category":"rbear"},{"type":"B","date":"2018-03-19T05:06:55.000Z","volume":1000,"price":27.9,"category":"rbear"},{"type":"B","date":"2018-03-19T05:06:45.000Z","volume":1000,"price":27.9,"category":"rbear"},{"type":"B","date":"2018-03-19T05:04:17.000Z","volume":1000,"price":27.9,"category":"rbear"},{"type":"B","date":"2018-03-19T05:01:43.000Z","volume":1000,"price":27.9,"category":"rbear"},{"type":"B","date":"2018-03-19T05:01:43.000Z","volume":1000,"price":27.9,"category":"rbear"},{"type":"B","date":"2018-03-19T05:00:17.000Z","volume":1000,"price":27.95,"category":"rbear"},{"type":"B","date":"2018-03-19T05:00:16.000Z","volume":1000,"price":27.95,"category":"rbear"},{"type":"B","date":"2018-03-19T05:00:14.000Z","volume":1000,"price":27.95,"category":"rbear"},{"type":"B","date":"2018-03-19T03:51:51.000Z","volume":1000,"price":27.85,"category":"rbear"},{"type":"B","date":"2018-03-19T03:43:48.000Z","volume":1000,"price":27.85,"category":"rbear"},{"type":"B","date":"2018-03-19T03:42:20.000Z","volume":1000,"price":27.9,"category":"rbear"},{"type":"B","date":"2018-03-19T03:33:00.000Z","volume":1000,"price":27.85,"category":"rbear"},{"type":"B","date":"2018-03-19T03:29:52.000Z","volume":1000,"price":27.85,"category":"rbear"},{"type":"B","date":"2018-03-19T03:29:51.000Z","volume":1000,"price":27.85,"category":"rbear"},{"type":"B","date":"2018-03-19T03:28:25.000Z","volume":1000,"price":27.85,"category":"rbear"},{"type":"B","date":"2018-03-19T03:27:50.000Z","volume":1000,"price":27.9,"category":"rbear"},{"type":"B","date":"2018-03-19T03:21:58.000Z","volume":1000,"price":27.9,"category":"rbear"},{"type":"B","date":"2018-03-19T03:16:29.000Z","volume":1000,"price":27.9,"category":"rbear"},{"type":"B","date":"2018-03-19T03:13:28.000Z","volume":1000,"price":27.9,"category":"rbear"},{"type":"B","date":"2018-03-19T03:08:00.000Z","volume":1000,"price":27.8,"category":"rbear"},{"type":"B","date":"2018-03-19T03:02:41.000Z","volume":1000,"price":27.8,"category":"rbear"},{"type":"B","date":"2018-03-19T02:54:06.000Z","volume":1000,"price":27.8,"category":"rbear"},{"type":"B","date":"2018-03-19T02:54:06.000Z","volume":1000,"price":27.8,"category":"rbear"},{"type":"B","date":"2018-03-19T02:51:43.000Z","volume":1000,"price":27.8,"category":"rbear"},{"type":"B","date":"2018-03-19T02:51:43.000Z","volume":1000,"price":27.8,"category":"rbear"},{"type":"B","date":"2018-03-19T02:51:33.000Z","volume":1000,"price":27.8,"category":"rbear"},{"type":"B","date":"2018-03-19T02:48:20.000Z","volume":1000,"price":27.8,"category":"rbear"},{"type":"B","date":"2018-03-19T02:43:44.000Z","volume":1000,"price":27.75,"category":"rbear"},{"type":"B","date":"2018-03-19T02:40:26.000Z","volume":1000,"price":27.75,"category":"rbear"},{"type":"B","date":"2018-03-19T02:40:15.000Z","volume":1000,"price":27.8,"category":"rbear"},{"type":"B","date":"2018-03-19T02:40:12.000Z","volume":1000,"price":27.8,"category":"rbear"},{"type":"B","date":"2018-03-19T02:40:12.000Z","volume":1000,"price":27.8,"category":"rbear"},{"type":"B","date":"2018-03-19T02:39:46.000Z","volume":1000,"price":27.8,"category":"rbear"},{"type":"B","date":"2018-03-19T02:39:45.000Z","volume":1000,"price":27.8,"category":"rbear"},{"type":"B","date":"2018-03-19T02:38:45.000Z","volume":1000,"price":27.8,"category":"rbear"},{"type":"B","date":"2018-03-19T02:38:45.000Z","volume":1000,"price":27.8,"category":"rbear"},{"type":"B","date":"2018-03-19T02:38:05.000Z","volume":1000,"price":27.8,"category":"rbear"},{"type":"B","date":"2018-03-19T02:37:58.000Z","volume":1000,"price":27.8,"category":"rbear"},{"type":"B","date":"2018-03-19T02:37:57.000Z","volume":1000,"price":27.8,"category":"rbear"},{"type":"B","date":"2018-03-19T02:37:57.000Z","volume":1000,"price":27.8,"category":"rbear"},{"type":"B","date":"2018-03-19T02:36:25.000Z","volume":1000,"price":27.8,"category":"rbear"},{"type":"B","date":"2018-03-19T02:36:21.000Z","volume":1000,"price":27.8,"category":"rbear"},{"type":"B","date":"2018-03-19T02:36:06.000Z","volume":1000,"price":27.8,"category":"rbear"},{"type":"B","date":"2018-03-19T02:36:06.000Z","volume":1000,"price":27.8,"category":"rbear"},{"type":"B","date":"2018-03-19T02:35:24.000Z","volume":1000,"price":27.8,"category":"rbear"},{"type":"B","date":"2018-03-19T02:34:05.000Z","volume":1000,"price":27.8,"category":"rbear"},{"type":"B","date":"2018-03-19T02:31:39.000Z","volume":1000,"price":27.8,"category":"rbear"},{"type":"B","date":"2018-03-19T02:30:51.000Z","volume":1000,"price":27.75,"category":"rbear"},{"type":"B","date":"2018-03-19T02:29:57.000Z","volume":1000,"price":27.8,"category":"rbear"},{"type":"B","date":"2018-03-19T02:27:01.000Z","volume":1000,"price":27.75,"category":"rbear"},{"type":"B","date":"2018-03-19T02:25:55.000Z","volume":1000,"price":27.75,"category":"rbear"},{"type":"B","date":"2018-03-19T02:25:28.000Z","volume":1000,"price":27.75,"category":"rbear"},{"type":"B","date":"2018-03-19T02:25:01.000Z","volume":1000,"price":27.75,"category":"rbear"},{"type":"B","date":"2018-03-19T02:24:26.000Z","volume":1000,"price":27.75,"category":"rbear"},{"type":"B","date":"2018-03-19T02:23:33.000Z","volume":1000,"price":27.75,"category":"rbear"},{"type":"B","date":"2018-03-19T02:23:17.000Z","volume":1000,"price":27.75,"category":"rbear"},{"type":"B","date":"2018-03-19T02:14:36.000Z","volume":1000,"price":27.75,"category":"rbear"},{"type":"B","date":"2018-03-19T02:13:00.000Z","volume":1000,"price":27.75,"category":"rbear"},{"type":"B","date":"2018-03-19T02:10:44.000Z","volume":1000,"price":27.75,"category":"rbear"},{"type":"B","date":"2018-03-19T02:08:52.000Z","volume":1000,"price":27.75,"category":"rbear"},{"type":"B","date":"2018-03-19T02:04:00.000Z","volume":1000,"price":27.75,"category":"rbear"},{"type":"B","date":"2018-03-19T02:03:00.000Z","volume":1000,"price":27.75,"category":"rbear"},{"type":"B","date":"2018-03-19T02:02:20.000Z","volume":1000,"price":27.75,"category":"rbear"},{"type":"B","date":"2018-03-19T02:00:48.000Z","volume":1000,"price":27.75,"category":"rbear"},{"type":"B","date":"2018-03-19T02:00:08.000Z","volume":1000,"price":27.75,"category":"rbear"},{"type":"B","date":"2018-03-19T01:59:55.000Z","volume":1000,"price":27.75,"category":"rbear"},{"type":"B","date":"2018-03-19T01:55:18.000Z","volume":1000,"price":27.7,"category":"rbear"},{"type":"B","date":"2018-03-19T01:53:42.000Z","volume":1000,"price":27.7,"category":"rbear"},{"type":"B","date":"2018-03-19T01:53:34.000Z","volume":1000,"price":27.7,"category":"rbear"},{"type":"B","date":"2018-03-19T01:53:34.000Z","volume":1000,"price":27.7,"category":"rbear"},{"type":"B","date":"2018-03-19T01:48:44.000Z","volume":1000,"price":27.7,"category":"rbear"},{"type":"B","date":"2018-03-19T01:48:42.000Z","volume":1000,"price":27.65,"category":"rbear"},{"type":"B","date":"2018-03-19T01:47:36.000Z","volume":1000,"price":27.7,"category":"rbear"},{"type":"B","date":"2018-03-19T01:47:36.000Z","volume":1000,"price":27.7,"category":"rbear"},{"type":"B","date":"2018-03-19T01:47:36.000Z","volume":1000,"price":27.7,"category":"rbear"},{"type":"B","date":"2018-03-19T01:47:13.000Z","volume":1000,"price":27.65,"category":"rbear"},{"type":"B","date":"2018-03-19T01:47:10.000Z","volume":1000,"price":27.7,"category":"rbear"},{"type":"B","date":"2018-03-19T01:47:10.000Z","volume":1000,"price":27.7,"category":"rbear"},{"type":"B","date":"2018-03-19T01:46:54.000Z","volume":1000,"price":27.7,"category":"rbear"},{"type":"B","date":"2018-03-19T01:46:47.000Z","volume":1000,"price":27.7,"category":"rbear"},{"type":"B","date":"2018-03-19T01:45:08.000Z","volume":1000,"price":27.8,"category":"rbear"},{"type":"B","date":"2018-03-19T01:45:07.000Z","volume":1000,"price":27.8,"category":"rbear"},{"type":"B","date":"2018-03-19T01:45:06.000Z","volume":1000,"price":27.8,"category":"rbear"},{"type":"B","date":"2018-03-19T01:43:11.000Z","volume":1000,"price":27.75,"category":"rbear"},{"type":"B","date":"2018-03-19T01:42:50.000Z","volume":1000,"price":27.75,"category":"rbear"},{"type":"B","date":"2018-03-19T01:42:48.000Z","volume":1000,"price":27.75,"category":"rbear"},{"type":"B","date":"2018-03-19T01:40:59.000Z","volume":1000,"price":27.7,"category":"rbear"},{"type":"B","date":"2018-03-19T01:40:30.000Z","volume":1000,"price":27.7,"category":"rbear"},{"type":"B","date":"2018-03-19T01:40:13.000Z","volume":1000,"price":27.7,"category":"rbear"},{"type":"B","date":"2018-03-19T01:39:34.000Z","volume":1000,"price":27.7,"category":"rbear"},{"type":"B","date":"2018-03-19T01:35:07.000Z","volume":1000,"price":27.65,"category":"rbear"},{"type":"B","date":"2018-03-19T01:35:07.000Z","volume":1000,"price":27.65,"category":"rbear"},{"type":"B","date":"2018-03-19T01:32:13.000Z","volume":1000,"price":27.7,"category":"rbear"},{"type":"B","date":"2018-03-19T01:32:11.000Z","volume":1000,"price":27.75,"category":"rbear"},{"type":"B","date":"2018-03-19T01:32:11.000Z","volume":1000,"price":27.75,"category":"rbear"},{"type":"B","date":"2018-03-19T01:32:03.000Z","volume":1000,"price":27.8,"category":"rbear"},{"type":"B","date":"2018-03-19T01:32:01.000Z","volume":1000,"price":27.85,"category":"rbear"},{"type":"B","date":"2018-03-19T01:32:01.000Z","volume":1000,"price":27.85,"category":"rbear"},{"type":"B","date":"2018-03-19T01:30:39.000Z","volume":1000,"price":27.8,"category":"rbear"},{"type":"B","date":"2018-03-19T01:30:27.000Z","volume":1000,"price":27.8,"category":"rbear"},{"type":"B","date":"2018-03-19T01:30:25.000Z","volume":1000,"price":27.8,"category":"rbear"},{"type":"B","date":"2018-03-19T01:30:15.000Z","volume":1000,"price":27.8,"category":"rbear"},{"type":"B","date":"2018-03-19T01:30:06.000Z","volume":1000,"price":27.8,"category":"rbear"},{"type":"B","date":"2018-03-19T01:30:03.000Z","volume":1000,"price":27.8,"category":"rbear"},{"type":"B","date":"2018-03-19T07:59:23.000Z","volume":4000,"price":27.9,"category":"bbear"},{"type":"B","date":"2018-03-19T07:58:30.000Z","volume":4000,"price":27.9,"category":"bbear"},{"type":"B","date":"2018-03-19T07:57:22.000Z","volume":4000,"price":27.9,"category":"bbear"},{"type":"B","date":"2018-03-19T07:57:22.000Z","volume":7000,"price":27.95,"category":"bbear"},{"type":"B","date":"2018-03-19T07:54:48.000Z","volume":5000,"price":27.95,"category":"bbear"},{"type":"B","date":"2018-03-19T07:51:45.000Z","volume":8000,"price":27.95,"category":"bbear"},{"type":"B","date":"2018-03-19T07:44:07.000Z","volume":4000,"price":27.9,"category":"bbear"},{"type":"B","date":"2018-03-19T07:41:38.000Z","volume":8000,"price":27.9,"category":"bbear"},{"type":"B","date":"2018-03-19T07:16:57.000Z","volume":6000,"price":27.9,"category":"bbear"},{"type":"B","date":"2018-03-19T07:06:24.000Z","volume":5000,"price":27.9,"category":"bbear"},{"type":"B","date":"2018-03-19T06:52:16.000Z","volume":6000,"price":27.8,"category":"bbear"},{"type":"B","date":"2018-03-19T06:48:42.000Z","volume":5000,"price":27.8,"category":"bbear"},{"type":"B","date":"2018-03-19T06:44:51.000Z","volume":6000,"price":27.8,"category":"bbear"},{"type":"B","date":"2018-03-19T05:42:01.000Z","volume":5000,"price":27.8,"category":"bbear"},{"type":"B","date":"2018-03-19T05:36:11.000Z","volume":5000,"price":27.8,"category":"bbear"},{"type":"B","date":"2018-03-19T05:31:52.000Z","volume":5000,"price":27.8,"category":"bbear"},{"type":"B","date":"2018-03-19T05:16:24.000Z","volume":5000,"price":27.8,"category":"bbear"},{"type":"B","date":"2018-03-19T05:13:59.000Z","volume":7000,"price":27.85,"category":"bbear"},{"type":"B","date":"2018-03-19T05:09:16.000Z","volume":4000,"price":27.85,"category":"bbear"},{"type":"B","date":"2018-03-19T05:06:45.000Z","volume":5000,"price":27.9,"category":"bbear"},{"type":"B","date":"2018-03-19T05:01:29.000Z","volume":9000,"price":27.9,"category":"bbear"},{"type":"B","date":"2018-03-19T05:01:15.000Z","volume":7000,"price":27.95,"category":"bbear"},{"type":"B","date":"2018-03-19T05:00:16.000Z","volume":6000,"price":27.95,"category":"bbear"},{"type":"B","date":"2018-03-19T05:00:14.000Z","volume":6000,"price":27.95,"category":"bbear"},{"type":"B","date":"2018-03-19T03:28:15.000Z","volume":8000,"price":27.85,"category":"bbear"},{"type":"B","date":"2018-03-19T03:17:14.000Z","volume":9000,"price":27.95,"category":"bbear"},{"type":"B","date":"2018-03-19T03:13:56.000Z","volume":7000,"price":27.9,"category":"bbear"},{"type":"B","date":"2018-03-19T02:40:25.000Z","volume":6000,"price":27.75,"category":"bbear"},{"type":"B","date":"2018-03-19T02:29:57.000Z","volume":4000,"price":27.8,"category":"bbear"},{"type":"B","date":"2018-03-19T02:29:57.000Z","volume":5000,"price":27.8,"category":"bbear"},{"type":"B","date":"2018-03-19T02:29:22.000Z","volume":5000,"price":27.8,"category":"bbear"},{"type":"B","date":"2018-03-19T02:00:20.000Z","volume":5000,"price":27.75,"category":"bbear"},{"type":"B","date":"2018-03-19T01:58:41.000Z","volume":4000,"price":27.75,"category":"bbear"},{"type":"B","date":"2018-03-19T01:55:36.000Z","volume":7000,"price":27.7,"category":"bbear"},{"type":"B","date":"2018-03-19T01:50:43.000Z","volume":5000,"price":27.65,"category":"bbear"},{"type":"B","date":"2018-03-19T01:48:47.000Z","volume":7000,"price":27.7,"category":"bbear"},{"type":"B","date":"2018-03-19T01:47:37.000Z","volume":4000,"price":27.7,"category":"bbear"},{"type":"B","date":"2018-03-19T01:46:46.000Z","volume":7000,"price":27.7,"category":"bbear"},{"type":"B","date":"2018-03-19T01:46:45.000Z","volume":4000,"price":27.7,"category":"bbear"},{"type":"B","date":"2018-03-19T01:46:44.000Z","volume":8000,"price":27.75,"category":"bbear"},{"type":"B","date":"2018-03-19T01:45:12.000Z","volume":7000,"price":27.8,"category":"bbear"},{"type":"B","date":"2018-03-19T01:45:09.000Z","volume":4000,"price":27.75,"category":"bbear"},{"type":"B","date":"2018-03-19T01:45:09.000Z","volume":4000,"price":27.75,"category":"bbear"},{"type":"B","date":"2018-03-19T01:45:08.000Z","volume":5000,"price":27.8,"category":"bbear"},{"type":"B","date":"2018-03-19T01:45:08.000Z","volume":4000,"price":27.8,"category":"bbear"},{"type":"B","date":"2018-03-19T01:43:47.000Z","volume":4000,"price":27.75,"category":"bbear"},{"type":"B","date":"2018-03-19T01:42:48.000Z","volume":5000,"price":27.75,"category":"bbear"},{"type":"B","date":"2018-03-19T01:42:48.000Z","volume":8000,"price":27.75,"category":"bbear"},{"type":"B","date":"2018-03-19T01:42:24.000Z","volume":4000,"price":27.7,"category":"bbear"},{"type":"B","date":"2018-03-19T01:40:13.000Z","volume":4000,"price":27.7,"category":"bbear"},{"type":"B","date":"2018-03-19T01:32:19.000Z","volume":4000,"price":27.7,"category":"bbear"},{"type":"B","date":"2018-03-19T01:32:14.000Z","volume":6000,"price":27.65,"category":"bbear"},{"type":"B","date":"2018-03-19T01:32:13.000Z","volume":6000,"price":27.7,"category":"bbear"},{"type":"B","date":"2018-03-19T01:32:12.000Z","volume":9000,"price":27.7,"category":"bbear"},{"type":"B","date":"2018-03-19T01:32:07.000Z","volume":8000,"price":27.75,"category":"bbear"},{"type":"B","date":"2018-03-19T01:32:05.000Z","volume":6000,"price":27.75,"category":"bbear"},{"type":"B","date":"2018-03-19T01:32:03.000Z","volume":8000,"price":27.8,"category":"bbear"},{"type":"B","date":"2018-03-19T01:32:01.000Z","volume":6000,"price":27.85,"category":"bbear"},{"type":"B","date":"2018-03-19T01:32:01.000Z","volume":4000,"price":27.85,"category":"bbear"},{"type":"B","date":"2018-03-19T01:31:00.000Z","volume":5000,"price":27.85,"category":"bbear"},{"type":"B","date":"2018-03-19T07:59:51.000Z","volume":31000,"price":27.9,"category":"ubbear"},{"type":"B","date":"2018-03-19T07:57:22.000Z","volume":12000,"price":27.95,"category":"ubbear"},{"type":"B","date":"2018-03-19T07:48:14.000Z","volume":11000,"price":27.9,"category":"ubbear"},{"type":"B","date":"2018-03-19T07:44:28.000Z","volume":16000,"price":27.85,"category":"ubbear"},{"type":"B","date":"2018-03-19T07:44:27.000Z","volume":31000,"price":27.85,"category":"ubbear"},{"type":"B","date":"2018-03-19T07:44:26.000Z","volume":38000,"price":27.9,"category":"ubbear"},{"type":"B","date":"2018-03-19T07:44:26.000Z","volume":57000,"price":27.9,"category":"ubbear"},{"type":"B","date":"2018-03-19T07:44:26.000Z","volume":75000,"price":27.9,"category":"ubbear"},{"type":"B","date":"2018-03-19T07:35:54.000Z","volume":27000,"price":27.95,"category":"ubbear"},{"type":"B","date":"2018-03-19T07:35:54.000Z","volume":50000,"price":27.95,"category":"ubbear"},{"type":"B","date":"2018-03-19T07:32:35.000Z","volume":31000,"price":28,"category":"ubbear"},{"type":"B","date":"2018-03-19T07:32:35.000Z","volume":16000,"price":28,"category":"ubbear"},{"type":"B","date":"2018-03-19T07:14:31.000Z","volume":62000,"price":27.9,"category":"ubbear"},{"type":"B","date":"2018-03-19T07:07:10.000Z","volume":50000,"price":27.85,"category":"ubbear"},{"type":"B","date":"2018-03-19T07:05:22.000Z","volume":16000,"price":27.85,"category":"ubbear"},{"type":"B","date":"2018-03-19T07:00:42.000Z","volume":16000,"price":27.85,"category":"ubbear"},{"type":"B","date":"2018-03-19T06:55:53.000Z","volume":33000,"price":27.85,"category":"ubbear"},{"type":"B","date":"2018-03-19T06:44:51.000Z","volume":70000,"price":27.85,"category":"ubbear"},{"type":"B","date":"2018-03-19T05:28:25.000Z","volume":50000,"price":27.8,"category":"ubbear"},{"type":"B","date":"2018-03-19T05:16:23.000Z","volume":11000,"price":27.8,"category":"ubbear"},{"type":"B","date":"2018-03-19T05:16:23.000Z","volume":71000,"price":27.85,"category":"ubbear"},{"type":"B","date":"2018-03-19T05:09:15.000Z","volume":10000,"price":27.85,"category":"ubbear"},{"type":"B","date":"2018-03-19T05:09:15.000Z","volume":66000,"price":27.9,"category":"ubbear"},{"type":"B","date":"2018-03-19T05:00:17.000Z","volume":13000,"price":27.95,"category":"ubbear"},{"type":"B","date":"2018-03-19T05:00:12.000Z","volume":13000,"price":27.95,"category":"ubbear"},{"type":"B","date":"2018-03-19T05:00:12.000Z","volume":14000,"price":27.95,"category":"ubbear"},{"type":"B","date":"2018-03-19T03:42:20.000Z","volume":23000,"price":27.9,"category":"ubbear"},{"type":"B","date":"2018-03-19T03:28:14.000Z","volume":55000,"price":27.9,"category":"ubbear"},{"type":"B","date":"2018-03-19T03:26:36.000Z","volume":10000,"price":27.9,"category":"ubbear"},{"type":"B","date":"2018-03-19T03:26:29.000Z","volume":19000,"price":27.95,"category":"ubbear"},{"type":"B","date":"2018-03-19T03:17:32.000Z","volume":16000,"price":27.95,"category":"ubbear"},{"type":"B","date":"2018-03-19T02:50:53.000Z","volume":10000,"price":27.8,"category":"ubbear"},{"type":"B","date":"2018-03-19T02:40:24.000Z","volume":10000,"price":27.75,"category":"ubbear"},{"type":"B","date":"2018-03-19T02:40:24.000Z","volume":11000,"price":27.75,"category":"ubbear"},{"type":"B","date":"2018-03-19T02:40:22.000Z","volume":74000,"price":27.8,"category":"ubbear"},{"type":"B","date":"2018-03-19T02:30:18.000Z","volume":10000,"price":27.75,"category":"ubbear"},{"type":"B","date":"2018-03-19T02:29:22.000Z","volume":20000,"price":27.8,"category":"ubbear"},{"type":"B","date":"2018-03-19T02:25:27.000Z","volume":10000,"price":27.75,"category":"ubbear"},{"type":"B","date":"2018-03-19T02:08:59.000Z","volume":15000,"price":27.75,"category":"ubbear"},{"type":"B","date":"2018-03-19T02:08:22.000Z","volume":21000,"price":27.75,"category":"ubbear"},{"type":"B","date":"2018-03-19T02:06:54.000Z","volume":10000,"price":27.75,"category":"ubbear"},{"type":"B","date":"2018-03-19T01:56:59.000Z","volume":11000,"price":27.75,"category":"ubbear"},{"type":"B","date":"2018-03-19T01:53:34.000Z","volume":16000,"price":27.7,"category":"ubbear"},{"type":"B","date":"2018-03-19T01:53:34.000Z","volume":33000,"price":27.7,"category":"ubbear"},{"type":"B","date":"2018-03-19T01:53:33.000Z","volume":29000,"price":27.7,"category":"ubbear"},{"type":"B","date":"2018-03-19T01:50:42.000Z","volume":11000,"price":27.65,"category":"ubbear"},{"type":"B","date":"2018-03-19T01:50:41.000Z","volume":26000,"price":27.65,"category":"ubbear"},{"type":"B","date":"2018-03-19T01:50:41.000Z","volume":52000,"price":27.7,"category":"ubbear"},{"type":"B","date":"2018-03-19T01:50:41.000Z","volume":15000,"price":27.7,"category":"ubbear"},{"type":"B","date":"2018-03-19T01:50:41.000Z","volume":85000,"price":27.7,"category":"ubbear"},{"type":"B","date":"2018-03-19T01:47:10.000Z","volume":30000,"price":27.7,"category":"ubbear"},{"type":"B","date":"2018-03-19T01:46:44.000Z","volume":20000,"price":27.75,"category":"ubbear"},{"type":"B","date":"2018-03-19T01:32:49.000Z","volume":11000,"price":27.7,"category":"ubbear"},{"type":"B","date":"2018-03-19T01:32:13.000Z","volume":11000,"price":27.7,"category":"ubbear"},{"type":"B","date":"2018-03-19T01:32:11.000Z","volume":58000,"price":27.75,"category":"ubbear"},{"type":"B","date":"2018-03-19T01:32:03.000Z","volume":15000,"price":27.8,"category":"ubbear"},{"type":"B","date":"2018-03-19T01:32:03.000Z","volume":21000,"price":27.8,"category":"ubbear"},{"type":"B","date":"2018-03-19T01:32:01.000Z","volume":18000,"price":27.85,"category":"ubbear"}]