[{"type":"B","date":"2018-03-28T01:30:05.000Z","volume":16000,"label":" ","price":0.61},{"type":"B","date":"2018-03-28T01:30:05.000Z","volume":4000,"label":" ","price":0.61},{"type":"B","date":"2018-03-28T01:36:05.000Z","volume":2000,"label":" ","price":0.61},{"type":"A","date":"2018-03-28T01:52:16.000Z","volume":2000,"label":" ","price":0.62},{"type":"A","date":"2018-03-28T02:00:04.000Z","volume":2000,"label":" ","price":0.62},{"type":"A","date":"2018-03-28T02:00:04.000Z","volume":2000,"label":" ","price":0.62},{"type":"B","date":"2018-03-28T02:00:06.000Z","volume":2000,"label":" ","price":0.61},{"type":"A","date":"2018-03-28T02:19:34.000Z","volume":2000,"label":" ","price":0.62},{"type":"A","date":"2018-03-28T02:33:34.000Z","volume":2000,"label":" ","price":0.62},{"type":"A","date":"2018-03-28T02:33:34.000Z","volume":2000,"label":" ","price":0.62},{"type":"A","date":"2018-03-28T02:52:34.000Z","volume":2000,"label":" ","price":0.62},{"type":"A","date":"2018-03-28T02:52:34.000Z","volume":2000,"label":" ","price":0.62},{"type":"A","date":"2018-03-28T03:11:49.000Z","volume":2000,"label":" ","price":0.62},{"type":"A","date":"2018-03-28T03:13:52.000Z","volume":2000,"label":" ","price":0.62},{"type":"A","date":"2018-03-28T03:13:54.000Z","volume":2000,"label":" ","price":0.62},{"type":"A","date":"2018-03-28T03:22:19.000Z","volume":6000,"label":" ","price":0.62},{"type":"A","date":"2018-03-28T03:23:56.000Z","volume":2000,"label":" ","price":0.62},{"type":"A","date":"2018-03-28T03:32:57.000Z","volume":2000,"label":" ","price":0.62},{"type":"B","date":"2018-03-28T03:36:50.000Z","volume":20000,"label":" ","price":0.61},{"type":"B","date":"2018-03-28T03:37:06.000Z","volume":40000,"label":" ","price":0.61},{"type":"A","date":"2018-03-28T03:37:10.000Z","volume":4000,"label":" ","price":0.62},{"type":"A","date":"2018-03-28T03:41:19.000Z","volume":2000,"label":" ","price":0.62},{"type":"A","date":"2018-03-28T03:41:58.000Z","volume":2000,"label":" ","price":0.62},{"type":"B","date":"2018-03-28T03:45:25.000Z","volume":40000,"label":" ","price":0.61},{"type":"A","date":"2018-03-28T03:45:25.000Z","volume":4000,"label":" ","price":0.62},{"type":"A","date":"2018-03-28T03:47:34.000Z","volume":2000,"label":" ","price":0.62},{"type":"A","date":"2018-03-28T03:50:11.000Z","volume":2000,"label":" ","price":0.62},{"type":"A","date":"2018-03-28T03:52:01.000Z","volume":2000,"label":" ","price":0.62},{"type":"A","date":"2018-03-28T03:58:41.000Z","volume":2000,"label":" ","price":0.62},{"type":"A","date":"2018-03-28T03:58:44.000Z","volume":2000,"label":" ","price":0.62},{"type":"B","date":"2018-03-28T05:00:08.000Z","volume":86000,"label":" ","price":0.61},{"type":"A","date":"2018-03-28T05:00:08.000Z","volume":8000,"label":" ","price":0.62},{"type":"A","date":"2018-03-28T05:01:04.000Z","volume":2000,"label":" ","price":0.62},{"type":"A","date":"2018-03-28T05:02:13.000Z","volume":2000,"label":" ","price":0.62},{"type":"A","date":"2018-03-28T05:10:09.000Z","volume":2000,"label":" ","price":0.62},{"type":"B","date":"2018-03-28T05:11:17.000Z","volume":18000,"label":"Y","price":0.61},{"type":"B","date":"2018-03-28T05:11:17.000Z","volume":22000,"label":" ","price":0.61},{"type":"B","date":"2018-03-28T05:11:55.000Z","volume":50000,"label":" ","price":0.61},{"type":"B","date":"2018-03-28T05:12:56.000Z","volume":12000,"label":" ","price":0.61},{"type":"U","date":"2018-03-28T05:13:56.000Z","volume":1065,"label":"D","price":0.59},{"type":"B","date":"2018-03-28T05:14:01.000Z","volume":2000,"label":" ","price":0.61},{"type":"B","date":"2018-03-28T05:15:04.000Z","volume":2000,"label":" ","price":0.61},{"type":"B","date":"2018-03-28T05:16:00.000Z","volume":2000,"label":" ","price":0.61},{"type":"A","date":"2018-03-28T05:17:14.000Z","volume":2000,"label":" ","price":0.62},{"type":"A","date":"2018-03-28T05:17:32.000Z","volume":2000,"label":" ","price":0.62},{"type":"A","date":"2018-03-28T05:20:10.000Z","volume":2000,"label":" ","price":0.62},{"type":"B","date":"2018-03-28T05:23:43.000Z","volume":86000,"label":" ","price":0.61},{"type":"A","date":"2018-03-28T05:23:44.000Z","volume":4000,"label":" ","price":0.62},{"type":"A","date":"2018-03-28T05:27:02.000Z","volume":2000,"label":" ","price":0.62},{"type":"A","date":"2018-03-28T05:30:13.000Z","volume":2000,"label":" ","price":0.62},{"type":"A","date":"2018-03-28T05:36:32.000Z","volume":2000,"label":" ","price":0.62},{"type":"B","date":"2018-03-28T05:36:32.000Z","volume":20000,"label":" ","price":0.61},{"type":"A","date":"2018-03-28T05:36:34.000Z","volume":4000,"label":" ","price":0.62},{"type":"A","date":"2018-03-28T05:38:16.000Z","volume":2000,"label":" ","price":0.62},{"type":"A","date":"2018-03-28T05:38:45.000Z","volume":2000,"label":" ","price":0.62},{"type":"B","date":"2018-03-28T05:42:40.000Z","volume":18000,"label":" ","price":0.61},{"type":"A","date":"2018-03-28T05:42:41.000Z","volume":2000,"label":" ","price":0.62},{"type":"A","date":"2018-03-28T05:45:16.000Z","volume":2000,"label":" ","price":0.62},{"type":"A","date":"2018-03-28T05:46:02.000Z","volume":2000,"label":" ","price":0.62},{"type":"A","date":"2018-03-28T05:47:18.000Z","volume":2000,"label":" ","price":0.62},{"type":"A","date":"2018-03-28T05:52:16.000Z","volume":2000,"label":" ","price":0.62},{"type":"B","date":"2018-03-28T05:54:34.000Z","volume":22000,"label":" ","price":0.61},{"type":"A","date":"2018-03-28T05:54:34.000Z","volume":2000,"label":" ","price":0.62},{"type":"A","date":"2018-03-28T05:55:32.000Z","volume":6000,"label":" ","price":0.62},{"type":"A","date":"2018-03-28T05:58:20.000Z","volume":2000,"label":" ","price":0.62},{"type":"A","date":"2018-03-28T05:58:21.000Z","volume":2000,"label":" ","price":0.62},{"type":"A","date":"2018-03-28T05:58:46.000Z","volume":2000,"label":" ","price":0.62},{"type":"B","date":"2018-03-28T06:00:01.000Z","volume":184000,"label":" ","price":0.61},{"type":"B","date":"2018-03-28T06:00:01.000Z","volume":50000,"label":" ","price":0.61},{"type":"B","date":"2018-03-28T06:00:01.000Z","volume":24000,"label":" ","price":0.61},{"type":"A","date":"2018-03-28T06:00:03.000Z","volume":8000,"label":" ","price":0.62},{"type":"A","date":"2018-03-28T06:07:22.000Z","volume":2000,"label":" ","price":0.62},{"type":"A","date":"2018-03-28T06:20:48.000Z","volume":2000,"label":" ","price":0.62},{"type":"A","date":"2018-03-28T06:24:48.000Z","volume":2000,"label":" ","price":0.62},{"type":"A","date":"2018-03-28T06:28:47.000Z","volume":2000,"label":" ","price":0.62},{"type":"A","date":"2018-03-28T06:28:48.000Z","volume":2000,"label":" ","price":0.62},{"type":"A","date":"2018-03-28T06:33:49.000Z","volume":2000,"label":" ","price":0.62},{"type":"A","date":"2018-03-28T06:37:47.000Z","volume":2000,"label":" ","price":0.62},{"type":"A","date":"2018-03-28T06:38:30.000Z","volume":2000,"label":" ","price":0.62},{"type":"A","date":"2018-03-28T06:43:42.000Z","volume":2000,"label":" ","price":0.62},{"type":"A","date":"2018-03-28T06:46:47.000Z","volume":2000,"label":" ","price":0.62},{"type":"A","date":"2018-03-28T06:46:51.000Z","volume":2000,"label":" ","price":0.62},{"type":"A","date":"2018-03-28T06:48:44.000Z","volume":2000,"label":" ","price":0.62},{"type":"A","date":"2018-03-28T06:53:37.000Z","volume":2000,"label":" ","price":0.62},{"type":"A","date":"2018-03-28T06:58:20.000Z","volume":2000,"label":" ","price":0.62},{"type":"A","date":"2018-03-28T07:01:32.000Z","volume":2000,"label":" ","price":0.62},{"type":"A","date":"2018-03-28T07:03:20.000Z","volume":2000,"label":" ","price":0.62},{"type":"A","date":"2018-03-28T07:09:47.000Z","volume":2000,"label":" ","price":0.62},{"type":"A","date":"2018-03-28T07:18:02.000Z","volume":2000,"label":" ","price":0.62},{"type":"A","date":"2018-03-28T07:26:17.000Z","volume":2000,"label":" ","price":0.62},{"type":"B","date":"2018-03-28T07:31:26.000Z","volume":14000,"label":" ","price":0.61},{"type":"A","date":"2018-03-28T07:31:27.000Z","volume":2000,"label":" ","price":0.62},{"type":"A","date":"2018-03-28T07:34:32.000Z","volume":2000,"label":" ","price":0.62},{"type":"A","date":"2018-03-28T07:42:47.000Z","volume":2000,"label":" ","price":0.62},{"type":"A","date":"2018-03-28T07:59:02.000Z","volume":2000,"label":" ","price":0.62},{"type":"U","date":"2018-03-28T08:08:42.000Z","volume":2000,"label":"U","price":0.62}]