[{"type":"A","date":"2018-03-28T01:30:08.000Z","volume":1000,"label":" ","price":30.9},{"type":"B","date":"2018-03-28T01:30:40.000Z","volume":500,"label":" ","price":30.8},{"type":"A","date":"2018-03-28T01:33:31.000Z","volume":1500,"label":" ","price":30.9},{"type":"B","date":"2018-03-28T01:34:03.000Z","volume":500,"label":" ","price":30.8},{"type":"B","date":"2018-03-28T01:42:23.000Z","volume":500,"label":" ","price":30.8},{"type":"B","date":"2018-03-28T01:44:42.000Z","volume":500,"label":" ","price":30.85},{"type":"B","date":"2018-03-28T01:45:18.000Z","volume":500,"label":" ","price":30.85},{"type":"B","date":"2018-03-28T01:52:21.000Z","volume":500,"label":" ","price":30.85},{"type":"B","date":"2018-03-28T01:52:25.000Z","volume":500,"label":" ","price":30.85},{"type":"U","date":"2018-03-28T01:55:38.000Z","volume":500,"label":"X","price":30.85},{"type":"B","date":"2018-03-28T02:02:06.000Z","volume":2000,"label":" ","price":30.8},{"type":"B","date":"2018-03-28T02:02:06.000Z","volume":500,"label":" ","price":30.8},{"type":"B","date":"2018-03-28T02:03:13.000Z","volume":500,"label":" ","price":30.8},{"type":"U","date":"2018-03-28T02:03:13.000Z","volume":500,"label":"X","price":30.85},{"type":"B","date":"2018-03-28T02:03:16.000Z","volume":500,"label":" ","price":30.8},{"type":"B","date":"2018-03-28T02:05:05.000Z","volume":500,"label":" ","price":30.8},{"type":"A","date":"2018-03-28T02:05:12.000Z","volume":500,"label":" ","price":30.85},{"type":"B","date":"2018-03-28T02:06:08.000Z","volume":500,"label":" ","price":30.8},{"type":"B","date":"2018-03-28T02:06:08.000Z","volume":500,"label":" ","price":30.8},{"type":"B","date":"2018-03-28T02:07:03.000Z","volume":1000,"label":" ","price":30.8},{"type":"U","date":"2018-03-28T02:10:28.000Z","volume":500,"label":" ","price":30.85},{"type":"B","date":"2018-03-28T02:10:28.000Z","volume":1000,"label":" ","price":30.8},{"type":"U","date":"2018-03-28T02:10:29.000Z","volume":500,"label":"X","price":30.85},{"type":"B","date":"2018-03-28T02:17:13.000Z","volume":500,"label":" ","price":30.8},{"type":"U","date":"2018-03-28T02:17:46.000Z","volume":500,"label":" ","price":30.85},{"type":"B","date":"2018-03-28T02:19:05.000Z","volume":500,"label":" ","price":30.8},{"type":"B","date":"2018-03-28T02:23:22.000Z","volume":500,"label":" ","price":30.8},{"type":"A","date":"2018-03-28T02:24:37.000Z","volume":500,"label":" ","price":30.9},{"type":"B","date":"2018-03-28T02:28:22.000Z","volume":500,"label":" ","price":30.85},{"type":"B","date":"2018-03-28T02:28:43.000Z","volume":1000,"label":" ","price":30.85},{"type":"B","date":"2018-03-28T02:29:06.000Z","volume":500,"label":" ","price":30.85},{"type":"B","date":"2018-03-28T02:29:43.000Z","volume":500,"label":" ","price":30.85},{"type":"U","date":"2018-03-28T02:32:38.000Z","volume":500,"label":"X","price":30.85},{"type":"B","date":"2018-03-28T02:35:07.000Z","volume":500,"label":" ","price":30.8},{"type":"B","date":"2018-03-28T02:35:36.000Z","volume":1000,"label":" ","price":30.85},{"type":"B","date":"2018-03-28T02:49:51.000Z","volume":500,"label":" ","price":30.85},{"type":"B","date":"2018-03-28T02:49:52.000Z","volume":500,"label":" ","price":30.85},{"type":"B","date":"2018-03-28T02:52:33.000Z","volume":500,"label":" ","price":30.8},{"type":"B","date":"2018-03-28T02:52:45.000Z","volume":500,"label":" ","price":30.8},{"type":"B","date":"2018-03-28T02:53:37.000Z","volume":500,"label":" ","price":30.85},{"type":"B","date":"2018-03-28T02:53:58.000Z","volume":500,"label":" ","price":30.85},{"type":"U","date":"2018-03-28T02:54:29.000Z","volume":500,"label":"X","price":30.85},{"type":"U","date":"2018-03-28T02:54:30.000Z","volume":500,"label":"X","price":30.85},{"type":"B","date":"2018-03-28T03:10:52.000Z","volume":500,"label":" ","price":30.8},{"type":"B","date":"2018-03-28T03:12:15.000Z","volume":500,"label":" ","price":30.8},{"type":"U","date":"2018-03-28T03:19:51.000Z","volume":500,"label":" ","price":30.85},{"type":"B","date":"2018-03-28T03:21:13.000Z","volume":500,"label":" ","price":30.8},{"type":"U","date":"2018-03-28T03:26:55.000Z","volume":500,"label":" ","price":30.85},{"type":"B","date":"2018-03-28T03:30:38.000Z","volume":500,"label":" ","price":30.8},{"type":"U","date":"2018-03-28T03:30:39.000Z","volume":500,"label":"X","price":30.85},{"type":"U","date":"2018-03-28T03:30:39.000Z","volume":500,"label":"X","price":30.85},{"type":"B","date":"2018-03-28T03:32:49.000Z","volume":500,"label":" ","price":30.8},{"type":"B","date":"2018-03-28T03:34:16.000Z","volume":500,"label":" ","price":30.8},{"type":"A","date":"2018-03-28T03:40:09.000Z","volume":500,"label":" ","price":30.9},{"type":"B","date":"2018-03-28T03:42:10.000Z","volume":500,"label":" ","price":30.8},{"type":"U","date":"2018-03-28T03:44:21.000Z","volume":1000,"label":" ","price":30.85},{"type":"B","date":"2018-03-28T03:50:25.000Z","volume":500,"label":" ","price":30.85},{"type":"B","date":"2018-03-28T03:51:03.000Z","volume":500,"label":" ","price":30.85},{"type":"B","date":"2018-03-28T03:52:46.000Z","volume":500,"label":" ","price":30.8},{"type":"B","date":"2018-03-28T03:54:09.000Z","volume":500,"label":" ","price":30.8},{"type":"B","date":"2018-03-28T03:57:17.000Z","volume":500,"label":" ","price":30.85},{"type":"B","date":"2018-03-28T03:57:55.000Z","volume":500,"label":" ","price":30.85},{"type":"B","date":"2018-03-28T03:58:09.000Z","volume":1500,"label":" ","price":30.85},{"type":"U","date":"2018-03-28T03:59:35.000Z","volume":500,"label":"X","price":30.85},{"type":"A","date":"2018-03-28T05:01:20.000Z","volume":1000,"label":" ","price":30.9},{"type":"A","date":"2018-03-28T05:01:23.000Z","volume":500,"label":" ","price":30.9},{"type":"A","date":"2018-03-28T05:09:57.000Z","volume":1500,"label":" ","price":30.9},{"type":"A","date":"2018-03-28T05:09:58.000Z","volume":500,"label":" ","price":30.9},{"type":"A","date":"2018-03-28T05:15:41.000Z","volume":500,"label":" ","price":30.95},{"type":"U","date":"2018-03-28T05:17:42.000Z","volume":500,"label":"X","price":30.9},{"type":"B","date":"2018-03-28T05:19:15.000Z","volume":3000,"label":" ","price":30.9},{"type":"B","date":"2018-03-28T05:20:40.000Z","volume":500,"label":" ","price":30.9},{"type":"U","date":"2018-03-28T05:21:58.000Z","volume":500,"label":"X","price":30.9},{"type":"B","date":"2018-03-28T05:34:54.000Z","volume":500,"label":" ","price":30.85},{"type":"B","date":"2018-03-28T05:36:28.000Z","volume":500,"label":" ","price":30.85},{"type":"B","date":"2018-03-28T05:37:42.000Z","volume":500,"label":" ","price":30.85},{"type":"B","date":"2018-03-28T05:48:45.000Z","volume":500,"label":" ","price":30.85},{"type":"B","date":"2018-03-28T05:54:12.000Z","volume":1000,"label":" ","price":30.9},{"type":"B","date":"2018-03-28T05:59:19.000Z","volume":6000,"label":" ","price":30.85},{"type":"B","date":"2018-03-28T06:00:26.000Z","volume":500,"label":" ","price":30.85},{"type":"B","date":"2018-03-28T06:00:26.000Z","volume":1000,"label":" ","price":30.85},{"type":"B","date":"2018-03-28T06:00:28.000Z","volume":1000,"label":" ","price":30.85},{"type":"U","date":"2018-03-28T06:05:02.000Z","volume":500,"label":"X","price":30.85},{"type":"B","date":"2018-03-28T06:06:08.000Z","volume":500,"label":" ","price":30.85},{"type":"B","date":"2018-03-28T06:06:19.000Z","volume":1000,"label":" ","price":30.85},{"type":"B","date":"2018-03-28T06:12:57.000Z","volume":500,"label":" ","price":30.85},{"type":"B","date":"2018-03-28T06:13:14.000Z","volume":500,"label":" ","price":30.85},{"type":"B","date":"2018-03-28T06:13:44.000Z","volume":500,"label":" ","price":30.85},{"type":"B","date":"2018-03-28T06:16:25.000Z","volume":500,"label":" ","price":30.85},{"type":"U","date":"2018-03-28T06:21:03.000Z","volume":1000,"label":" ","price":30.85},{"type":"B","date":"2018-03-28T06:21:13.000Z","volume":500,"label":" ","price":30.8},{"type":"U","date":"2018-03-28T06:26:38.000Z","volume":500,"label":"X","price":30.85},{"type":"B","date":"2018-03-28T06:28:23.000Z","volume":500,"label":" ","price":30.8},{"type":"A","date":"2018-03-28T06:29:21.000Z","volume":500,"label":" ","price":30.9},{"type":"A","date":"2018-03-28T06:35:22.000Z","volume":1000,"label":" ","price":30.9},{"type":"B","date":"2018-03-28T06:38:01.000Z","volume":500,"label":" ","price":30.85},{"type":"B","date":"2018-03-28T06:41:15.000Z","volume":500,"label":" ","price":30.85},{"type":"B","date":"2018-03-28T06:41:15.000Z","volume":1000,"label":" ","price":30.85},{"type":"U","date":"2018-03-28T06:42:51.000Z","volume":1000,"label":" ","price":30.85},{"type":"U","date":"2018-03-28T06:47:14.000Z","volume":500,"label":"X","price":30.85},{"type":"A","date":"2018-03-28T06:47:25.000Z","volume":3500,"label":" ","price":30.9},{"type":"B","date":"2018-03-28T06:48:22.000Z","volume":1500,"label":" ","price":30.9},{"type":"B","date":"2018-03-28T06:48:31.000Z","volume":500,"label":" ","price":30.9},{"type":"A","date":"2018-03-28T06:48:52.000Z","volume":500,"label":" ","price":30.95},{"type":"B","date":"2018-03-28T06:49:05.000Z","volume":500,"label":" ","price":30.9},{"type":"B","date":"2018-03-28T06:55:46.000Z","volume":500,"label":" ","price":30.9},{"type":"B","date":"2018-03-28T07:09:22.000Z","volume":500,"label":" ","price":30.9},{"type":"A","date":"2018-03-28T07:10:18.000Z","volume":500,"label":" ","price":30.95},{"type":"U","date":"2018-03-28T07:13:06.000Z","volume":500,"label":"X","price":30.925},{"type":"B","date":"2018-03-28T07:14:46.000Z","volume":500,"label":" ","price":30.9},{"type":"B","date":"2018-03-28T07:23:47.000Z","volume":1000,"label":" ","price":30.9},{"type":"A","date":"2018-03-28T07:26:04.000Z","volume":1000,"label":" ","price":30.95},{"type":"B","date":"2018-03-28T07:36:17.000Z","volume":3000,"label":" ","price":30.9},{"type":"B","date":"2018-03-28T07:36:20.000Z","volume":1500,"label":" ","price":30.9},{"type":"U","date":"2018-03-28T07:36:27.000Z","volume":500,"label":"X","price":30.925},{"type":"B","date":"2018-03-28T07:37:19.000Z","volume":500,"label":" ","price":30.9},{"type":"B","date":"2018-03-28T07:39:53.000Z","volume":500,"label":" ","price":30.9},{"type":"B","date":"2018-03-28T07:40:41.000Z","volume":3000,"label":" ","price":30.9},{"type":"B","date":"2018-03-28T07:45:47.000Z","volume":500,"label":" ","price":30.9},{"type":"B","date":"2018-03-28T07:47:57.000Z","volume":10000,"label":" ","price":30.9},{"type":"B","date":"2018-03-28T07:47:57.000Z","volume":500,"label":" ","price":30.9},{"type":"B","date":"2018-03-28T07:48:04.000Z","volume":500,"label":" ","price":30.9},{"type":"B","date":"2018-03-28T07:48:24.000Z","volume":500,"label":" ","price":30.9},{"type":"B","date":"2018-03-28T07:48:31.000Z","volume":6000,"label":" ","price":30.9},{"type":"B","date":"2018-03-28T07:48:31.000Z","volume":500,"label":" ","price":30.8},{"type":"A","date":"2018-03-28T07:48:31.000Z","volume":500,"label":" ","price":30.9},{"type":"B","date":"2018-03-28T07:48:37.000Z","volume":500,"label":" ","price":30.8},{"type":"B","date":"2018-03-28T07:48:53.000Z","volume":500,"label":" ","price":30.8},{"type":"B","date":"2018-03-28T07:52:23.000Z","volume":500,"label":" ","price":30.8},{"type":"B","date":"2018-03-28T07:52:47.000Z","volume":500,"label":" ","price":30.8},{"type":"B","date":"2018-03-28T07:53:15.000Z","volume":1000,"label":" ","price":30.8},{"type":"B","date":"2018-03-28T07:53:15.000Z","volume":500,"label":" ","price":30.8},{"type":"B","date":"2018-03-28T07:54:36.000Z","volume":3500,"label":"Y","price":30.8},{"type":"B","date":"2018-03-28T07:54:36.000Z","volume":10000,"label":" ","price":30.8},{"type":"B","date":"2018-03-28T07:54:46.000Z","volume":1000,"label":" ","price":30.8},{"type":"B","date":"2018-03-28T07:55:47.000Z","volume":10000,"label":" ","price":30.8},{"type":"B","date":"2018-03-28T07:55:47.000Z","volume":500,"label":" ","price":30.8},{"type":"B","date":"2018-03-28T07:55:53.000Z","volume":500,"label":"Y","price":30.8},{"type":"B","date":"2018-03-28T07:55:53.000Z","volume":500,"label":" ","price":30.8},{"type":"B","date":"2018-03-28T07:57:17.000Z","volume":500,"label":" ","price":30.8},{"type":"B","date":"2018-03-28T07:57:25.000Z","volume":500,"label":" ","price":30.8},{"type":"B","date":"2018-03-28T07:58:09.000Z","volume":500,"label":" ","price":30.8},{"type":"B","date":"2018-03-28T07:58:24.000Z","volume":500,"label":" ","price":30.8},{"type":"B","date":"2018-03-28T07:58:52.000Z","volume":500,"label":" ","price":30.8},{"type":"B","date":"2018-03-28T07:59:04.000Z","volume":500,"label":" ","price":30.8},{"type":"B","date":"2018-03-28T07:59:12.000Z","volume":500,"label":" ","price":30.8},{"type":"U","date":"2018-03-28T08:08:42.000Z","volume":10000,"label":"U","price":30.75}]