[{"type":"U","date":"2018-04-04T01:20:00.000Z","volume":24000,"label":"U","price":12.48},{"type":"A","date":"2018-04-04T01:32:37.000Z","volume":500,"label":"Y","price":12.4},{"type":"A","date":"2018-04-04T01:32:42.000Z","volume":500,"label":" ","price":12.4},{"type":"B","date":"2018-04-04T01:33:45.000Z","volume":6000,"label":" ","price":12.28},{"type":"B","date":"2018-04-04T01:33:45.000Z","volume":500,"label":" ","price":12.28},{"type":"B","date":"2018-04-04T01:33:45.000Z","volume":1000,"label":" ","price":12.26},{"type":"B","date":"2018-04-04T01:33:45.000Z","volume":500,"label":" ","price":12.26},{"type":"B","date":"2018-04-04T01:33:45.000Z","volume":500,"label":" ","price":12.24},{"type":"A","date":"2018-04-04T01:33:45.000Z","volume":500,"label":" ","price":12.36},{"type":"B","date":"2018-04-04T01:43:07.000Z","volume":1500,"label":" ","price":12.26},{"type":"U","date":"2018-04-04T01:43:07.000Z","volume":500,"label":" ","price":12.26},{"type":"B","date":"2018-04-04T01:43:07.000Z","volume":1000,"label":" ","price":12.24},{"type":"B","date":"2018-04-04T01:43:43.000Z","volume":1500,"label":" ","price":12.18},{"type":"B","date":"2018-04-04T01:43:43.000Z","volume":2000,"label":" ","price":12.18},{"type":"B","date":"2018-04-04T01:43:43.000Z","volume":500,"label":" ","price":12.18},{"type":"B","date":"2018-04-04T01:43:45.000Z","volume":500,"label":" ","price":12.16},{"type":"A","date":"2018-04-04T02:18:06.000Z","volume":500,"label":" ","price":12.18},{"type":"B","date":"2018-04-04T02:18:19.000Z","volume":3500,"label":" ","price":12.1},{"type":"B","date":"2018-04-04T02:18:20.000Z","volume":500,"label":" ","price":12.12},{"type":"A","date":"2018-04-04T02:18:20.000Z","volume":500,"label":" ","price":12.14},{"type":"A","date":"2018-04-04T02:18:21.000Z","volume":500,"label":" ","price":12.14},{"type":"A","date":"2018-04-04T02:18:22.000Z","volume":1000,"label":" ","price":12.14},{"type":"A","date":"2018-04-04T02:19:23.000Z","volume":500,"label":" ","price":12.14},{"type":"A","date":"2018-04-04T02:19:37.000Z","volume":500,"label":" ","price":12.14},{"type":"B","date":"2018-04-04T02:20:52.000Z","volume":5000,"label":" ","price":12.12},{"type":"B","date":"2018-04-04T02:20:52.000Z","volume":2500,"label":" ","price":12.12},{"type":"U","date":"2018-04-04T02:20:52.000Z","volume":500,"label":" ","price":12.12},{"type":"U","date":"2018-04-04T02:20:52.000Z","volume":500,"label":" ","price":12.12},{"type":"A","date":"2018-04-04T02:24:52.000Z","volume":500,"label":" ","price":12.14},{"type":"B","date":"2018-04-04T02:43:54.000Z","volume":9500,"label":" ","price":12.1},{"type":"B","date":"2018-04-04T02:43:54.000Z","volume":500,"label":" ","price":12.1},{"type":"B","date":"2018-04-04T02:43:54.000Z","volume":500,"label":" ","price":12.1},{"type":"B","date":"2018-04-04T02:43:54.000Z","volume":1000,"label":" ","price":12.1},{"type":"B","date":"2018-04-04T02:43:54.000Z","volume":500,"label":" ","price":12.08},{"type":"A","date":"2018-04-04T02:43:54.000Z","volume":500,"label":" ","price":12.1},{"type":"A","date":"2018-04-04T02:43:55.000Z","volume":500,"label":" ","price":12.1},{"type":"A","date":"2018-04-04T02:44:43.000Z","volume":6500,"label":" ","price":12.1},{"type":"A","date":"2018-04-04T02:44:44.000Z","volume":500,"label":" ","price":12.1},{"type":"A","date":"2018-04-04T02:44:44.000Z","volume":1500,"label":" ","price":12.1},{"type":"A","date":"2018-04-04T02:44:45.000Z","volume":500,"label":" ","price":12.1},{"type":"A","date":"2018-04-04T02:44:45.000Z","volume":500,"label":" ","price":12.1},{"type":"A","date":"2018-04-04T02:45:02.000Z","volume":10000,"label":" ","price":12.1},{"type":"A","date":"2018-04-04T02:45:02.000Z","volume":500,"label":" ","price":12.12},{"type":"A","date":"2018-04-04T02:45:02.000Z","volume":500,"label":" ","price":12.12},{"type":"A","date":"2018-04-04T02:45:03.000Z","volume":500,"label":" ","price":12.12},{"type":"A","date":"2018-04-04T02:45:03.000Z","volume":3000,"label":" ","price":12.16},{"type":"A","date":"2018-04-04T02:45:13.000Z","volume":1000,"label":" ","price":12.16},{"type":"A","date":"2018-04-04T02:46:51.000Z","volume":500,"label":" ","price":12.16},{"type":"A","date":"2018-04-04T02:47:53.000Z","volume":2000,"label":" ","price":12.16},{"type":"A","date":"2018-04-04T02:47:58.000Z","volume":500,"label":" ","price":12.16},{"type":"A","date":"2018-04-04T02:52:33.000Z","volume":1000,"label":" ","price":12.16},{"type":"A","date":"2018-04-04T02:52:34.000Z","volume":500,"label":" ","price":12.16},{"type":"A","date":"2018-04-04T02:52:42.000Z","volume":500,"label":" ","price":12.16},{"type":"B","date":"2018-04-04T02:55:02.000Z","volume":1000,"label":" ","price":12.12},{"type":"A","date":"2018-04-04T02:58:15.000Z","volume":500,"label":" ","price":12.16},{"type":"B","date":"2018-04-04T03:00:52.000Z","volume":1500,"label":" ","price":12.14},{"type":"B","date":"2018-04-04T03:05:11.000Z","volume":5000,"label":" ","price":12.14},{"type":"A","date":"2018-04-04T03:07:09.000Z","volume":2500,"label":" ","price":12.16},{"type":"A","date":"2018-04-04T03:07:09.000Z","volume":2500,"label":" ","price":12.16},{"type":"A","date":"2018-04-04T03:07:09.000Z","volume":500,"label":" ","price":12.18},{"type":"A","date":"2018-04-04T03:09:22.000Z","volume":500,"label":" ","price":12.2},{"type":"A","date":"2018-04-04T03:17:25.000Z","volume":500,"label":" ","price":12.2},{"type":"A","date":"2018-04-04T03:19:32.000Z","volume":500,"label":" ","price":12.2},{"type":"B","date":"2018-04-04T03:23:40.000Z","volume":1000,"label":" ","price":12.18},{"type":"A","date":"2018-04-04T03:25:20.000Z","volume":500,"label":" ","price":12.2},{"type":"A","date":"2018-04-04T03:28:02.000Z","volume":500,"label":" ","price":12.2},{"type":"B","date":"2018-04-04T03:30:56.000Z","volume":500,"label":" ","price":12.18},{"type":"B","date":"2018-04-04T03:32:30.000Z","volume":500,"label":" ","price":12.18},{"type":"A","date":"2018-04-04T03:36:12.000Z","volume":500,"label":" ","price":12.2},{"type":"A","date":"2018-04-04T03:36:13.000Z","volume":500,"label":" ","price":12.2},{"type":"A","date":"2018-04-04T03:39:02.000Z","volume":500,"label":" ","price":12.2},{"type":"A","date":"2018-04-04T03:40:37.000Z","volume":500,"label":" ","price":12.2},{"type":"B","date":"2018-04-04T03:41:09.000Z","volume":1000,"label":" ","price":12.18},{"type":"A","date":"2018-04-04T03:44:27.000Z","volume":500,"label":" ","price":12.2},{"type":"A","date":"2018-04-04T03:44:38.000Z","volume":1000,"label":" ","price":12.2},{"type":"A","date":"2018-04-04T03:49:47.000Z","volume":500,"label":" ","price":12.2},{"type":"A","date":"2018-04-04T03:50:00.000Z","volume":500,"label":" ","price":12.2},{"type":"A","date":"2018-04-04T03:56:59.000Z","volume":500,"label":" ","price":12.2},{"type":"A","date":"2018-04-04T03:58:36.000Z","volume":500,"label":" ","price":12.2},{"type":"A","date":"2018-04-04T05:00:06.000Z","volume":1000,"label":" ","price":12.2},{"type":"B","date":"2018-04-04T05:01:43.000Z","volume":5000,"label":" ","price":12.18},{"type":"A","date":"2018-04-04T05:01:44.000Z","volume":500,"label":" ","price":12.2},{"type":"A","date":"2018-04-04T05:01:48.000Z","volume":500,"label":" ","price":12.2},{"type":"A","date":"2018-04-04T05:03:20.000Z","volume":500,"label":" ","price":12.2},{"type":"A","date":"2018-04-04T05:06:00.000Z","volume":500,"label":" ","price":12.2},{"type":"A","date":"2018-04-04T05:08:48.000Z","volume":500,"label":" ","price":12.2},{"type":"A","date":"2018-04-04T05:08:49.000Z","volume":4000,"label":" ","price":12.2},{"type":"A","date":"2018-04-04T05:08:49.000Z","volume":500,"label":" ","price":12.2},{"type":"A","date":"2018-04-04T05:09:02.000Z","volume":500,"label":" ","price":12.2},{"type":"A","date":"2018-04-04T05:09:02.000Z","volume":1000,"label":" ","price":12.2},{"type":"A","date":"2018-04-04T05:09:02.000Z","volume":500,"label":" ","price":12.2},{"type":"B","date":"2018-04-04T05:11:28.000Z","volume":500,"label":" ","price":12.18},{"type":"A","date":"2018-04-04T05:12:44.000Z","volume":500,"label":" ","price":12.2},{"type":"A","date":"2018-04-04T05:12:49.000Z","volume":1000,"label":" ","price":12.2},{"type":"A","date":"2018-04-04T05:14:29.000Z","volume":500,"label":" ","price":12.2},{"type":"A","date":"2018-04-04T05:16:49.000Z","volume":1000,"label":" ","price":12.2},{"type":"A","date":"2018-04-04T05:16:53.000Z","volume":500,"label":" ","price":12.2},{"type":"A","date":"2018-04-04T05:18:55.000Z","volume":500,"label":" ","price":12.2},{"type":"A","date":"2018-04-04T05:20:54.000Z","volume":1000,"label":" ","price":12.2},{"type":"B","date":"2018-04-04T05:21:23.000Z","volume":1000,"label":" ","price":12.18},{"type":"B","date":"2018-04-04T05:21:43.000Z","volume":500,"label":" ","price":12.18},{"type":"A","date":"2018-04-04T05:22:30.000Z","volume":500,"label":" ","price":12.2},{"type":"A","date":"2018-04-04T05:23:30.000Z","volume":500,"label":" ","price":12.2},{"type":"A","date":"2018-04-04T05:26:38.000Z","volume":500,"label":" ","price":12.2},{"type":"A","date":"2018-04-04T05:26:50.000Z","volume":1500,"label":" ","price":12.2},{"type":"A","date":"2018-04-04T05:27:28.000Z","volume":1000,"label":" ","price":12.2},{"type":"A","date":"2018-04-04T05:30:51.000Z","volume":500,"label":" ","price":12.2},{"type":"B","date":"2018-04-04T05:31:48.000Z","volume":500,"label":" ","price":12.18},{"type":"A","date":"2018-04-04T05:34:55.000Z","volume":500,"label":" ","price":12.2},{"type":"A","date":"2018-04-04T05:35:47.000Z","volume":1000,"label":" ","price":12.2},{"type":"A","date":"2018-04-04T05:35:47.000Z","volume":500,"label":" ","price":12.2},{"type":"A","date":"2018-04-04T05:36:02.000Z","volume":500,"label":" ","price":12.2},{"type":"A","date":"2018-04-04T05:40:00.000Z","volume":500,"label":" ","price":12.2},{"type":"A","date":"2018-04-04T05:41:33.000Z","volume":500,"label":" ","price":12.2},{"type":"B","date":"2018-04-04T05:41:48.000Z","volume":500,"label":" ","price":12.18},{"type":"A","date":"2018-04-04T05:43:25.000Z","volume":500,"label":" ","price":12.2},{"type":"A","date":"2018-04-04T05:45:02.000Z","volume":500,"label":" ","price":12.2},{"type":"A","date":"2018-04-04T05:45:02.000Z","volume":500,"label":" ","price":12.2},{"type":"A","date":"2018-04-04T05:45:04.000Z","volume":500,"label":" ","price":12.2},{"type":"A","date":"2018-04-04T05:45:46.000Z","volume":1000,"label":" ","price":12.2},{"type":"A","date":"2018-04-04T05:45:46.000Z","volume":500,"label":" ","price":12.2},{"type":"A","date":"2018-04-04T05:45:47.000Z","volume":500,"label":" ","price":12.2},{"type":"A","date":"2018-04-04T05:49:46.000Z","volume":1000,"label":" ","price":12.2},{"type":"A","date":"2018-04-04T05:49:46.000Z","volume":1500,"label":" ","price":12.2},{"type":"A","date":"2018-04-04T05:49:46.000Z","volume":500,"label":" ","price":12.2},{"type":"A","date":"2018-04-04T05:50:02.000Z","volume":500,"label":" ","price":12.2},{"type":"A","date":"2018-04-04T05:50:36.000Z","volume":500,"label":" ","price":12.2},{"type":"B","date":"2018-04-04T05:51:42.000Z","volume":500,"label":" ","price":12.18},{"type":"A","date":"2018-04-04T05:54:14.000Z","volume":500,"label":" ","price":12.2},{"type":"A","date":"2018-04-04T05:54:35.000Z","volume":1000,"label":" ","price":12.2},{"type":"A","date":"2018-04-04T05:54:35.000Z","volume":500,"label":" ","price":12.2},{"type":"A","date":"2018-04-04T05:58:41.000Z","volume":500,"label":" ","price":12.22},{"type":"U","date":"2018-04-04T05:58:57.000Z","volume":3000,"label":"X","price":12.22},{"type":"B","date":"2018-04-04T06:01:45.000Z","volume":500,"label":" ","price":12.2},{"type":"A","date":"2018-04-04T06:02:31.000Z","volume":500,"label":" ","price":12.22},{"type":"U","date":"2018-04-04T06:04:35.000Z","volume":500,"label":"X","price":12.22},{"type":"A","date":"2018-04-04T06:07:20.000Z","volume":500,"label":" ","price":12.22},{"type":"B","date":"2018-04-04T06:09:38.000Z","volume":10000,"label":" ","price":12.2},{"type":"B","date":"2018-04-04T06:09:38.000Z","volume":1500,"label":" ","price":12.2},{"type":"A","date":"2018-04-04T06:09:38.000Z","volume":500,"label":" ","price":12.22},{"type":"U","date":"2018-04-04T06:09:38.000Z","volume":500,"label":" ","price":12.2},{"type":"A","date":"2018-04-04T06:16:23.000Z","volume":500,"label":" ","price":12.2},{"type":"B","date":"2018-04-04T06:21:50.000Z","volume":1500,"label":" ","price":12.18},{"type":"B","date":"2018-04-04T06:21:50.000Z","volume":2500,"label":" ","price":12.18},{"type":"U","date":"2018-04-04T06:21:50.000Z","volume":500,"label":" ","price":12.18},{"type":"B","date":"2018-04-04T06:21:50.000Z","volume":500,"label":" ","price":12.18},{"type":"B","date":"2018-04-04T06:21:52.000Z","volume":1500,"label":" ","price":12.16},{"type":"A","date":"2018-04-04T06:24:40.000Z","volume":500,"label":" ","price":12.18},{"type":"A","date":"2018-04-04T06:30:31.000Z","volume":500,"label":" ","price":12.18},{"type":"B","date":"2018-04-04T06:36:01.000Z","volume":2000,"label":" ","price":12.14},{"type":"U","date":"2018-04-04T06:36:01.000Z","volume":500,"label":" ","price":12.14},{"type":"U","date":"2018-04-04T06:36:01.000Z","volume":500,"label":" ","price":12.14},{"type":"U","date":"2018-04-04T06:36:01.000Z","volume":500,"label":" ","price":12.14},{"type":"B","date":"2018-04-04T06:37:20.000Z","volume":500,"label":" ","price":12.12},{"type":"A","date":"2018-04-04T06:39:13.000Z","volume":500,"label":" ","price":12.16},{"type":"A","date":"2018-04-04T06:40:03.000Z","volume":2500,"label":"Y","price":12.16},{"type":"A","date":"2018-04-04T06:40:03.000Z","volume":9500,"label":" ","price":12.16},{"type":"A","date":"2018-04-04T06:40:04.000Z","volume":500,"label":" ","price":12.18},{"type":"U","date":"2018-04-04T06:42:48.000Z","volume":3000,"label":"X","price":12.15},{"type":"B","date":"2018-04-04T06:45:43.000Z","volume":500,"label":" ","price":12.12},{"type":"A","date":"2018-04-04T06:50:00.000Z","volume":500,"label":" ","price":12.18},{"type":"A","date":"2018-04-04T06:54:45.000Z","volume":8500,"label":"Y","price":12.18},{"type":"A","date":"2018-04-04T06:54:45.000Z","volume":5500,"label":" ","price":12.18},{"type":"A","date":"2018-04-04T06:54:45.000Z","volume":500,"label":" ","price":12.2},{"type":"A","date":"2018-04-04T06:54:46.000Z","volume":1000,"label":" ","price":12.2},{"type":"U","date":"2018-04-04T06:54:47.000Z","volume":3000,"label":"X","price":12.16},{"type":"A","date":"2018-04-04T06:54:58.000Z","volume":1500,"label":" ","price":12.2},{"type":"A","date":"2018-04-04T06:57:46.000Z","volume":500,"label":" ","price":12.2},{"type":"A","date":"2018-04-04T07:03:21.000Z","volume":500,"label":" ","price":12.2},{"type":"B","date":"2018-04-04T07:06:02.000Z","volume":4500,"label":" ","price":12.16},{"type":"A","date":"2018-04-04T07:06:02.000Z","volume":500,"label":" ","price":12.18},{"type":"A","date":"2018-04-04T07:06:02.000Z","volume":500,"label":" ","price":12.18},{"type":"B","date":"2018-04-04T07:06:21.000Z","volume":3000,"label":" ","price":12.16},{"type":"B","date":"2018-04-04T07:07:07.000Z","volume":1500,"label":" ","price":12.16},{"type":"A","date":"2018-04-04T07:07:16.000Z","volume":500,"label":" ","price":12.18},{"type":"B","date":"2018-04-04T07:08:02.000Z","volume":500,"label":"Y","price":12.16},{"type":"B","date":"2018-04-04T07:08:02.000Z","volume":500,"label":" ","price":12.16},{"type":"B","date":"2018-04-04T07:09:04.000Z","volume":3500,"label":" ","price":12.14},{"type":"B","date":"2018-04-04T07:09:13.000Z","volume":10000,"label":" ","price":12.12},{"type":"A","date":"2018-04-04T07:09:14.000Z","volume":500,"label":" ","price":12.14},{"type":"U","date":"2018-04-04T07:09:22.000Z","volume":500,"label":"X","price":12.13},{"type":"U","date":"2018-04-04T07:09:23.000Z","volume":2500,"label":"X","price":12.13},{"type":"B","date":"2018-04-04T07:10:35.000Z","volume":2500,"label":" ","price":12.12},{"type":"A","date":"2018-04-04T07:10:35.000Z","volume":500,"label":" ","price":12.12},{"type":"B","date":"2018-04-04T07:11:05.000Z","volume":2000,"label":" ","price":12.1},{"type":"B","date":"2018-04-04T07:13:33.000Z","volume":1500,"label":" ","price":12.1},{"type":"A","date":"2018-04-04T07:14:07.000Z","volume":500,"label":" ","price":12.12},{"type":"B","date":"2018-04-04T07:19:45.000Z","volume":500,"label":" ","price":12.1},{"type":"B","date":"2018-04-04T07:19:47.000Z","volume":1500,"label":" ","price":12.1},{"type":"A","date":"2018-04-04T07:19:47.000Z","volume":500,"label":" ","price":12.12},{"type":"A","date":"2018-04-04T07:19:55.000Z","volume":500,"label":" ","price":12.12},{"type":"U","date":"2018-04-04T07:21:04.000Z","volume":500,"label":"X","price":12.11},{"type":"U","date":"2018-04-04T07:21:04.000Z","volume":500,"label":"X","price":12.11},{"type":"U","date":"2018-04-04T07:21:04.000Z","volume":500,"label":"X","price":12.11},{"type":"U","date":"2018-04-04T07:21:04.000Z","volume":500,"label":"X","price":12.11},{"type":"U","date":"2018-04-04T07:22:18.000Z","volume":500,"label":"X","price":12.11},{"type":"U","date":"2018-04-04T07:22:34.000Z","volume":500,"label":"X","price":12.11},{"type":"B","date":"2018-04-04T07:23:14.000Z","volume":500,"label":" ","price":12.1},{"type":"A","date":"2018-04-04T07:25:22.000Z","volume":500,"label":" ","price":12.12},{"type":"B","date":"2018-04-04T07:25:54.000Z","volume":500,"label":" ","price":12.1},{"type":"B","date":"2018-04-04T07:27:21.000Z","volume":1500,"label":" ","price":12.1},{"type":"B","date":"2018-04-04T07:28:16.000Z","volume":1000,"label":" ","price":12.1},{"type":"A","date":"2018-04-04T07:28:39.000Z","volume":1500,"label":"Y","price":12.12},{"type":"A","date":"2018-04-04T07:28:39.000Z","volume":12500,"label":" ","price":12.12},{"type":"A","date":"2018-04-04T07:28:40.000Z","volume":1000,"label":" ","price":12.14},{"type":"U","date":"2018-04-04T07:30:02.000Z","volume":500,"label":"X","price":12.13},{"type":"U","date":"2018-04-04T07:30:07.000Z","volume":500,"label":"X","price":12.13},{"type":"U","date":"2018-04-04T07:30:12.000Z","volume":500,"label":"X","price":12.13},{"type":"B","date":"2018-04-04T07:30:28.000Z","volume":3500,"label":"Y","price":12.12},{"type":"B","date":"2018-04-04T07:30:28.000Z","volume":1500,"label":" ","price":12.12},{"type":"U","date":"2018-04-04T07:30:28.000Z","volume":500,"label":"X","price":12.13},{"type":"U","date":"2018-04-04T07:30:43.000Z","volume":500,"label":"X","price":12.13},{"type":"B","date":"2018-04-04T07:30:57.000Z","volume":6500,"label":" ","price":12.12},{"type":"U","date":"2018-04-04T07:32:19.000Z","volume":500,"label":"X","price":12.12},{"type":"U","date":"2018-04-04T07:33:34.000Z","volume":2000,"label":"Y","price":12.12},{"type":"U","date":"2018-04-04T07:33:34.000Z","volume":500,"label":" ","price":12.12},{"type":"B","date":"2018-04-04T07:33:35.000Z","volume":500,"label":" ","price":12.12},{"type":"U","date":"2018-04-04T07:34:59.000Z","volume":500,"label":"X","price":12.12},{"type":"B","date":"2018-04-04T07:36:59.000Z","volume":500,"label":"Y","price":12.12},{"type":"B","date":"2018-04-04T07:37:56.000Z","volume":1000,"label":" ","price":12.12},{"type":"B","date":"2018-04-04T07:40:40.000Z","volume":2000,"label":" ","price":12.1},{"type":"B","date":"2018-04-04T07:41:02.000Z","volume":500,"label":" ","price":12.1},{"type":"A","date":"2018-04-04T07:41:26.000Z","volume":15500,"label":" ","price":12.12},{"type":"A","date":"2018-04-04T07:41:27.000Z","volume":1000,"label":" ","price":12.14},{"type":"U","date":"2018-04-04T07:41:42.000Z","volume":1000,"label":"X","price":12.13},{"type":"B","date":"2018-04-04T07:43:47.000Z","volume":25000,"label":" ","price":12.12},{"type":"A","date":"2018-04-04T07:43:47.000Z","volume":1500,"label":" ","price":12.14},{"type":"U","date":"2018-04-04T07:43:47.000Z","volume":1500,"label":"X","price":12.13},{"type":"A","date":"2018-04-04T07:43:48.000Z","volume":1500,"label":" ","price":12.14},{"type":"A","date":"2018-04-04T07:44:06.000Z","volume":500,"label":" ","price":12.14},{"type":"A","date":"2018-04-04T07:45:02.000Z","volume":500,"label":" ","price":12.14},{"type":"B","date":"2018-04-04T07:45:56.000Z","volume":1500,"label":" ","price":12.12},{"type":"B","date":"2018-04-04T07:45:56.000Z","volume":22500,"label":" ","price":12.12},{"type":"B","date":"2018-04-04T07:45:56.000Z","volume":5500,"label":" ","price":12.12},{"type":"A","date":"2018-04-04T07:45:57.000Z","volume":1500,"label":" ","price":12.14},{"type":"U","date":"2018-04-04T07:46:01.000Z","volume":500,"label":"X","price":12.13},{"type":"A","date":"2018-04-04T07:46:07.000Z","volume":1500,"label":" ","price":12.14},{"type":"U","date":"2018-04-04T07:46:07.000Z","volume":1500,"label":"X","price":12.13},{"type":"B","date":"2018-04-04T07:46:36.000Z","volume":2000,"label":" ","price":12.12},{"type":"U","date":"2018-04-04T07:47:05.000Z","volume":500,"label":"X","price":12.14},{"type":"U","date":"2018-04-04T07:47:58.000Z","volume":500,"label":"X","price":12.13},{"type":"A","date":"2018-04-04T07:47:58.000Z","volume":500,"label":" ","price":12.14},{"type":"U","date":"2018-04-04T07:49:27.000Z","volume":500,"label":"X","price":12.14},{"type":"B","date":"2018-04-04T07:51:02.000Z","volume":1000,"label":" ","price":12.12},{"type":"B","date":"2018-04-04T07:51:02.000Z","volume":500,"label":"Y","price":12.12},{"type":"B","date":"2018-04-04T07:51:02.000Z","volume":5500,"label":" ","price":12.12},{"type":"B","date":"2018-04-04T07:51:03.000Z","volume":1000,"label":" ","price":12.12},{"type":"A","date":"2018-04-04T07:53:47.000Z","volume":500,"label":" ","price":12.12},{"type":"B","date":"2018-04-04T07:53:57.000Z","volume":2000,"label":" ","price":12.1},{"type":"A","date":"2018-04-04T07:53:58.000Z","volume":500,"label":" ","price":12.12},{"type":"B","date":"2018-04-04T07:54:07.000Z","volume":3000,"label":" ","price":12.1},{"type":"A","date":"2018-04-04T07:55:15.000Z","volume":500,"label":" ","price":12.12},{"type":"A","date":"2018-04-04T07:55:44.000Z","volume":500,"label":" ","price":12.12},{"type":"A","date":"2018-04-04T07:58:39.000Z","volume":500,"label":" ","price":12.12},{"type":"B","date":"2018-04-04T07:58:39.000Z","volume":1500,"label":" ","price":12.1},{"type":"B","date":"2018-04-04T07:58:44.000Z","volume":1000,"label":" ","price":12.1},{"type":"B","date":"2018-04-04T07:59:02.000Z","volume":1500,"label":" ","price":12.08},{"type":"B","date":"2018-04-04T07:59:02.000Z","volume":500,"label":" ","price":12.08},{"type":"A","date":"2018-04-04T07:59:03.000Z","volume":500,"label":" ","price":12.1},{"type":"A","date":"2018-04-04T07:59:04.000Z","volume":500,"label":" ","price":12.1},{"type":"A","date":"2018-04-04T07:59:04.000Z","volume":500,"label":" ","price":12.1},{"type":"B","date":"2018-04-04T07:59:19.000Z","volume":500,"label":" ","price":12.08},{"type":"A","date":"2018-04-04T07:59:24.000Z","volume":500,"label":" ","price":12.1},{"type":"A","date":"2018-04-04T07:59:34.000Z","volume":500,"label":" ","price":12.1},{"type":"A","date":"2018-04-04T07:59:39.000Z","volume":500,"label":" ","price":12.1},{"type":"U","date":"2018-04-04T08:08:53.000Z","volume":6000,"label":"U","price":12.1}]