[{"type":"A","date":"2018-03-13T07:59:36.000Z","volume":28500,"price":98.45,"category":"ubbull"},{"type":"A","date":"2018-03-13T07:59:25.000Z","volume":5000,"price":98.45,"category":"ubbull"},{"type":"A","date":"2018-03-13T07:59:07.000Z","volume":8000,"price":98.45,"category":"ubbull"},{"type":"A","date":"2018-03-13T07:58:28.000Z","volume":10000,"price":98.45,"category":"ubbull"},{"type":"A","date":"2018-03-13T07:58:14.000Z","volume":9000,"price":98.45,"category":"ubbull"},{"type":"A","date":"2018-03-13T07:58:14.000Z","volume":5000,"price":98.45,"category":"ubbull"},{"type":"A","date":"2018-03-13T07:58:06.000Z","volume":5000,"price":98.45,"category":"ubbull"},{"type":"A","date":"2018-03-13T07:56:54.000Z","volume":10500,"price":98.45,"category":"ubbull"},{"type":"A","date":"2018-03-13T07:56:38.000Z","volume":11500,"price":98.45,"category":"ubbull"},{"type":"A","date":"2018-03-13T07:56:01.000Z","volume":6000,"price":98.45,"category":"ubbull"},{"type":"A","date":"2018-03-13T07:55:55.000Z","volume":11500,"price":98.45,"category":"ubbull"},{"type":"A","date":"2018-03-13T07:54:30.000Z","volume":5000,"price":98.45,"category":"ubbull"},{"type":"A","date":"2018-03-13T07:54:11.000Z","volume":6000,"price":98.45,"category":"ubbull"},{"type":"A","date":"2018-03-13T07:51:33.000Z","volume":5500,"price":98.5,"category":"ubbull"},{"type":"A","date":"2018-03-13T07:48:27.000Z","volume":11500,"price":98.5,"category":"ubbull"},{"type":"A","date":"2018-03-13T07:46:26.000Z","volume":6000,"price":98.5,"category":"ubbull"},{"type":"A","date":"2018-03-13T07:45:27.000Z","volume":10000,"price":98.5,"category":"ubbull"},{"type":"A","date":"2018-03-13T07:44:32.000Z","volume":7000,"price":98.5,"category":"ubbull"},{"type":"A","date":"2018-03-13T07:44:25.000Z","volume":12000,"price":98.5,"category":"ubbull"},{"type":"A","date":"2018-03-13T07:40:53.000Z","volume":11500,"price":98.45,"category":"ubbull"},{"type":"A","date":"2018-03-13T07:40:53.000Z","volume":10000,"price":98.45,"category":"ubbull"},{"type":"A","date":"2018-03-13T07:39:43.000Z","volume":6500,"price":98.45,"category":"ubbull"},{"type":"A","date":"2018-03-13T07:35:52.000Z","volume":10500,"price":98.55,"category":"ubbull"},{"type":"A","date":"2018-03-13T07:34:01.000Z","volume":9000,"price":98.55,"category":"ubbull"},{"type":"A","date":"2018-03-13T07:33:02.000Z","volume":9500,"price":98.55,"category":"ubbull"},{"type":"A","date":"2018-03-13T07:29:15.000Z","volume":7000,"price":98.55,"category":"ubbull"},{"type":"A","date":"2018-03-13T07:28:37.000Z","volume":18000,"price":98.5,"category":"ubbull"},{"type":"A","date":"2018-03-13T07:28:30.000Z","volume":5000,"price":98.5,"category":"ubbull"},{"type":"A","date":"2018-03-13T07:26:51.000Z","volume":7000,"price":98.5,"category":"ubbull"},{"type":"A","date":"2018-03-13T07:22:37.000Z","volume":9500,"price":98.5,"category":"ubbull"},{"type":"A","date":"2018-03-13T07:17:37.000Z","volume":5000,"price":98.5,"category":"ubbull"},{"type":"A","date":"2018-03-13T07:04:21.000Z","volume":22000,"price":98.5,"category":"ubbull"},{"type":"A","date":"2018-03-13T07:04:21.000Z","volume":16500,"price":98.5,"category":"ubbull"},{"type":"A","date":"2018-03-13T07:01:01.000Z","volume":22000,"price":98.5,"category":"ubbull"},{"type":"A","date":"2018-03-13T07:00:25.000Z","volume":25000,"price":98.45,"category":"ubbull"},{"type":"A","date":"2018-03-13T06:43:07.000Z","volume":5000,"price":98.5,"category":"ubbull"},{"type":"A","date":"2018-03-13T06:36:26.000Z","volume":66500,"price":98.5,"category":"ubbull"},{"type":"A","date":"2018-03-13T06:36:26.000Z","volume":11000,"price":98.5,"category":"ubbull"},{"type":"A","date":"2018-03-13T06:32:16.000Z","volume":5500,"price":98.45,"category":"ubbull"},{"type":"A","date":"2018-03-13T06:27:02.000Z","volume":7000,"price":98.45,"category":"ubbull"},{"type":"A","date":"2018-03-13T06:27:02.000Z","volume":18000,"price":98.45,"category":"ubbull"},{"type":"A","date":"2018-03-13T06:27:01.000Z","volume":60000,"price":98.4,"category":"ubbull"},{"type":"A","date":"2018-03-13T06:17:26.000Z","volume":7500,"price":98.5,"category":"ubbull"},{"type":"A","date":"2018-03-13T06:04:33.000Z","volume":5000,"price":98.55,"category":"ubbull"},{"type":"A","date":"2018-03-13T06:04:14.000Z","volume":40000,"price":98.55,"category":"ubbull"},{"type":"A","date":"2018-03-13T05:54:51.000Z","volume":6000,"price":98.6,"category":"ubbull"},{"type":"A","date":"2018-03-13T05:41:33.000Z","volume":9000,"price":98.55,"category":"ubbull"},{"type":"A","date":"2018-03-13T05:41:30.000Z","volume":14500,"price":98.55,"category":"ubbull"},{"type":"A","date":"2018-03-13T05:35:24.000Z","volume":10000,"price":98.55,"category":"ubbull"},{"type":"A","date":"2018-03-13T05:33:10.000Z","volume":10000,"price":98.55,"category":"ubbull"},{"type":"A","date":"2018-03-13T05:28:39.000Z","volume":18500,"price":98.55,"category":"ubbull"},{"type":"A","date":"2018-03-13T05:07:11.000Z","volume":9000,"price":98.55,"category":"ubbull"},{"type":"A","date":"2018-03-13T03:53:00.000Z","volume":10000,"price":98.55,"category":"ubbull"},{"type":"A","date":"2018-03-13T03:43:35.000Z","volume":11000,"price":98.55,"category":"ubbull"},{"type":"A","date":"2018-03-13T03:40:35.000Z","volume":7500,"price":98.55,"category":"ubbull"},{"type":"A","date":"2018-03-13T03:35:40.000Z","volume":7500,"price":98.55,"category":"ubbull"},{"type":"A","date":"2018-03-13T03:35:40.000Z","volume":5000,"price":98.55,"category":"ubbull"},{"type":"A","date":"2018-03-13T03:35:40.000Z","volume":9500,"price":98.55,"category":"ubbull"},{"type":"A","date":"2018-03-13T03:35:40.000Z","volume":11000,"price":98.55,"category":"ubbull"},{"type":"A","date":"2018-03-13T03:35:40.000Z","volume":5500,"price":98.55,"category":"ubbull"},{"type":"A","date":"2018-03-13T03:34:07.000Z","volume":11000,"price":98.55,"category":"ubbull"},{"type":"A","date":"2018-03-13T03:25:29.000Z","volume":21000,"price":98.55,"category":"ubbull"},{"type":"A","date":"2018-03-13T03:19:49.000Z","volume":6500,"price":98.5,"category":"ubbull"},{"type":"A","date":"2018-03-13T03:19:49.000Z","volume":40000,"price":98.5,"category":"ubbull"},{"type":"A","date":"2018-03-13T03:16:29.000Z","volume":5500,"price":98.5,"category":"ubbull"},{"type":"A","date":"2018-03-13T03:16:29.000Z","volume":16000,"price":98.5,"category":"ubbull"},{"type":"A","date":"2018-03-13T03:12:51.000Z","volume":6500,"price":98.5,"category":"ubbull"},{"type":"A","date":"2018-03-13T03:06:22.000Z","volume":6000,"price":98.55,"category":"ubbull"},{"type":"A","date":"2018-03-13T03:01:30.000Z","volume":6000,"price":98.5,"category":"ubbull"},{"type":"A","date":"2018-03-13T03:01:30.000Z","volume":60000,"price":98.5,"category":"ubbull"},{"type":"A","date":"2018-03-13T02:58:54.000Z","volume":5000,"price":98.5,"category":"ubbull"},{"type":"A","date":"2018-03-13T02:56:09.000Z","volume":6000,"price":98.5,"category":"ubbull"},{"type":"A","date":"2018-03-13T02:49:31.000Z","volume":9000,"price":98.5,"category":"ubbull"},{"type":"A","date":"2018-03-13T02:49:25.000Z","volume":20000,"price":98.5,"category":"ubbull"},{"type":"A","date":"2018-03-13T02:44:02.000Z","volume":5000,"price":98.5,"category":"ubbull"},{"type":"A","date":"2018-03-13T02:43:29.000Z","volume":40000,"price":98.5,"category":"ubbull"},{"type":"A","date":"2018-03-13T02:30:50.000Z","volume":6500,"price":98.55,"category":"ubbull"},{"type":"A","date":"2018-03-13T02:30:01.000Z","volume":14500,"price":98.6,"category":"ubbull"},{"type":"A","date":"2018-03-13T02:23:08.000Z","volume":20000,"price":98.6,"category":"ubbull"},{"type":"A","date":"2018-03-13T02:14:23.000Z","volume":29500,"price":98.65,"category":"ubbull"},{"type":"A","date":"2018-03-13T02:13:37.000Z","volume":20000,"price":98.65,"category":"ubbull"},{"type":"A","date":"2018-03-13T02:10:53.000Z","volume":9000,"price":98.7,"category":"ubbull"},{"type":"A","date":"2018-03-13T02:10:51.000Z","volume":9000,"price":98.65,"category":"ubbull"},{"type":"A","date":"2018-03-13T02:10:51.000Z","volume":7500,"price":98.65,"category":"ubbull"},{"type":"A","date":"2018-03-13T02:10:49.000Z","volume":45500,"price":98.6,"category":"ubbull"},{"type":"A","date":"2018-03-13T02:10:49.000Z","volume":26000,"price":98.55,"category":"ubbull"},{"type":"A","date":"2018-03-13T02:10:48.000Z","volume":8500,"price":98.55,"category":"ubbull"},{"type":"A","date":"2018-03-13T02:10:48.000Z","volume":11000,"price":98.55,"category":"ubbull"},{"type":"A","date":"2018-03-13T02:10:33.000Z","volume":11000,"price":98.55,"category":"ubbull"},{"type":"A","date":"2018-03-13T02:09:54.000Z","volume":9500,"price":98.55,"category":"ubbull"},{"type":"A","date":"2018-03-13T02:08:31.000Z","volume":10000,"price":98.55,"category":"ubbull"},{"type":"A","date":"2018-03-13T02:05:21.000Z","volume":5000,"price":98.6,"category":"ubbull"},{"type":"A","date":"2018-03-13T02:05:04.000Z","volume":42500,"price":98.55,"category":"ubbull"},{"type":"A","date":"2018-03-13T01:55:25.000Z","volume":5000,"price":98.6,"category":"ubbull"},{"type":"A","date":"2018-03-13T01:55:24.000Z","volume":6500,"price":98.6,"category":"ubbull"},{"type":"A","date":"2018-03-13T01:55:24.000Z","volume":52500,"price":98.55,"category":"ubbull"},{"type":"A","date":"2018-03-13T01:55:24.000Z","volume":5500,"price":98.55,"category":"ubbull"},{"type":"A","date":"2018-03-13T01:55:10.000Z","volume":11000,"price":98.55,"category":"ubbull"},{"type":"A","date":"2018-03-13T01:55:04.000Z","volume":8000,"price":98.55,"category":"ubbull"},{"type":"A","date":"2018-03-13T01:50:10.000Z","volume":44500,"price":98.55,"category":"ubbull"},{"type":"A","date":"2018-03-13T01:49:48.000Z","volume":7000,"price":98.55,"category":"ubbull"},{"type":"A","date":"2018-03-13T01:49:15.000Z","volume":5000,"price":98.55,"category":"ubbull"},{"type":"A","date":"2018-03-13T01:49:03.000Z","volume":15500,"price":98.5,"category":"ubbull"},{"type":"A","date":"2018-03-13T01:48:45.000Z","volume":9500,"price":98.5,"category":"ubbull"},{"type":"A","date":"2018-03-13T01:48:21.000Z","volume":9000,"price":98.5,"category":"ubbull"},{"type":"A","date":"2018-03-13T01:47:54.000Z","volume":29500,"price":98.45,"category":"ubbull"},{"type":"A","date":"2018-03-13T01:46:24.000Z","volume":6000,"price":98.55,"category":"ubbull"},{"type":"A","date":"2018-03-13T01:46:03.000Z","volume":20500,"price":98.6,"category":"ubbull"},{"type":"A","date":"2018-03-13T01:43:19.000Z","volume":30000,"price":98.6,"category":"ubbull"},{"type":"A","date":"2018-03-13T01:42:38.000Z","volume":7500,"price":98.6,"category":"ubbull"},{"type":"A","date":"2018-03-13T01:42:38.000Z","volume":5000,"price":98.6,"category":"ubbull"},{"type":"A","date":"2018-03-13T01:41:37.000Z","volume":7500,"price":98.45,"category":"ubbull"},{"type":"A","date":"2018-03-13T01:41:37.000Z","volume":5000,"price":98.45,"category":"ubbull"},{"type":"A","date":"2018-03-13T01:41:14.000Z","volume":10000,"price":98.45,"category":"ubbull"},{"type":"A","date":"2018-03-13T01:40:07.000Z","volume":30000,"price":98.7,"category":"ubbull"},{"type":"A","date":"2018-03-13T01:40:03.000Z","volume":7000,"price":98.65,"category":"ubbull"},{"type":"A","date":"2018-03-13T01:39:15.000Z","volume":22000,"price":98.65,"category":"ubbull"},{"type":"A","date":"2018-03-13T01:36:47.000Z","volume":6000,"price":98.65,"category":"ubbull"},{"type":"A","date":"2018-03-13T01:36:47.000Z","volume":10500,"price":98.65,"category":"ubbull"},{"type":"A","date":"2018-03-13T01:36:47.000Z","volume":7500,"price":98.6,"category":"ubbull"},{"type":"A","date":"2018-03-13T01:36:41.000Z","volume":11500,"price":98.5,"category":"ubbull"},{"type":"A","date":"2018-03-13T01:36:22.000Z","volume":5000,"price":98.45,"category":"ubbull"},{"type":"A","date":"2018-03-13T01:35:31.000Z","volume":16500,"price":98.35,"category":"ubbull"},{"type":"A","date":"2018-03-13T01:35:17.000Z","volume":5000,"price":98.35,"category":"ubbull"},{"type":"A","date":"2018-03-13T01:35:15.000Z","volume":6500,"price":98.35,"category":"ubbull"},{"type":"A","date":"2018-03-13T01:30:48.000Z","volume":13500,"price":98.75,"category":"ubbull"},{"type":"A","date":"2018-03-13T07:59:32.000Z","volume":2000,"price":98.45,"category":"bbull"},{"type":"A","date":"2018-03-13T07:58:28.000Z","volume":3000,"price":98.45,"category":"bbull"},{"type":"A","date":"2018-03-13T07:57:12.000Z","volume":4000,"price":98.45,"category":"bbull"},{"type":"A","date":"2018-03-13T07:57:06.000Z","volume":4500,"price":98.45,"category":"bbull"},{"type":"A","date":"2018-03-13T07:56:58.000Z","volume":4500,"price":98.45,"category":"bbull"},{"type":"A","date":"2018-03-13T07:56:29.000Z","volume":3000,"price":98.45,"category":"bbull"},{"type":"A","date":"2018-03-13T07:55:04.000Z","volume":3500,"price":98.45,"category":"bbull"},{"type":"A","date":"2018-03-13T07:54:30.000Z","volume":2000,"price":98.45,"category":"bbull"},{"type":"A","date":"2018-03-13T07:50:32.000Z","volume":4000,"price":98.5,"category":"bbull"},{"type":"A","date":"2018-03-13T07:48:55.000Z","volume":4000,"price":98.5,"category":"bbull"},{"type":"A","date":"2018-03-13T07:48:55.000Z","volume":3500,"price":98.5,"category":"bbull"},{"type":"A","date":"2018-03-13T07:40:53.000Z","volume":3000,"price":98.45,"category":"bbull"},{"type":"A","date":"2018-03-13T07:40:43.000Z","volume":4500,"price":98.45,"category":"bbull"},{"type":"A","date":"2018-03-13T07:38:54.000Z","volume":4500,"price":98.55,"category":"bbull"},{"type":"A","date":"2018-03-13T07:35:15.000Z","volume":3000,"price":98.55,"category":"bbull"},{"type":"A","date":"2018-03-13T07:29:31.000Z","volume":2000,"price":98.55,"category":"bbull"},{"type":"A","date":"2018-03-13T07:27:38.000Z","volume":3000,"price":98.5,"category":"bbull"},{"type":"A","date":"2018-03-13T07:24:41.000Z","volume":4500,"price":98.5,"category":"bbull"},{"type":"A","date":"2018-03-13T07:07:05.000Z","volume":2500,"price":98.5,"category":"bbull"},{"type":"A","date":"2018-03-13T07:04:23.000Z","volume":2000,"price":98.5,"category":"bbull"},{"type":"A","date":"2018-03-13T07:04:21.000Z","volume":2000,"price":98.5,"category":"bbull"},{"type":"A","date":"2018-03-13T07:04:21.000Z","volume":2500,"price":98.5,"category":"bbull"},{"type":"A","date":"2018-03-13T07:04:21.000Z","volume":2500,"price":98.5,"category":"bbull"},{"type":"A","date":"2018-03-13T07:03:59.000Z","volume":2500,"price":98.5,"category":"bbull"},{"type":"A","date":"2018-03-13T07:01:01.000Z","volume":3500,"price":98.5,"category":"bbull"},{"type":"A","date":"2018-03-13T06:58:40.000Z","volume":2000,"price":98.5,"category":"bbull"},{"type":"A","date":"2018-03-13T06:56:15.000Z","volume":4000,"price":98.45,"category":"bbull"},{"type":"A","date":"2018-03-13T06:56:15.000Z","volume":2000,"price":98.45,"category":"bbull"},{"type":"A","date":"2018-03-13T06:54:18.000Z","volume":2000,"price":98.45,"category":"bbull"},{"type":"A","date":"2018-03-13T06:53:11.000Z","volume":2000,"price":98.45,"category":"bbull"},{"type":"A","date":"2018-03-13T06:51:58.000Z","volume":3000,"price":98.45,"category":"bbull"},{"type":"A","date":"2018-03-13T06:49:46.000Z","volume":2500,"price":98.4,"category":"bbull"},{"type":"A","date":"2018-03-13T06:46:59.000Z","volume":2500,"price":98.4,"category":"bbull"},{"type":"A","date":"2018-03-13T06:40:09.000Z","volume":3000,"price":98.55,"category":"bbull"},{"type":"A","date":"2018-03-13T06:38:22.000Z","volume":3000,"price":98.55,"category":"bbull"},{"type":"A","date":"2018-03-13T06:36:26.000Z","volume":4500,"price":98.5,"category":"bbull"},{"type":"A","date":"2018-03-13T06:36:26.000Z","volume":3500,"price":98.5,"category":"bbull"},{"type":"A","date":"2018-03-13T06:31:23.000Z","volume":2000,"price":98.45,"category":"bbull"},{"type":"A","date":"2018-03-13T06:30:04.000Z","volume":4000,"price":98.45,"category":"bbull"},{"type":"A","date":"2018-03-13T06:27:45.000Z","volume":3500,"price":98.45,"category":"bbull"},{"type":"A","date":"2018-03-13T06:27:02.000Z","volume":3500,"price":98.5,"category":"bbull"},{"type":"A","date":"2018-03-13T06:17:26.000Z","volume":3000,"price":98.5,"category":"bbull"},{"type":"A","date":"2018-03-13T06:11:40.000Z","volume":4000,"price":98.55,"category":"bbull"},{"type":"A","date":"2018-03-13T06:04:41.000Z","volume":3000,"price":98.55,"category":"bbull"},{"type":"A","date":"2018-03-13T06:04:14.000Z","volume":3000,"price":98.55,"category":"bbull"},{"type":"A","date":"2018-03-13T05:58:59.000Z","volume":2500,"price":98.6,"category":"bbull"},{"type":"A","date":"2018-03-13T05:57:41.000Z","volume":3000,"price":98.55,"category":"bbull"},{"type":"A","date":"2018-03-13T05:57:05.000Z","volume":3000,"price":98.55,"category":"bbull"},{"type":"A","date":"2018-03-13T05:57:05.000Z","volume":3000,"price":98.55,"category":"bbull"},{"type":"A","date":"2018-03-13T05:54:51.000Z","volume":2500,"price":98.6,"category":"bbull"},{"type":"A","date":"2018-03-13T05:52:16.000Z","volume":2000,"price":98.6,"category":"bbull"},{"type":"A","date":"2018-03-13T05:44:24.000Z","volume":3000,"price":98.6,"category":"bbull"},{"type":"A","date":"2018-03-13T05:41:34.000Z","volume":2000,"price":98.55,"category":"bbull"},{"type":"A","date":"2018-03-13T05:41:33.000Z","volume":2000,"price":98.55,"category":"bbull"},{"type":"A","date":"2018-03-13T05:39:27.000Z","volume":3000,"price":98.55,"category":"bbull"},{"type":"A","date":"2018-03-13T05:38:15.000Z","volume":4000,"price":98.55,"category":"bbull"},{"type":"A","date":"2018-03-13T05:36:45.000Z","volume":2000,"price":98.55,"category":"bbull"},{"type":"A","date":"2018-03-13T05:32:07.000Z","volume":2000,"price":98.55,"category":"bbull"},{"type":"A","date":"2018-03-13T05:27:03.000Z","volume":4000,"price":98.55,"category":"bbull"},{"type":"A","date":"2018-03-13T05:26:45.000Z","volume":3000,"price":98.55,"category":"bbull"},{"type":"A","date":"2018-03-13T05:21:20.000Z","volume":3000,"price":98.55,"category":"bbull"},{"type":"A","date":"2018-03-13T05:13:41.000Z","volume":2000,"price":98.55,"category":"bbull"},{"type":"A","date":"2018-03-13T05:07:20.000Z","volume":4500,"price":98.6,"category":"bbull"},{"type":"A","date":"2018-03-13T03:59:57.000Z","volume":3500,"price":98.55,"category":"bbull"},{"type":"A","date":"2018-03-13T03:59:57.000Z","volume":3000,"price":98.55,"category":"bbull"},{"type":"A","date":"2018-03-13T03:59:36.000Z","volume":2000,"price":98.55,"category":"bbull"},{"type":"A","date":"2018-03-13T03:58:27.000Z","volume":2000,"price":98.55,"category":"bbull"},{"type":"A","date":"2018-03-13T03:56:34.000Z","volume":2000,"price":98.55,"category":"bbull"},{"type":"A","date":"2018-03-13T03:41:48.000Z","volume":2000,"price":98.6,"category":"bbull"},{"type":"A","date":"2018-03-13T03:40:35.000Z","volume":2000,"price":98.55,"category":"bbull"},{"type":"A","date":"2018-03-13T03:40:16.000Z","volume":2000,"price":98.55,"category":"bbull"},{"type":"A","date":"2018-03-13T03:35:40.000Z","volume":2500,"price":98.55,"category":"bbull"},{"type":"A","date":"2018-03-13T03:35:40.000Z","volume":3000,"price":98.55,"category":"bbull"},{"type":"A","date":"2018-03-13T03:35:26.000Z","volume":3500,"price":98.55,"category":"bbull"},{"type":"A","date":"2018-03-13T03:32:08.000Z","volume":3000,"price":98.6,"category":"bbull"},{"type":"A","date":"2018-03-13T03:28:38.000Z","volume":2000,"price":98.6,"category":"bbull"},{"type":"A","date":"2018-03-13T03:25:29.000Z","volume":4000,"price":98.55,"category":"bbull"},{"type":"A","date":"2018-03-13T03:25:29.000Z","volume":4000,"price":98.55,"category":"bbull"},{"type":"A","date":"2018-03-13T03:19:49.000Z","volume":4000,"price":98.5,"category":"bbull"},{"type":"A","date":"2018-03-13T03:17:06.000Z","volume":2000,"price":98.55,"category":"bbull"},{"type":"A","date":"2018-03-13T03:16:29.000Z","volume":3000,"price":98.5,"category":"bbull"},{"type":"A","date":"2018-03-13T03:16:15.000Z","volume":2000,"price":98.5,"category":"bbull"},{"type":"A","date":"2018-03-13T03:12:50.000Z","volume":3500,"price":98.5,"category":"bbull"},{"type":"A","date":"2018-03-13T03:01:17.000Z","volume":2000,"price":98.5,"category":"bbull"},{"type":"A","date":"2018-03-13T02:54:41.000Z","volume":2500,"price":98.5,"category":"bbull"},{"type":"A","date":"2018-03-13T02:51:32.000Z","volume":2000,"price":98.5,"category":"bbull"},{"type":"A","date":"2018-03-13T02:46:26.000Z","volume":2500,"price":98.5,"category":"bbull"},{"type":"A","date":"2018-03-13T02:29:31.000Z","volume":2000,"price":98.6,"category":"bbull"},{"type":"A","date":"2018-03-13T02:28:31.000Z","volume":4000,"price":98.55,"category":"bbull"},{"type":"A","date":"2018-03-13T02:28:29.000Z","volume":2500,"price":98.55,"category":"bbull"},{"type":"A","date":"2018-03-13T02:21:40.000Z","volume":4500,"price":98.6,"category":"bbull"},{"type":"A","date":"2018-03-13T02:16:47.000Z","volume":2000,"price":98.6,"category":"bbull"},{"type":"A","date":"2018-03-13T02:15:03.000Z","volume":2000,"price":98.65,"category":"bbull"},{"type":"A","date":"2018-03-13T02:14:27.000Z","volume":3000,"price":98.7,"category":"bbull"},{"type":"A","date":"2018-03-13T02:14:24.000Z","volume":2500,"price":98.7,"category":"bbull"},{"type":"A","date":"2018-03-13T02:14:24.000Z","volume":4000,"price":98.7,"category":"bbull"},{"type":"A","date":"2018-03-13T02:13:39.000Z","volume":2500,"price":98.65,"category":"bbull"},{"type":"A","date":"2018-03-13T02:13:28.000Z","volume":2000,"price":98.65,"category":"bbull"},{"type":"A","date":"2018-03-13T02:11:09.000Z","volume":4000,"price":98.7,"category":"bbull"},{"type":"A","date":"2018-03-13T02:11:09.000Z","volume":4000,"price":98.7,"category":"bbull"},{"type":"A","date":"2018-03-13T02:10:49.000Z","volume":2000,"price":98.55,"category":"bbull"},{"type":"A","date":"2018-03-13T02:05:07.000Z","volume":3500,"price":98.6,"category":"bbull"},{"type":"A","date":"2018-03-13T02:05:06.000Z","volume":2000,"price":98.55,"category":"bbull"},{"type":"A","date":"2018-03-13T02:05:04.000Z","volume":4500,"price":98.6,"category":"bbull"},{"type":"A","date":"2018-03-13T02:04:54.000Z","volume":3000,"price":98.55,"category":"bbull"},{"type":"A","date":"2018-03-13T02:00:38.000Z","volume":2000,"price":98.55,"category":"bbull"},{"type":"A","date":"2018-03-13T01:59:14.000Z","volume":2000,"price":98.6,"category":"bbull"},{"type":"A","date":"2018-03-13T01:58:48.000Z","volume":2000,"price":98.6,"category":"bbull"},{"type":"A","date":"2018-03-13T01:58:47.000Z","volume":3000,"price":98.55,"category":"bbull"},{"type":"A","date":"2018-03-13T01:56:50.000Z","volume":3000,"price":98.6,"category":"bbull"},{"type":"A","date":"2018-03-13T01:55:28.000Z","volume":3000,"price":98.65,"category":"bbull"},{"type":"A","date":"2018-03-13T01:55:26.000Z","volume":4000,"price":98.65,"category":"bbull"},{"type":"A","date":"2018-03-13T01:55:25.000Z","volume":3000,"price":98.6,"category":"bbull"},{"type":"A","date":"2018-03-13T01:55:25.000Z","volume":3000,"price":98.6,"category":"bbull"},{"type":"A","date":"2018-03-13T01:55:25.000Z","volume":3000,"price":98.6,"category":"bbull"},{"type":"A","date":"2018-03-13T01:55:25.000Z","volume":4500,"price":98.6,"category":"bbull"},{"type":"A","date":"2018-03-13T01:55:25.000Z","volume":2500,"price":98.6,"category":"bbull"},{"type":"A","date":"2018-03-13T01:55:10.000Z","volume":2000,"price":98.55,"category":"bbull"},{"type":"A","date":"2018-03-13T01:54:47.000Z","volume":2000,"price":98.55,"category":"bbull"},{"type":"A","date":"2018-03-13T01:52:26.000Z","volume":2500,"price":98.6,"category":"bbull"},{"type":"A","date":"2018-03-13T01:52:22.000Z","volume":3000,"price":98.6,"category":"bbull"},{"type":"A","date":"2018-03-13T01:52:19.000Z","volume":2000,"price":98.6,"category":"bbull"},{"type":"A","date":"2018-03-13T01:49:03.000Z","volume":4000,"price":98.5,"category":"bbull"},{"type":"A","date":"2018-03-13T01:46:04.000Z","volume":2000,"price":98.6,"category":"bbull"},{"type":"A","date":"2018-03-13T01:43:19.000Z","volume":3000,"price":98.6,"category":"bbull"},{"type":"A","date":"2018-03-13T01:42:12.000Z","volume":3000,"price":98.55,"category":"bbull"},{"type":"A","date":"2018-03-13T01:41:37.000Z","volume":2000,"price":98.5,"category":"bbull"},{"type":"A","date":"2018-03-13T01:40:03.000Z","volume":2000,"price":98.65,"category":"bbull"},{"type":"A","date":"2018-03-13T01:36:41.000Z","volume":2500,"price":98.55,"category":"bbull"},{"type":"A","date":"2018-03-13T01:36:41.000Z","volume":3500,"price":98.45,"category":"bbull"},{"type":"A","date":"2018-03-13T01:35:40.000Z","volume":2500,"price":98.45,"category":"bbull"},{"type":"A","date":"2018-03-13T01:35:31.000Z","volume":3500,"price":98.4,"category":"bbull"},{"type":"A","date":"2018-03-13T01:35:14.000Z","volume":3000,"price":98.35,"category":"bbull"},{"type":"A","date":"2018-03-13T01:35:14.000Z","volume":4500,"price":98.35,"category":"bbull"},{"type":"A","date":"2018-03-13T01:30:14.000Z","volume":2000,"price":98.85,"category":"bbull"},{"type":"A","date":"2018-03-13T01:30:09.000Z","volume":2000,"price":98.9,"category":"bbull"},{"type":"A","date":"2018-03-13T01:30:05.000Z","volume":2000,"price":98.9,"category":"bbull"},{"type":"A","date":"2018-03-13T01:30:04.000Z","volume":2000,"price":98.9,"category":"bbull"},{"type":"A","date":"2018-03-13T01:30:00.000Z","volume":2000,"price":98.8,"category":"bbull"},{"type":"A","date":"2018-03-13T01:30:00.000Z","volume":2000,"price":98.6,"category":"bbull"},{"type":"A","date":"2018-03-13T01:30:00.000Z","volume":2500,"price":98.6,"category":"bbull"},{"type":"A","date":"2018-03-13T07:59:31.000Z","volume":500,"price":98.45,"category":"rbull"},{"type":"A","date":"2018-03-13T07:59:22.000Z","volume":500,"price":98.45,"category":"rbull"},{"type":"A","date":"2018-03-13T07:59:10.000Z","volume":500,"price":98.45,"category":"rbull"},{"type":"A","date":"2018-03-13T07:59:09.000Z","volume":500,"price":98.45,"category":"rbull"},{"type":"A","date":"2018-03-13T07:59:03.000Z","volume":500,"price":98.45,"category":"rbull"},{"type":"A","date":"2018-03-13T07:58:59.000Z","volume":500,"price":98.45,"category":"rbull"},{"type":"A","date":"2018-03-13T07:58:56.000Z","volume":500,"price":98.45,"category":"rbull"},{"type":"A","date":"2018-03-13T07:58:55.000Z","volume":500,"price":98.45,"category":"rbull"},{"type":"A","date":"2018-03-13T07:58:31.000Z","volume":500,"price":98.45,"category":"rbull"},{"type":"A","date":"2018-03-13T07:58:18.000Z","volume":500,"price":98.45,"category":"rbull"},{"type":"A","date":"2018-03-13T07:57:56.000Z","volume":500,"price":98.45,"category":"rbull"},{"type":"A","date":"2018-03-13T07:56:00.000Z","volume":500,"price":98.45,"category":"rbull"},{"type":"A","date":"2018-03-13T07:55:40.000Z","volume":500,"price":98.45,"category":"rbull"},{"type":"A","date":"2018-03-13T07:50:36.000Z","volume":500,"price":98.5,"category":"rbull"},{"type":"A","date":"2018-03-13T07:46:33.000Z","volume":500,"price":98.5,"category":"rbull"},{"type":"A","date":"2018-03-13T07:40:53.000Z","volume":500,"price":98.45,"category":"rbull"},{"type":"A","date":"2018-03-13T07:39:57.000Z","volume":500,"price":98.45,"category":"rbull"},{"type":"A","date":"2018-03-13T07:39:30.000Z","volume":500,"price":98.45,"category":"rbull"},{"type":"A","date":"2018-03-13T07:35:52.000Z","volume":500,"price":98.55,"category":"rbull"},{"type":"A","date":"2018-03-13T07:35:33.000Z","volume":500,"price":98.55,"category":"rbull"},{"type":"A","date":"2018-03-13T07:34:54.000Z","volume":500,"price":98.55,"category":"rbull"},{"type":"A","date":"2018-03-13T07:34:27.000Z","volume":500,"price":98.55,"category":"rbull"},{"type":"A","date":"2018-03-13T07:33:47.000Z","volume":500,"price":98.55,"category":"rbull"},{"type":"A","date":"2018-03-13T07:33:02.000Z","volume":500,"price":98.55,"category":"rbull"},{"type":"A","date":"2018-03-13T07:32:54.000Z","volume":500,"price":98.55,"category":"rbull"},{"type":"A","date":"2018-03-13T07:32:32.000Z","volume":500,"price":98.55,"category":"rbull"},{"type":"A","date":"2018-03-13T07:32:14.000Z","volume":500,"price":98.55,"category":"rbull"},{"type":"A","date":"2018-03-13T07:28:59.000Z","volume":500,"price":98.55,"category":"rbull"},{"type":"A","date":"2018-03-13T07:27:56.000Z","volume":500,"price":98.5,"category":"rbull"},{"type":"A","date":"2018-03-13T07:27:40.000Z","volume":500,"price":98.5,"category":"rbull"},{"type":"A","date":"2018-03-13T07:26:06.000Z","volume":500,"price":98.5,"category":"rbull"},{"type":"A","date":"2018-03-13T07:25:08.000Z","volume":500,"price":98.5,"category":"rbull"},{"type":"A","date":"2018-03-13T07:24:51.000Z","volume":500,"price":98.5,"category":"rbull"},{"type":"A","date":"2018-03-13T07:24:20.000Z","volume":500,"price":98.5,"category":"rbull"},{"type":"A","date":"2018-03-13T07:23:59.000Z","volume":500,"price":98.5,"category":"rbull"},{"type":"A","date":"2018-03-13T07:22:52.000Z","volume":500,"price":98.5,"category":"rbull"},{"type":"A","date":"2018-03-13T07:22:51.000Z","volume":500,"price":98.5,"category":"rbull"},{"type":"A","date":"2018-03-13T07:19:20.000Z","volume":500,"price":98.5,"category":"rbull"},{"type":"A","date":"2018-03-13T07:19:01.000Z","volume":500,"price":98.5,"category":"rbull"},{"type":"A","date":"2018-03-13T07:17:50.000Z","volume":500,"price":98.5,"category":"rbull"},{"type":"A","date":"2018-03-13T07:16:59.000Z","volume":500,"price":98.5,"category":"rbull"},{"type":"A","date":"2018-03-13T07:15:36.000Z","volume":500,"price":98.5,"category":"rbull"},{"type":"A","date":"2018-03-13T07:10:02.000Z","volume":500,"price":98.45,"category":"rbull"},{"type":"A","date":"2018-03-13T07:09:01.000Z","volume":500,"price":98.45,"category":"rbull"},{"type":"A","date":"2018-03-13T07:09:01.000Z","volume":500,"price":98.45,"category":"rbull"},{"type":"A","date":"2018-03-13T07:07:32.000Z","volume":500,"price":98.5,"category":"rbull"},{"type":"A","date":"2018-03-13T07:07:06.000Z","volume":500,"price":98.5,"category":"rbull"},{"type":"A","date":"2018-03-13T07:05:17.000Z","volume":500,"price":98.5,"category":"rbull"},{"type":"A","date":"2018-03-13T06:59:32.000Z","volume":500,"price":98.45,"category":"rbull"},{"type":"A","date":"2018-03-13T06:59:29.000Z","volume":500,"price":98.5,"category":"rbull"},{"type":"A","date":"2018-03-13T06:58:40.000Z","volume":500,"price":98.45,"category":"rbull"},{"type":"A","date":"2018-03-13T06:58:39.000Z","volume":500,"price":98.45,"category":"rbull"},{"type":"A","date":"2018-03-13T06:57:27.000Z","volume":500,"price":98.5,"category":"rbull"},{"type":"A","date":"2018-03-13T06:55:13.000Z","volume":500,"price":98.45,"category":"rbull"},{"type":"A","date":"2018-03-13T06:49:48.000Z","volume":500,"price":98.45,"category":"rbull"},{"type":"A","date":"2018-03-13T06:49:46.000Z","volume":500,"price":98.4,"category":"rbull"},{"type":"A","date":"2018-03-13T06:46:47.000Z","volume":500,"price":98.4,"category":"rbull"},{"type":"A","date":"2018-03-13T06:46:28.000Z","volume":500,"price":98.45,"category":"rbull"},{"type":"A","date":"2018-03-13T06:46:28.000Z","volume":500,"price":98.45,"category":"rbull"},{"type":"A","date":"2018-03-13T06:45:54.000Z","volume":500,"price":98.45,"category":"rbull"},{"type":"A","date":"2018-03-13T06:42:29.000Z","volume":500,"price":98.55,"category":"rbull"},{"type":"A","date":"2018-03-13T06:40:20.000Z","volume":500,"price":98.55,"category":"rbull"},{"type":"A","date":"2018-03-13T06:37:23.000Z","volume":500,"price":98.55,"category":"rbull"},{"type":"A","date":"2018-03-13T06:36:24.000Z","volume":500,"price":98.5,"category":"rbull"},{"type":"A","date":"2018-03-13T06:35:58.000Z","volume":500,"price":98.5,"category":"rbull"},{"type":"A","date":"2018-03-13T06:35:57.000Z","volume":500,"price":98.5,"category":"rbull"},{"type":"A","date":"2018-03-13T06:35:53.000Z","volume":500,"price":98.5,"category":"rbull"},{"type":"A","date":"2018-03-13T06:35:27.000Z","volume":500,"price":98.5,"category":"rbull"},{"type":"A","date":"2018-03-13T06:35:27.000Z","volume":500,"price":98.5,"category":"rbull"},{"type":"A","date":"2018-03-13T06:35:23.000Z","volume":500,"price":98.5,"category":"rbull"},{"type":"A","date":"2018-03-13T06:35:17.000Z","volume":500,"price":98.5,"category":"rbull"},{"type":"A","date":"2018-03-13T06:35:08.000Z","volume":500,"price":98.5,"category":"rbull"},{"type":"A","date":"2018-03-13T06:34:57.000Z","volume":500,"price":98.5,"category":"rbull"},{"type":"A","date":"2018-03-13T06:34:53.000Z","volume":500,"price":98.5,"category":"rbull"},{"type":"A","date":"2018-03-13T06:34:27.000Z","volume":500,"price":98.5,"category":"rbull"},{"type":"A","date":"2018-03-13T06:34:06.000Z","volume":500,"price":98.5,"category":"rbull"},{"type":"A","date":"2018-03-13T06:33:29.000Z","volume":500,"price":98.5,"category":"rbull"},{"type":"A","date":"2018-03-13T06:32:29.000Z","volume":500,"price":98.5,"category":"rbull"},{"type":"A","date":"2018-03-13T06:32:16.000Z","volume":500,"price":98.5,"category":"rbull"},{"type":"A","date":"2018-03-13T06:32:16.000Z","volume":500,"price":98.45,"category":"rbull"},{"type":"A","date":"2018-03-13T06:31:11.000Z","volume":500,"price":98.5,"category":"rbull"},{"type":"A","date":"2018-03-13T06:30:32.000Z","volume":500,"price":98.5,"category":"rbull"},{"type":"A","date":"2018-03-13T06:30:04.000Z","volume":500,"price":98.45,"category":"rbull"},{"type":"A","date":"2018-03-13T06:29:33.000Z","volume":500,"price":98.45,"category":"rbull"},{"type":"A","date":"2018-03-13T06:29:24.000Z","volume":500,"price":98.45,"category":"rbull"},{"type":"A","date":"2018-03-13T06:29:06.000Z","volume":500,"price":98.45,"category":"rbull"},{"type":"A","date":"2018-03-13T06:28:52.000Z","volume":500,"price":98.45,"category":"rbull"},{"type":"A","date":"2018-03-13T06:28:30.000Z","volume":500,"price":98.45,"category":"rbull"},{"type":"A","date":"2018-03-13T06:27:29.000Z","volume":500,"price":98.5,"category":"rbull"},{"type":"A","date":"2018-03-13T06:26:48.000Z","volume":500,"price":98.4,"category":"rbull"},{"type":"A","date":"2018-03-13T06:26:29.000Z","volume":500,"price":98.4,"category":"rbull"},{"type":"A","date":"2018-03-13T06:25:55.000Z","volume":500,"price":98.4,"category":"rbull"},{"type":"A","date":"2018-03-13T06:25:48.000Z","volume":500,"price":98.4,"category":"rbull"},{"type":"A","date":"2018-03-13T06:24:56.000Z","volume":500,"price":98.4,"category":"rbull"},{"type":"A","date":"2018-03-13T06:23:31.000Z","volume":500,"price":98.4,"category":"rbull"},{"type":"A","date":"2018-03-13T06:22:55.000Z","volume":500,"price":98.4,"category":"rbull"},{"type":"A","date":"2018-03-13T06:22:07.000Z","volume":500,"price":98.4,"category":"rbull"},{"type":"A","date":"2018-03-13T06:21:29.000Z","volume":500,"price":98.4,"category":"rbull"},{"type":"A","date":"2018-03-13T06:21:15.000Z","volume":500,"price":98.4,"category":"rbull"},{"type":"A","date":"2018-03-13T06:20:29.000Z","volume":500,"price":98.4,"category":"rbull"},{"type":"A","date":"2018-03-13T06:19:29.000Z","volume":500,"price":98.4,"category":"rbull"},{"type":"A","date":"2018-03-13T06:18:03.000Z","volume":500,"price":98.45,"category":"rbull"},{"type":"A","date":"2018-03-13T06:18:02.000Z","volume":500,"price":98.45,"category":"rbull"},{"type":"A","date":"2018-03-13T06:18:02.000Z","volume":500,"price":98.45,"category":"rbull"},{"type":"A","date":"2018-03-13T06:17:50.000Z","volume":500,"price":98.45,"category":"rbull"},{"type":"A","date":"2018-03-13T06:14:20.000Z","volume":500,"price":98.5,"category":"rbull"},{"type":"A","date":"2018-03-13T06:13:01.000Z","volume":500,"price":98.55,"category":"rbull"},{"type":"A","date":"2018-03-13T06:11:10.000Z","volume":500,"price":98.55,"category":"rbull"},{"type":"A","date":"2018-03-13T06:04:36.000Z","volume":500,"price":98.55,"category":"rbull"},{"type":"A","date":"2018-03-13T06:04:30.000Z","volume":500,"price":98.6,"category":"rbull"},{"type":"A","date":"2018-03-13T05:59:25.000Z","volume":500,"price":98.6,"category":"rbull"},{"type":"A","date":"2018-03-13T05:59:01.000Z","volume":500,"price":98.6,"category":"rbull"},{"type":"A","date":"2018-03-13T05:58:59.000Z","volume":500,"price":98.55,"category":"rbull"},{"type":"A","date":"2018-03-13T05:57:41.000Z","volume":500,"price":98.55,"category":"rbull"},{"type":"A","date":"2018-03-13T05:57:41.000Z","volume":500,"price":98.55,"category":"rbull"},{"type":"A","date":"2018-03-13T05:57:05.000Z","volume":500,"price":98.55,"category":"rbull"},{"type":"A","date":"2018-03-13T05:55:42.000Z","volume":500,"price":98.6,"category":"rbull"},{"type":"A","date":"2018-03-13T05:49:13.000Z","volume":500,"price":98.6,"category":"rbull"},{"type":"A","date":"2018-03-13T05:48:14.000Z","volume":500,"price":98.55,"category":"rbull"},{"type":"A","date":"2018-03-13T05:45:10.000Z","volume":500,"price":98.6,"category":"rbull"},{"type":"A","date":"2018-03-13T05:41:33.000Z","volume":500,"price":98.55,"category":"rbull"},{"type":"A","date":"2018-03-13T05:41:33.000Z","volume":500,"price":98.55,"category":"rbull"},{"type":"A","date":"2018-03-13T05:41:30.000Z","volume":500,"price":98.55,"category":"rbull"},{"type":"A","date":"2018-03-13T05:41:30.000Z","volume":500,"price":98.55,"category":"rbull"},{"type":"A","date":"2018-03-13T05:38:42.000Z","volume":500,"price":98.55,"category":"rbull"},{"type":"A","date":"2018-03-13T05:36:45.000Z","volume":500,"price":98.55,"category":"rbull"},{"type":"A","date":"2018-03-13T05:35:30.000Z","volume":500,"price":98.6,"category":"rbull"},{"type":"A","date":"2018-03-13T05:35:13.000Z","volume":500,"price":98.55,"category":"rbull"},{"type":"A","date":"2018-03-13T05:33:45.000Z","volume":500,"price":98.55,"category":"rbull"},{"type":"A","date":"2018-03-13T05:33:12.000Z","volume":500,"price":98.55,"category":"rbull"},{"type":"A","date":"2018-03-13T05:28:42.000Z","volume":500,"price":98.55,"category":"rbull"},{"type":"A","date":"2018-03-13T05:28:42.000Z","volume":500,"price":98.55,"category":"rbull"},{"type":"A","date":"2018-03-13T05:22:52.000Z","volume":500,"price":98.55,"category":"rbull"},{"type":"A","date":"2018-03-13T05:22:12.000Z","volume":500,"price":98.55,"category":"rbull"},{"type":"A","date":"2018-03-13T05:16:41.000Z","volume":500,"price":98.55,"category":"rbull"},{"type":"A","date":"2018-03-13T05:15:15.000Z","volume":500,"price":98.55,"category":"rbull"},{"type":"A","date":"2018-03-13T05:12:11.000Z","volume":500,"price":98.55,"category":"rbull"},{"type":"A","date":"2018-03-13T05:07:11.000Z","volume":500,"price":98.55,"category":"rbull"},{"type":"A","date":"2018-03-13T05:04:11.000Z","volume":500,"price":98.55,"category":"rbull"},{"type":"A","date":"2018-03-13T05:03:00.000Z","volume":500,"price":98.55,"category":"rbull"},{"type":"A","date":"2018-03-13T05:03:00.000Z","volume":500,"price":98.55,"category":"rbull"},{"type":"A","date":"2018-03-13T05:00:12.000Z","volume":500,"price":98.6,"category":"rbull"},{"type":"A","date":"2018-03-13T05:00:00.000Z","volume":500,"price":98.6,"category":"rbull"},{"type":"A","date":"2018-03-13T03:59:57.000Z","volume":500,"price":98.55,"category":"rbull"},{"type":"A","date":"2018-03-13T03:59:25.000Z","volume":500,"price":98.55,"category":"rbull"},{"type":"A","date":"2018-03-13T03:59:13.000Z","volume":500,"price":98.55,"category":"rbull"},{"type":"A","date":"2018-03-13T03:56:51.000Z","volume":500,"price":98.55,"category":"rbull"},{"type":"A","date":"2018-03-13T03:55:12.000Z","volume":500,"price":98.55,"category":"rbull"},{"type":"A","date":"2018-03-13T03:53:36.000Z","volume":500,"price":98.55,"category":"rbull"},{"type":"A","date":"2018-03-13T03:53:20.000Z","volume":500,"price":98.55,"category":"rbull"},{"type":"A","date":"2018-03-13T03:53:01.000Z","volume":500,"price":98.55,"category":"rbull"},{"type":"A","date":"2018-03-13T03:51:15.000Z","volume":500,"price":98.55,"category":"rbull"},{"type":"A","date":"2018-03-13T03:50:32.000Z","volume":500,"price":98.55,"category":"rbull"},{"type":"A","date":"2018-03-13T03:50:20.000Z","volume":500,"price":98.55,"category":"rbull"},{"type":"A","date":"2018-03-13T03:49:21.000Z","volume":500,"price":98.55,"category":"rbull"},{"type":"A","date":"2018-03-13T03:49:17.000Z","volume":500,"price":98.55,"category":"rbull"},{"type":"A","date":"2018-03-13T03:47:25.000Z","volume":500,"price":98.55,"category":"rbull"},{"type":"A","date":"2018-03-13T03:44:50.000Z","volume":500,"price":98.55,"category":"rbull"},{"type":"A","date":"2018-03-13T03:44:14.000Z","volume":500,"price":98.55,"category":"rbull"},{"type":"A","date":"2018-03-13T03:44:14.000Z","volume":500,"price":98.55,"category":"rbull"},{"type":"A","date":"2018-03-13T03:43:46.000Z","volume":500,"price":98.55,"category":"rbull"},{"type":"A","date":"2018-03-13T03:43:35.000Z","volume":500,"price":98.55,"category":"rbull"},{"type":"A","date":"2018-03-13T03:42:45.000Z","volume":500,"price":98.6,"category":"rbull"},{"type":"A","date":"2018-03-13T03:42:45.000Z","volume":500,"price":98.55,"category":"rbull"},{"type":"A","date":"2018-03-13T03:40:35.000Z","volume":500,"price":98.55,"category":"rbull"},{"type":"A","date":"2018-03-13T03:39:28.000Z","volume":500,"price":98.55,"category":"rbull"},{"type":"A","date":"2018-03-13T03:39:08.000Z","volume":500,"price":98.55,"category":"rbull"},{"type":"A","date":"2018-03-13T03:38:59.000Z","volume":500,"price":98.55,"category":"rbull"},{"type":"A","date":"2018-03-13T03:38:41.000Z","volume":500,"price":98.55,"category":"rbull"},{"type":"A","date":"2018-03-13T03:38:23.000Z","volume":500,"price":98.55,"category":"rbull"},{"type":"A","date":"2018-03-13T03:36:29.000Z","volume":500,"price":98.6,"category":"rbull"},{"type":"A","date":"2018-03-13T03:35:40.000Z","volume":500,"price":98.55,"category":"rbull"},{"type":"A","date":"2018-03-13T03:35:09.000Z","volume":500,"price":98.55,"category":"rbull"},{"type":"A","date":"2018-03-13T03:34:08.000Z","volume":500,"price":98.55,"category":"rbull"},{"type":"A","date":"2018-03-13T03:33:25.000Z","volume":500,"price":98.6,"category":"rbull"},{"type":"A","date":"2018-03-13T03:32:48.000Z","volume":500,"price":98.6,"category":"rbull"},{"type":"A","date":"2018-03-13T03:32:12.000Z","volume":500,"price":98.55,"category":"rbull"},{"type":"A","date":"2018-03-13T03:32:03.000Z","volume":500,"price":98.6,"category":"rbull"},{"type":"A","date":"2018-03-13T03:30:10.000Z","volume":500,"price":98.6,"category":"rbull"},{"type":"A","date":"2018-03-13T03:28:04.000Z","volume":500,"price":98.6,"category":"rbull"},{"type":"A","date":"2018-03-13T03:27:04.000Z","volume":500,"price":98.6,"category":"rbull"},{"type":"A","date":"2018-03-13T03:26:53.000Z","volume":500,"price":98.6,"category":"rbull"},{"type":"A","date":"2018-03-13T03:26:46.000Z","volume":500,"price":98.6,"category":"rbull"},{"type":"A","date":"2018-03-13T03:26:30.000Z","volume":500,"price":98.6,"category":"rbull"},{"type":"A","date":"2018-03-13T03:26:04.000Z","volume":500,"price":98.6,"category":"rbull"},{"type":"A","date":"2018-03-13T03:25:04.000Z","volume":500,"price":98.55,"category":"rbull"},{"type":"A","date":"2018-03-13T03:24:10.000Z","volume":500,"price":98.55,"category":"rbull"},{"type":"A","date":"2018-03-13T03:24:04.000Z","volume":500,"price":98.55,"category":"rbull"},{"type":"A","date":"2018-03-13T03:23:03.000Z","volume":500,"price":98.55,"category":"rbull"},{"type":"A","date":"2018-03-13T03:22:48.000Z","volume":500,"price":98.55,"category":"rbull"},{"type":"A","date":"2018-03-13T03:22:04.000Z","volume":500,"price":98.55,"category":"rbull"},{"type":"A","date":"2018-03-13T03:21:03.000Z","volume":500,"price":98.55,"category":"rbull"},{"type":"A","date":"2018-03-13T03:20:04.000Z","volume":500,"price":98.55,"category":"rbull"},{"type":"A","date":"2018-03-13T03:19:49.000Z","volume":500,"price":98.5,"category":"rbull"},{"type":"A","date":"2018-03-13T03:19:04.000Z","volume":500,"price":98.5,"category":"rbull"},{"type":"A","date":"2018-03-13T03:19:04.000Z","volume":500,"price":98.5,"category":"rbull"},{"type":"A","date":"2018-03-13T03:18:04.000Z","volume":500,"price":98.55,"category":"rbull"},{"type":"A","date":"2018-03-13T03:17:03.000Z","volume":500,"price":98.55,"category":"rbull"},{"type":"A","date":"2018-03-13T03:16:03.000Z","volume":500,"price":98.5,"category":"rbull"},{"type":"A","date":"2018-03-13T03:14:04.000Z","volume":500,"price":98.55,"category":"rbull"},{"type":"A","date":"2018-03-13T03:13:04.000Z","volume":500,"price":98.55,"category":"rbull"},{"type":"A","date":"2018-03-13T03:12:04.000Z","volume":500,"price":98.55,"category":"rbull"},{"type":"A","date":"2018-03-13T03:11:03.000Z","volume":500,"price":98.55,"category":"rbull"},{"type":"A","date":"2018-03-13T03:10:03.000Z","volume":500,"price":98.55,"category":"rbull"},{"type":"A","date":"2018-03-13T03:09:04.000Z","volume":500,"price":98.55,"category":"rbull"},{"type":"A","date":"2018-03-13T03:08:04.000Z","volume":500,"price":98.55,"category":"rbull"},{"type":"A","date":"2018-03-13T03:07:04.000Z","volume":500,"price":98.55,"category":"rbull"},{"type":"A","date":"2018-03-13T03:06:16.000Z","volume":500,"price":98.55,"category":"rbull"},{"type":"A","date":"2018-03-13T03:06:04.000Z","volume":500,"price":98.55,"category":"rbull"},{"type":"A","date":"2018-03-13T03:05:39.000Z","volume":500,"price":98.55,"category":"rbull"},{"type":"A","date":"2018-03-13T03:05:03.000Z","volume":500,"price":98.55,"category":"rbull"},{"type":"A","date":"2018-03-13T03:04:03.000Z","volume":500,"price":98.55,"category":"rbull"},{"type":"A","date":"2018-03-13T03:02:03.000Z","volume":500,"price":98.55,"category":"rbull"},{"type":"A","date":"2018-03-13T03:01:04.000Z","volume":500,"price":98.5,"category":"rbull"},{"type":"A","date":"2018-03-13T03:01:03.000Z","volume":500,"price":98.5,"category":"rbull"},{"type":"A","date":"2018-03-13T03:00:11.000Z","volume":500,"price":98.5,"category":"rbull"},{"type":"A","date":"2018-03-13T03:00:04.000Z","volume":500,"price":98.5,"category":"rbull"},{"type":"A","date":"2018-03-13T02:59:29.000Z","volume":500,"price":98.55,"category":"rbull"},{"type":"A","date":"2018-03-13T02:59:10.000Z","volume":500,"price":98.55,"category":"rbull"},{"type":"A","date":"2018-03-13T02:59:04.000Z","volume":500,"price":98.55,"category":"rbull"},{"type":"A","date":"2018-03-13T02:58:54.000Z","volume":500,"price":98.5,"category":"rbull"},{"type":"A","date":"2018-03-13T02:58:03.000Z","volume":500,"price":98.55,"category":"rbull"},{"type":"A","date":"2018-03-13T02:57:03.000Z","volume":500,"price":98.55,"category":"rbull"},{"type":"A","date":"2018-03-13T02:56:03.000Z","volume":500,"price":98.5,"category":"rbull"},{"type":"A","date":"2018-03-13T02:55:18.000Z","volume":500,"price":98.5,"category":"rbull"},{"type":"A","date":"2018-03-13T02:55:11.000Z","volume":500,"price":98.5,"category":"rbull"},{"type":"A","date":"2018-03-13T02:55:03.000Z","volume":500,"price":98.5,"category":"rbull"},{"type":"A","date":"2018-03-13T02:54:04.000Z","volume":500,"price":98.5,"category":"rbull"},{"type":"A","date":"2018-03-13T02:53:03.000Z","volume":500,"price":98.5,"category":"rbull"},{"type":"A","date":"2018-03-13T02:52:03.000Z","volume":500,"price":98.5,"category":"rbull"},{"type":"A","date":"2018-03-13T02:50:03.000Z","volume":500,"price":98.55,"category":"rbull"},{"type":"A","date":"2018-03-13T02:49:03.000Z","volume":500,"price":98.5,"category":"rbull"},{"type":"A","date":"2018-03-13T02:48:04.000Z","volume":500,"price":98.5,"category":"rbull"},{"type":"A","date":"2018-03-13T02:47:29.000Z","volume":500,"price":98.5,"category":"rbull"},{"type":"A","date":"2018-03-13T02:47:03.000Z","volume":500,"price":98.5,"category":"rbull"},{"type":"A","date":"2018-03-13T02:46:03.000Z","volume":500,"price":98.5,"category":"rbull"},{"type":"A","date":"2018-03-13T02:45:03.000Z","volume":500,"price":98.5,"category":"rbull"},{"type":"A","date":"2018-03-13T02:44:03.000Z","volume":500,"price":98.5,"category":"rbull"},{"type":"A","date":"2018-03-13T02:43:03.000Z","volume":500,"price":98.5,"category":"rbull"},{"type":"A","date":"2018-03-13T02:42:03.000Z","volume":500,"price":98.5,"category":"rbull"},{"type":"A","date":"2018-03-13T02:41:05.000Z","volume":500,"price":98.55,"category":"rbull"},{"type":"A","date":"2018-03-13T02:41:04.000Z","volume":500,"price":98.55,"category":"rbull"},{"type":"A","date":"2018-03-13T02:40:56.000Z","volume":500,"price":98.55,"category":"rbull"},{"type":"A","date":"2018-03-13T02:40:04.000Z","volume":500,"price":98.6,"category":"rbull"},{"type":"A","date":"2018-03-13T02:39:04.000Z","volume":500,"price":98.6,"category":"rbull"},{"type":"A","date":"2018-03-13T02:38:21.000Z","volume":500,"price":98.6,"category":"rbull"},{"type":"A","date":"2018-03-13T02:38:03.000Z","volume":500,"price":98.6,"category":"rbull"},{"type":"A","date":"2018-03-13T02:37:03.000Z","volume":500,"price":98.6,"category":"rbull"},{"type":"A","date":"2018-03-13T02:36:03.000Z","volume":500,"price":98.6,"category":"rbull"},{"type":"A","date":"2018-03-13T02:35:04.000Z","volume":500,"price":98.6,"category":"rbull"},{"type":"A","date":"2018-03-13T02:34:04.000Z","volume":500,"price":98.6,"category":"rbull"},{"type":"A","date":"2018-03-13T02:33:38.000Z","volume":500,"price":98.6,"category":"rbull"},{"type":"A","date":"2018-03-13T02:33:03.000Z","volume":500,"price":98.6,"category":"rbull"},{"type":"A","date":"2018-03-13T02:32:03.000Z","volume":500,"price":98.6,"category":"rbull"},{"type":"A","date":"2018-03-13T02:31:03.000Z","volume":500,"price":98.6,"category":"rbull"},{"type":"A","date":"2018-03-13T02:30:03.000Z","volume":500,"price":98.6,"category":"rbull"},{"type":"A","date":"2018-03-13T02:29:03.000Z","volume":500,"price":98.6,"category":"rbull"},{"type":"A","date":"2018-03-13T02:28:57.000Z","volume":500,"price":98.6,"category":"rbull"},{"type":"A","date":"2018-03-13T02:28:29.000Z","volume":500,"price":98.55,"category":"rbull"},{"type":"A","date":"2018-03-13T02:28:03.000Z","volume":500,"price":98.6,"category":"rbull"},{"type":"A","date":"2018-03-13T02:27:03.000Z","volume":500,"price":98.6,"category":"rbull"},{"type":"A","date":"2018-03-13T02:26:36.000Z","volume":500,"price":98.6,"category":"rbull"},{"type":"A","date":"2018-03-13T02:26:29.000Z","volume":500,"price":98.6,"category":"rbull"},{"type":"A","date":"2018-03-13T02:25:03.000Z","volume":500,"price":98.6,"category":"rbull"},{"type":"A","date":"2018-03-13T02:24:57.000Z","volume":500,"price":98.6,"category":"rbull"},{"type":"A","date":"2018-03-13T02:24:03.000Z","volume":500,"price":98.6,"category":"rbull"},{"type":"A","date":"2018-03-13T02:23:45.000Z","volume":500,"price":98.6,"category":"rbull"},{"type":"A","date":"2018-03-13T02:23:03.000Z","volume":500,"price":98.6,"category":"rbull"},{"type":"A","date":"2018-03-13T02:22:04.000Z","volume":500,"price":98.6,"category":"rbull"},{"type":"A","date":"2018-03-13T02:21:03.000Z","volume":500,"price":98.6,"category":"rbull"},{"type":"A","date":"2018-03-13T02:20:32.000Z","volume":500,"price":98.6,"category":"rbull"},{"type":"A","date":"2018-03-13T02:20:03.000Z","volume":500,"price":98.6,"category":"rbull"},{"type":"A","date":"2018-03-13T02:19:02.000Z","volume":500,"price":98.6,"category":"rbull"},{"type":"A","date":"2018-03-13T02:18:22.000Z","volume":500,"price":98.6,"category":"rbull"},{"type":"A","date":"2018-03-13T02:18:03.000Z","volume":500,"price":98.6,"category":"rbull"},{"type":"A","date":"2018-03-13T02:17:04.000Z","volume":500,"price":98.6,"category":"rbull"},{"type":"A","date":"2018-03-13T02:16:03.000Z","volume":500,"price":98.65,"category":"rbull"},{"type":"A","date":"2018-03-13T02:15:03.000Z","volume":500,"price":98.65,"category":"rbull"},{"type":"A","date":"2018-03-13T02:14:47.000Z","volume":500,"price":98.75,"category":"rbull"},{"type":"A","date":"2018-03-13T02:14:02.000Z","volume":500,"price":98.65,"category":"rbull"},{"type":"A","date":"2018-03-13T02:12:03.000Z","volume":500,"price":98.65,"category":"rbull"},{"type":"A","date":"2018-03-13T02:11:09.000Z","volume":500,"price":98.7,"category":"rbull"},{"type":"A","date":"2018-03-13T02:11:03.000Z","volume":500,"price":98.7,"category":"rbull"},{"type":"A","date":"2018-03-13T02:10:49.000Z","volume":500,"price":98.65,"category":"rbull"},{"type":"A","date":"2018-03-13T02:10:49.000Z","volume":500,"price":98.55,"category":"rbull"},{"type":"A","date":"2018-03-13T02:10:02.000Z","volume":500,"price":98.55,"category":"rbull"},{"type":"A","date":"2018-03-13T02:09:03.000Z","volume":500,"price":98.6,"category":"rbull"},{"type":"A","date":"2018-03-13T02:08:03.000Z","volume":500,"price":98.6,"category":"rbull"},{"type":"A","date":"2018-03-13T02:07:02.000Z","volume":500,"price":98.6,"category":"rbull"},{"type":"A","date":"2018-03-13T02:06:02.000Z","volume":500,"price":98.6,"category":"rbull"},{"type":"A","date":"2018-03-13T02:05:32.000Z","volume":500,"price":98.6,"category":"rbull"},{"type":"A","date":"2018-03-13T02:05:21.000Z","volume":500,"price":98.6,"category":"rbull"},{"type":"A","date":"2018-03-13T02:05:08.000Z","volume":500,"price":98.6,"category":"rbull"},{"type":"A","date":"2018-03-13T02:05:02.000Z","volume":500,"price":98.55,"category":"rbull"},{"type":"A","date":"2018-03-13T02:04:03.000Z","volume":500,"price":98.55,"category":"rbull"},{"type":"A","date":"2018-03-13T02:04:00.000Z","volume":500,"price":98.55,"category":"rbull"},{"type":"A","date":"2018-03-13T02:03:03.000Z","volume":500,"price":98.55,"category":"rbull"},{"type":"A","date":"2018-03-13T02:02:40.000Z","volume":500,"price":98.55,"category":"rbull"},{"type":"A","date":"2018-03-13T02:02:03.000Z","volume":500,"price":98.6,"category":"rbull"},{"type":"A","date":"2018-03-13T02:01:38.000Z","volume":500,"price":98.6,"category":"rbull"},{"type":"A","date":"2018-03-13T02:01:02.000Z","volume":500,"price":98.6,"category":"rbull"},{"type":"A","date":"2018-03-13T02:00:25.000Z","volume":500,"price":98.6,"category":"rbull"},{"type":"A","date":"2018-03-13T02:00:02.000Z","volume":500,"price":98.6,"category":"rbull"},{"type":"A","date":"2018-03-13T02:00:01.000Z","volume":500,"price":98.55,"category":"rbull"},{"type":"A","date":"2018-03-13T01:59:28.000Z","volume":500,"price":98.6,"category":"rbull"},{"type":"A","date":"2018-03-13T01:59:03.000Z","volume":500,"price":98.6,"category":"rbull"},{"type":"A","date":"2018-03-13T01:58:47.000Z","volume":500,"price":98.6,"category":"rbull"},{"type":"A","date":"2018-03-13T01:58:39.000Z","volume":500,"price":98.6,"category":"rbull"},{"type":"A","date":"2018-03-13T01:58:15.000Z","volume":500,"price":98.6,"category":"rbull"},{"type":"A","date":"2018-03-13T01:58:13.000Z","volume":500,"price":98.6,"category":"rbull"},{"type":"A","date":"2018-03-13T01:58:02.000Z","volume":500,"price":98.6,"category":"rbull"},{"type":"A","date":"2018-03-13T01:57:03.000Z","volume":500,"price":98.6,"category":"rbull"},{"type":"A","date":"2018-03-13T01:56:49.000Z","volume":500,"price":98.6,"category":"rbull"},{"type":"A","date":"2018-03-13T01:55:03.000Z","volume":500,"price":98.55,"category":"rbull"},{"type":"A","date":"2018-03-13T01:54:02.000Z","volume":500,"price":98.55,"category":"rbull"},{"type":"A","date":"2018-03-13T01:54:00.000Z","volume":500,"price":98.55,"category":"rbull"},{"type":"A","date":"2018-03-13T01:53:02.000Z","volume":500,"price":98.6,"category":"rbull"},{"type":"A","date":"2018-03-13T01:52:37.000Z","volume":500,"price":98.6,"category":"rbull"},{"type":"A","date":"2018-03-13T01:52:36.000Z","volume":500,"price":98.6,"category":"rbull"},{"type":"A","date":"2018-03-13T01:52:35.000Z","volume":500,"price":98.6,"category":"rbull"},{"type":"A","date":"2018-03-13T01:52:03.000Z","volume":500,"price":98.6,"category":"rbull"},{"type":"A","date":"2018-03-13T01:51:35.000Z","volume":500,"price":98.6,"category":"rbull"},{"type":"A","date":"2018-03-13T01:51:18.000Z","volume":500,"price":98.6,"category":"rbull"},{"type":"A","date":"2018-03-13T01:51:03.000Z","volume":500,"price":98.6,"category":"rbull"},{"type":"A","date":"2018-03-13T01:50:37.000Z","volume":500,"price":98.55,"category":"rbull"},{"type":"A","date":"2018-03-13T01:50:15.000Z","volume":500,"price":98.55,"category":"rbull"},{"type":"A","date":"2018-03-13T01:50:11.000Z","volume":500,"price":98.6,"category":"rbull"},{"type":"A","date":"2018-03-13T01:50:10.000Z","volume":500,"price":98.55,"category":"rbull"},{"type":"A","date":"2018-03-13T01:50:04.000Z","volume":500,"price":98.55,"category":"rbull"},{"type":"A","date":"2018-03-13T01:50:03.000Z","volume":500,"price":98.55,"category":"rbull"},{"type":"A","date":"2018-03-13T01:48:02.000Z","volume":500,"price":98.5,"category":"rbull"},{"type":"A","date":"2018-03-13T01:47:03.000Z","volume":500,"price":98.5,"category":"rbull"},{"type":"A","date":"2018-03-13T01:46:24.000Z","volume":500,"price":98.55,"category":"rbull"},{"type":"A","date":"2018-03-13T01:46:24.000Z","volume":500,"price":98.55,"category":"rbull"},{"type":"A","date":"2018-03-13T01:46:03.000Z","volume":500,"price":98.6,"category":"rbull"},{"type":"A","date":"2018-03-13T01:46:02.000Z","volume":500,"price":98.6,"category":"rbull"},{"type":"A","date":"2018-03-13T01:45:47.000Z","volume":500,"price":98.6,"category":"rbull"},{"type":"A","date":"2018-03-13T01:45:04.000Z","volume":500,"price":98.6,"category":"rbull"},{"type":"A","date":"2018-03-13T01:44:58.000Z","volume":500,"price":98.6,"category":"rbull"},{"type":"A","date":"2018-03-13T01:44:32.000Z","volume":500,"price":98.6,"category":"rbull"},{"type":"A","date":"2018-03-13T01:44:03.000Z","volume":500,"price":98.6,"category":"rbull"},{"type":"A","date":"2018-03-13T01:43:28.000Z","volume":500,"price":98.6,"category":"rbull"},{"type":"A","date":"2018-03-13T01:43:10.000Z","volume":500,"price":98.6,"category":"rbull"},{"type":"A","date":"2018-03-13T01:43:03.000Z","volume":500,"price":98.6,"category":"rbull"},{"type":"A","date":"2018-03-13T01:42:42.000Z","volume":500,"price":98.6,"category":"rbull"},{"type":"A","date":"2018-03-13T01:42:02.000Z","volume":500,"price":98.55,"category":"rbull"},{"type":"A","date":"2018-03-13T01:41:37.000Z","volume":500,"price":98.5,"category":"rbull"},{"type":"A","date":"2018-03-13T01:41:02.000Z","volume":500,"price":98.5,"category":"rbull"},{"type":"A","date":"2018-03-13T01:40:48.000Z","volume":500,"price":98.55,"category":"rbull"},{"type":"A","date":"2018-03-13T01:40:48.000Z","volume":500,"price":98.55,"category":"rbull"},{"type":"A","date":"2018-03-13T01:40:02.000Z","volume":500,"price":98.65,"category":"rbull"},{"type":"A","date":"2018-03-13T01:39:59.000Z","volume":500,"price":98.65,"category":"rbull"},{"type":"A","date":"2018-03-13T01:39:03.000Z","volume":500,"price":98.65,"category":"rbull"},{"type":"A","date":"2018-03-13T01:38:02.000Z","volume":500,"price":98.65,"category":"rbull"},{"type":"A","date":"2018-03-13T01:37:03.000Z","volume":500,"price":98.65,"category":"rbull"},{"type":"A","date":"2018-03-13T01:36:41.000Z","volume":500,"price":98.5,"category":"rbull"},{"type":"A","date":"2018-03-13T01:36:41.000Z","volume":500,"price":98.5,"category":"rbull"},{"type":"A","date":"2018-03-13T01:36:41.000Z","volume":500,"price":98.45,"category":"rbull"},{"type":"A","date":"2018-03-13T01:36:02.000Z","volume":500,"price":98.5,"category":"rbull"},{"type":"A","date":"2018-03-13T01:35:31.000Z","volume":500,"price":98.45,"category":"rbull"},{"type":"A","date":"2018-03-13T01:35:31.000Z","volume":500,"price":98.45,"category":"rbull"},{"type":"A","date":"2018-03-13T01:35:31.000Z","volume":500,"price":98.4,"category":"rbull"},{"type":"A","date":"2018-03-13T01:35:31.000Z","volume":500,"price":98.4,"category":"rbull"},{"type":"A","date":"2018-03-13T01:35:25.000Z","volume":500,"price":98.35,"category":"rbull"},{"type":"A","date":"2018-03-13T01:34:06.000Z","volume":500,"price":98.65,"category":"rbull"},{"type":"A","date":"2018-03-13T01:34:02.000Z","volume":500,"price":98.65,"category":"rbull"},{"type":"A","date":"2018-03-13T01:33:39.000Z","volume":500,"price":98.65,"category":"rbull"},{"type":"A","date":"2018-03-13T01:33:27.000Z","volume":500,"price":98.65,"category":"rbull"},{"type":"A","date":"2018-03-13T01:33:16.000Z","volume":500,"price":98.65,"category":"rbull"},{"type":"A","date":"2018-03-13T01:33:14.000Z","volume":500,"price":98.65,"category":"rbull"},{"type":"A","date":"2018-03-13T01:33:03.000Z","volume":500,"price":98.65,"category":"rbull"},{"type":"A","date":"2018-03-13T01:32:31.000Z","volume":500,"price":98.65,"category":"rbull"},{"type":"A","date":"2018-03-13T01:32:03.000Z","volume":500,"price":98.7,"category":"rbull"},{"type":"A","date":"2018-03-13T01:31:03.000Z","volume":500,"price":98.7,"category":"rbull"},{"type":"A","date":"2018-03-13T01:30:52.000Z","volume":500,"price":98.7,"category":"rbull"},{"type":"A","date":"2018-03-13T01:30:52.000Z","volume":500,"price":98.7,"category":"rbull"},{"type":"A","date":"2018-03-13T01:30:27.000Z","volume":500,"price":98.8,"category":"rbull"},{"type":"A","date":"2018-03-13T01:30:17.000Z","volume":500,"price":98.9,"category":"rbull"},{"type":"A","date":"2018-03-13T01:30:17.000Z","volume":500,"price":98.85,"category":"rbull"},{"type":"A","date":"2018-03-13T01:30:17.000Z","volume":500,"price":98.85,"category":"rbull"},{"type":"A","date":"2018-03-13T01:30:14.000Z","volume":500,"price":98.85,"category":"rbull"},{"type":"A","date":"2018-03-13T01:30:13.000Z","volume":500,"price":98.85,"category":"rbull"},{"type":"A","date":"2018-03-13T01:30:05.000Z","volume":500,"price":98.9,"category":"rbull"},{"type":"A","date":"2018-03-13T01:30:04.000Z","volume":500,"price":98.9,"category":"rbull"},{"type":"A","date":"2018-03-13T01:30:04.000Z","volume":500,"price":98.9,"category":"rbull"},{"type":"A","date":"2018-03-13T01:30:00.000Z","volume":500,"price":98.8,"category":"rbull"},{"type":"A","date":"2018-03-13T01:30:00.000Z","volume":500,"price":98.75,"category":"rbull"},{"type":"A","date":"2018-03-13T01:30:00.000Z","volume":500,"price":98.75,"category":"rbull"},{"type":"A","date":"2018-03-13T01:30:00.000Z","volume":500,"price":98.7,"category":"rbull"},{"type":"B","date":"2018-03-13T07:59:48.000Z","volume":500,"price":98.45,"category":"rbear"},{"type":"B","date":"2018-03-13T07:59:43.000Z","volume":500,"price":98.45,"category":"rbear"},{"type":"B","date":"2018-03-13T07:59:37.000Z","volume":500,"price":98.45,"category":"rbear"},{"type":"B","date":"2018-03-13T07:59:35.000Z","volume":500,"price":98.4,"category":"rbear"},{"type":"B","date":"2018-03-13T07:59:30.000Z","volume":500,"price":98.4,"category":"rbear"},{"type":"B","date":"2018-03-13T07:59:08.000Z","volume":500,"price":98.4,"category":"rbear"},{"type":"B","date":"2018-03-13T07:58:58.000Z","volume":500,"price":98.4,"category":"rbear"},{"type":"B","date":"2018-03-13T07:58:33.000Z","volume":500,"price":98.4,"category":"rbear"},{"type":"B","date":"2018-03-13T07:58:27.000Z","volume":500,"price":98.4,"category":"rbear"},{"type":"B","date":"2018-03-13T07:57:45.000Z","volume":500,"price":98.4,"category":"rbear"},{"type":"B","date":"2018-03-13T07:57:32.000Z","volume":500,"price":98.4,"category":"rbear"},{"type":"B","date":"2018-03-13T07:57:25.000Z","volume":500,"price":98.4,"category":"rbear"},{"type":"B","date":"2018-03-13T07:56:55.000Z","volume":500,"price":98.4,"category":"rbear"},{"type":"B","date":"2018-03-13T07:56:49.000Z","volume":500,"price":98.4,"category":"rbear"},{"type":"B","date":"2018-03-13T07:56:32.000Z","volume":500,"price":98.4,"category":"rbear"},{"type":"B","date":"2018-03-13T07:56:32.000Z","volume":500,"price":98.4,"category":"rbear"},{"type":"B","date":"2018-03-13T07:56:30.000Z","volume":500,"price":98.4,"category":"rbear"},{"type":"B","date":"2018-03-13T07:56:22.000Z","volume":500,"price":98.4,"category":"rbear"},{"type":"B","date":"2018-03-13T07:55:44.000Z","volume":500,"price":98.4,"category":"rbear"},{"type":"B","date":"2018-03-13T07:55:06.000Z","volume":500,"price":98.4,"category":"rbear"},{"type":"B","date":"2018-03-13T07:54:47.000Z","volume":500,"price":98.4,"category":"rbear"},{"type":"B","date":"2018-03-13T07:54:43.000Z","volume":500,"price":98.4,"category":"rbear"},{"type":"B","date":"2018-03-13T07:53:35.000Z","volume":500,"price":98.4,"category":"rbear"},{"type":"B","date":"2018-03-13T07:53:31.000Z","volume":500,"price":98.4,"category":"rbear"},{"type":"B","date":"2018-03-13T07:52:26.000Z","volume":500,"price":98.45,"category":"rbear"},{"type":"B","date":"2018-03-13T07:52:26.000Z","volume":500,"price":98.45,"category":"rbear"},{"type":"B","date":"2018-03-13T07:52:20.000Z","volume":500,"price":98.45,"category":"rbear"},{"type":"B","date":"2018-03-13T07:52:06.000Z","volume":500,"price":98.45,"category":"rbear"},{"type":"B","date":"2018-03-13T07:51:30.000Z","volume":500,"price":98.45,"category":"rbear"},{"type":"B","date":"2018-03-13T07:51:06.000Z","volume":500,"price":98.45,"category":"rbear"},{"type":"B","date":"2018-03-13T07:50:45.000Z","volume":500,"price":98.45,"category":"rbear"},{"type":"B","date":"2018-03-13T07:49:26.000Z","volume":500,"price":98.45,"category":"rbear"},{"type":"B","date":"2018-03-13T07:49:21.000Z","volume":500,"price":98.45,"category":"rbear"},{"type":"B","date":"2018-03-13T07:49:02.000Z","volume":500,"price":98.45,"category":"rbear"},{"type":"B","date":"2018-03-13T07:49:02.000Z","volume":500,"price":98.45,"category":"rbear"},{"type":"B","date":"2018-03-13T07:49:02.000Z","volume":500,"price":98.45,"category":"rbear"},{"type":"B","date":"2018-03-13T07:49:02.000Z","volume":500,"price":98.45,"category":"rbear"},{"type":"B","date":"2018-03-13T07:49:02.000Z","volume":500,"price":98.45,"category":"rbear"},{"type":"B","date":"2018-03-13T07:49:02.000Z","volume":500,"price":98.45,"category":"rbear"},{"type":"B","date":"2018-03-13T07:48:30.000Z","volume":500,"price":98.45,"category":"rbear"},{"type":"B","date":"2018-03-13T07:48:16.000Z","volume":500,"price":98.45,"category":"rbear"},{"type":"B","date":"2018-03-13T07:45:30.000Z","volume":500,"price":98.45,"category":"rbear"},{"type":"B","date":"2018-03-13T07:45:25.000Z","volume":500,"price":98.45,"category":"rbear"},{"type":"B","date":"2018-03-13T07:43:37.000Z","volume":500,"price":98.45,"category":"rbear"},{"type":"B","date":"2018-03-13T07:43:34.000Z","volume":500,"price":98.45,"category":"rbear"},{"type":"B","date":"2018-03-13T07:43:33.000Z","volume":500,"price":98.45,"category":"rbear"},{"type":"B","date":"2018-03-13T07:42:31.000Z","volume":500,"price":98.45,"category":"rbear"},{"type":"B","date":"2018-03-13T07:42:30.000Z","volume":500,"price":98.45,"category":"rbear"},{"type":"B","date":"2018-03-13T07:41:09.000Z","volume":500,"price":98.45,"category":"rbear"},{"type":"B","date":"2018-03-13T07:40:45.000Z","volume":500,"price":98.4,"category":"rbear"},{"type":"B","date":"2018-03-13T07:39:30.000Z","volume":500,"price":98.4,"category":"rbear"},{"type":"B","date":"2018-03-13T07:38:51.000Z","volume":500,"price":98.5,"category":"rbear"},{"type":"B","date":"2018-03-13T07:38:03.000Z","volume":500,"price":98.5,"category":"rbear"},{"type":"B","date":"2018-03-13T07:38:01.000Z","volume":500,"price":98.5,"category":"rbear"},{"type":"B","date":"2018-03-13T07:36:37.000Z","volume":500,"price":98.5,"category":"rbear"},{"type":"B","date":"2018-03-13T07:36:30.000Z","volume":500,"price":98.5,"category":"rbear"},{"type":"B","date":"2018-03-13T07:36:11.000Z","volume":500,"price":98.5,"category":"rbear"},{"type":"B","date":"2018-03-13T07:35:52.000Z","volume":500,"price":98.5,"category":"rbear"},{"type":"B","date":"2018-03-13T07:35:35.000Z","volume":500,"price":98.5,"category":"rbear"},{"type":"B","date":"2018-03-13T07:35:25.000Z","volume":500,"price":98.5,"category":"rbear"},{"type":"B","date":"2018-03-13T07:35:15.000Z","volume":500,"price":98.5,"category":"rbear"},{"type":"B","date":"2018-03-13T07:34:56.000Z","volume":500,"price":98.5,"category":"rbear"},{"type":"B","date":"2018-03-13T07:34:54.000Z","volume":500,"price":98.5,"category":"rbear"},{"type":"B","date":"2018-03-13T07:34:45.000Z","volume":500,"price":98.5,"category":"rbear"},{"type":"B","date":"2018-03-13T07:34:41.000Z","volume":500,"price":98.5,"category":"rbear"},{"type":"B","date":"2018-03-13T07:34:38.000Z","volume":500,"price":98.5,"category":"rbear"},{"type":"B","date":"2018-03-13T07:34:28.000Z","volume":500,"price":98.5,"category":"rbear"},{"type":"B","date":"2018-03-13T07:34:18.000Z","volume":500,"price":98.5,"category":"rbear"},{"type":"B","date":"2018-03-13T07:34:17.000Z","volume":500,"price":98.5,"category":"rbear"},{"type":"B","date":"2018-03-13T07:34:17.000Z","volume":500,"price":98.5,"category":"rbear"},{"type":"B","date":"2018-03-13T07:34:17.000Z","volume":500,"price":98.5,"category":"rbear"},{"type":"B","date":"2018-03-13T07:33:12.000Z","volume":500,"price":98.5,"category":"rbear"},{"type":"B","date":"2018-03-13T07:33:10.000Z","volume":500,"price":98.5,"category":"rbear"},{"type":"B","date":"2018-03-13T07:32:31.000Z","volume":500,"price":98.5,"category":"rbear"},{"type":"B","date":"2018-03-13T07:32:30.000Z","volume":500,"price":98.5,"category":"rbear"},{"type":"B","date":"2018-03-13T07:31:48.000Z","volume":500,"price":98.5,"category":"rbear"},{"type":"B","date":"2018-03-13T07:31:37.000Z","volume":500,"price":98.5,"category":"rbear"},{"type":"B","date":"2018-03-13T07:31:31.000Z","volume":500,"price":98.5,"category":"rbear"},{"type":"B","date":"2018-03-13T07:31:30.000Z","volume":500,"price":98.5,"category":"rbear"},{"type":"B","date":"2018-03-13T07:31:28.000Z","volume":500,"price":98.5,"category":"rbear"},{"type":"B","date":"2018-03-13T07:29:52.000Z","volume":500,"price":98.5,"category":"rbear"},{"type":"B","date":"2018-03-13T07:29:46.000Z","volume":500,"price":98.5,"category":"rbear"},{"type":"B","date":"2018-03-13T07:29:30.000Z","volume":500,"price":98.5,"category":"rbear"},{"type":"B","date":"2018-03-13T07:29:29.000Z","volume":500,"price":98.5,"category":"rbear"},{"type":"B","date":"2018-03-13T07:29:15.000Z","volume":500,"price":98.5,"category":"rbear"},{"type":"B","date":"2018-03-13T07:28:30.000Z","volume":500,"price":98.45,"category":"rbear"},{"type":"B","date":"2018-03-13T07:26:36.000Z","volume":500,"price":98.45,"category":"rbear"},{"type":"B","date":"2018-03-13T07:26:30.000Z","volume":500,"price":98.45,"category":"rbear"},{"type":"B","date":"2018-03-13T07:24:54.000Z","volume":500,"price":98.45,"category":"rbear"},{"type":"B","date":"2018-03-13T07:24:31.000Z","volume":500,"price":98.45,"category":"rbear"},{"type":"B","date":"2018-03-13T07:23:30.000Z","volume":500,"price":98.45,"category":"rbear"},{"type":"B","date":"2018-03-13T07:21:56.000Z","volume":500,"price":98.45,"category":"rbear"},{"type":"B","date":"2018-03-13T07:21:30.000Z","volume":500,"price":98.45,"category":"rbear"},{"type":"B","date":"2018-03-13T07:21:26.000Z","volume":500,"price":98.45,"category":"rbear"},{"type":"B","date":"2018-03-13T07:19:30.000Z","volume":500,"price":98.45,"category":"rbear"},{"type":"B","date":"2018-03-13T07:18:30.000Z","volume":500,"price":98.45,"category":"rbear"},{"type":"B","date":"2018-03-13T07:18:03.000Z","volume":500,"price":98.45,"category":"rbear"},{"type":"B","date":"2018-03-13T07:17:39.000Z","volume":500,"price":98.45,"category":"rbear"},{"type":"B","date":"2018-03-13T07:17:36.000Z","volume":500,"price":98.45,"category":"rbear"},{"type":"B","date":"2018-03-13T07:16:33.000Z","volume":500,"price":98.45,"category":"rbear"},{"type":"B","date":"2018-03-13T07:15:50.000Z","volume":500,"price":98.45,"category":"rbear"},{"type":"B","date":"2018-03-13T07:15:40.000Z","volume":500,"price":98.45,"category":"rbear"},{"type":"B","date":"2018-03-13T07:15:37.000Z","volume":500,"price":98.45,"category":"rbear"},{"type":"B","date":"2018-03-13T07:15:16.000Z","volume":500,"price":98.45,"category":"rbear"},{"type":"B","date":"2018-03-13T07:14:30.000Z","volume":500,"price":98.45,"category":"rbear"},{"type":"B","date":"2018-03-13T07:13:23.000Z","volume":500,"price":98.45,"category":"rbear"},{"type":"B","date":"2018-03-13T07:12:39.000Z","volume":500,"price":98.45,"category":"rbear"},{"type":"B","date":"2018-03-13T07:11:30.000Z","volume":500,"price":98.45,"category":"rbear"},{"type":"B","date":"2018-03-13T07:10:48.000Z","volume":500,"price":98.45,"category":"rbear"},{"type":"B","date":"2018-03-13T07:10:32.000Z","volume":500,"price":98.45,"category":"rbear"},{"type":"B","date":"2018-03-13T07:10:24.000Z","volume":500,"price":98.45,"category":"rbear"},{"type":"B","date":"2018-03-13T07:10:23.000Z","volume":500,"price":98.45,"category":"rbear"},{"type":"B","date":"2018-03-13T07:09:50.000Z","volume":500,"price":98.45,"category":"rbear"},{"type":"B","date":"2018-03-13T07:09:30.000Z","volume":500,"price":98.4,"category":"rbear"},{"type":"B","date":"2018-03-13T07:08:31.000Z","volume":500,"price":98.45,"category":"rbear"},{"type":"B","date":"2018-03-13T07:06:29.000Z","volume":500,"price":98.45,"category":"rbear"},{"type":"B","date":"2018-03-13T07:05:32.000Z","volume":500,"price":98.45,"category":"rbear"},{"type":"B","date":"2018-03-13T07:04:36.000Z","volume":500,"price":98.5,"category":"rbear"},{"type":"B","date":"2018-03-13T07:04:24.000Z","volume":500,"price":98.5,"category":"rbear"},{"type":"B","date":"2018-03-13T07:03:35.000Z","volume":500,"price":98.45,"category":"rbear"},{"type":"B","date":"2018-03-13T07:03:30.000Z","volume":500,"price":98.45,"category":"rbear"},{"type":"B","date":"2018-03-13T07:02:41.000Z","volume":500,"price":98.45,"category":"rbear"},{"type":"B","date":"2018-03-13T07:02:38.000Z","volume":500,"price":98.45,"category":"rbear"},{"type":"B","date":"2018-03-13T07:02:07.000Z","volume":500,"price":98.45,"category":"rbear"},{"type":"B","date":"2018-03-13T07:00:27.000Z","volume":500,"price":98.45,"category":"rbear"},{"type":"B","date":"2018-03-13T06:59:29.000Z","volume":500,"price":98.4,"category":"rbear"},{"type":"B","date":"2018-03-13T06:59:22.000Z","volume":500,"price":98.4,"category":"rbear"},{"type":"B","date":"2018-03-13T06:59:03.000Z","volume":500,"price":98.4,"category":"rbear"},{"type":"B","date":"2018-03-13T06:59:00.000Z","volume":500,"price":98.45,"category":"rbear"},{"type":"B","date":"2018-03-13T06:58:28.000Z","volume":500,"price":98.45,"category":"rbear"},{"type":"B","date":"2018-03-13T06:56:32.000Z","volume":500,"price":98.4,"category":"rbear"},{"type":"B","date":"2018-03-13T06:56:30.000Z","volume":500,"price":98.4,"category":"rbear"},{"type":"B","date":"2018-03-13T06:55:14.000Z","volume":500,"price":98.4,"category":"rbear"},{"type":"B","date":"2018-03-13T06:53:29.000Z","volume":500,"price":98.4,"category":"rbear"},{"type":"B","date":"2018-03-13T06:52:24.000Z","volume":500,"price":98.4,"category":"rbear"},{"type":"B","date":"2018-03-13T06:50:47.000Z","volume":500,"price":98.4,"category":"rbear"},{"type":"B","date":"2018-03-13T06:50:30.000Z","volume":500,"price":98.35,"category":"rbear"},{"type":"B","date":"2018-03-13T06:46:29.000Z","volume":500,"price":98.4,"category":"rbear"},{"type":"B","date":"2018-03-13T06:45:08.000Z","volume":500,"price":98.4,"category":"rbear"},{"type":"B","date":"2018-03-13T06:44:30.000Z","volume":500,"price":98.4,"category":"rbear"},{"type":"B","date":"2018-03-13T06:42:30.000Z","volume":500,"price":98.5,"category":"rbear"},{"type":"B","date":"2018-03-13T06:42:16.000Z","volume":500,"price":98.5,"category":"rbear"},{"type":"B","date":"2018-03-13T06:41:29.000Z","volume":500,"price":98.5,"category":"rbear"},{"type":"B","date":"2018-03-13T06:38:40.000Z","volume":500,"price":98.5,"category":"rbear"},{"type":"B","date":"2018-03-13T06:37:30.000Z","volume":500,"price":98.5,"category":"rbear"},{"type":"B","date":"2018-03-13T06:36:30.000Z","volume":500,"price":98.5,"category":"rbear"},{"type":"B","date":"2018-03-13T06:36:28.000Z","volume":500,"price":98.5,"category":"rbear"},{"type":"B","date":"2018-03-13T06:36:27.000Z","volume":500,"price":98.5,"category":"rbear"},{"type":"B","date":"2018-03-13T06:35:29.000Z","volume":500,"price":98.45,"category":"rbear"},{"type":"B","date":"2018-03-13T06:35:24.000Z","volume":500,"price":98.45,"category":"rbear"},{"type":"B","date":"2018-03-13T06:34:05.000Z","volume":500,"price":98.4,"category":"rbear"},{"type":"B","date":"2018-03-13T06:32:29.000Z","volume":500,"price":98.4,"category":"rbear"},{"type":"B","date":"2018-03-13T06:29:30.000Z","volume":500,"price":98.4,"category":"rbear"},{"type":"B","date":"2018-03-13T06:28:30.000Z","volume":500,"price":98.4,"category":"rbear"},{"type":"B","date":"2018-03-13T06:26:48.000Z","volume":500,"price":98.35,"category":"rbear"},{"type":"B","date":"2018-03-13T06:26:31.000Z","volume":500,"price":98.35,"category":"rbear"},{"type":"B","date":"2018-03-13T06:26:29.000Z","volume":500,"price":98.35,"category":"rbear"},{"type":"B","date":"2018-03-13T06:25:30.000Z","volume":500,"price":98.35,"category":"rbear"},{"type":"B","date":"2018-03-13T06:25:29.000Z","volume":500,"price":98.35,"category":"rbear"},{"type":"B","date":"2018-03-13T06:24:56.000Z","volume":500,"price":98.35,"category":"rbear"},{"type":"B","date":"2018-03-13T06:23:30.000Z","volume":500,"price":98.35,"category":"rbear"},{"type":"B","date":"2018-03-13T06:22:29.000Z","volume":500,"price":98.35,"category":"rbear"},{"type":"B","date":"2018-03-13T06:22:07.000Z","volume":500,"price":98.35,"category":"rbear"},{"type":"B","date":"2018-03-13T06:21:17.000Z","volume":500,"price":98.35,"category":"rbear"},{"type":"B","date":"2018-03-13T06:19:40.000Z","volume":500,"price":98.35,"category":"rbear"},{"type":"B","date":"2018-03-13T06:19:30.000Z","volume":500,"price":98.35,"category":"rbear"},{"type":"B","date":"2018-03-13T06:18:27.000Z","volume":500,"price":98.4,"category":"rbear"},{"type":"B","date":"2018-03-13T06:18:02.000Z","volume":500,"price":98.35,"category":"rbear"},{"type":"B","date":"2018-03-13T06:18:02.000Z","volume":500,"price":98.4,"category":"rbear"},{"type":"B","date":"2018-03-13T06:17:54.000Z","volume":500,"price":98.35,"category":"rbear"},{"type":"B","date":"2018-03-13T06:16:54.000Z","volume":500,"price":98.45,"category":"rbear"},{"type":"B","date":"2018-03-13T06:15:29.000Z","volume":500,"price":98.45,"category":"rbear"},{"type":"B","date":"2018-03-13T06:15:05.000Z","volume":500,"price":98.45,"category":"rbear"},{"type":"B","date":"2018-03-13T06:13:29.000Z","volume":500,"price":98.5,"category":"rbear"},{"type":"B","date":"2018-03-13T06:12:29.000Z","volume":500,"price":98.5,"category":"rbear"},{"type":"B","date":"2018-03-13T06:12:19.000Z","volume":500,"price":98.5,"category":"rbear"},{"type":"B","date":"2018-03-13T06:12:12.000Z","volume":500,"price":98.5,"category":"rbear"},{"type":"B","date":"2018-03-13T06:12:08.000Z","volume":500,"price":98.5,"category":"rbear"},{"type":"B","date":"2018-03-13T06:12:07.000Z","volume":500,"price":98.5,"category":"rbear"},{"type":"B","date":"2018-03-13T06:11:21.000Z","volume":500,"price":98.5,"category":"rbear"},{"type":"B","date":"2018-03-13T06:11:01.000Z","volume":500,"price":98.5,"category":"rbear"},{"type":"B","date":"2018-03-13T06:11:01.000Z","volume":500,"price":98.5,"category":"rbear"},{"type":"B","date":"2018-03-13T06:10:28.000Z","volume":500,"price":98.5,"category":"rbear"},{"type":"B","date":"2018-03-13T06:09:28.000Z","volume":500,"price":98.5,"category":"rbear"},{"type":"B","date":"2018-03-13T06:08:32.000Z","volume":500,"price":98.5,"category":"rbear"},{"type":"B","date":"2018-03-13T06:08:29.000Z","volume":500,"price":98.5,"category":"rbear"},{"type":"B","date":"2018-03-13T06:07:54.000Z","volume":500,"price":98.5,"category":"rbear"},{"type":"B","date":"2018-03-13T06:06:29.000Z","volume":500,"price":98.5,"category":"rbear"},{"type":"B","date":"2018-03-13T06:05:32.000Z","volume":500,"price":98.5,"category":"rbear"},{"type":"B","date":"2018-03-13T06:04:45.000Z","volume":500,"price":98.5,"category":"rbear"},{"type":"B","date":"2018-03-13T06:02:30.000Z","volume":500,"price":98.55,"category":"rbear"},{"type":"B","date":"2018-03-13T06:02:11.000Z","volume":500,"price":98.55,"category":"rbear"},{"type":"B","date":"2018-03-13T06:01:54.000Z","volume":500,"price":98.55,"category":"rbear"},{"type":"B","date":"2018-03-13T06:01:29.000Z","volume":500,"price":98.55,"category":"rbear"},{"type":"B","date":"2018-03-13T06:00:35.000Z","volume":500,"price":98.55,"category":"rbear"},{"type":"B","date":"2018-03-13T06:00:31.000Z","volume":500,"price":98.55,"category":"rbear"},{"type":"B","date":"2018-03-13T06:00:29.000Z","volume":500,"price":98.55,"category":"rbear"},{"type":"B","date":"2018-03-13T05:59:33.000Z","volume":500,"price":98.55,"category":"rbear"},{"type":"B","date":"2018-03-13T05:59:32.000Z","volume":500,"price":98.55,"category":"rbear"},{"type":"B","date":"2018-03-13T05:59:32.000Z","volume":500,"price":98.55,"category":"rbear"},{"type":"B","date":"2018-03-13T05:59:31.000Z","volume":500,"price":98.55,"category":"rbear"},{"type":"B","date":"2018-03-13T05:59:09.000Z","volume":500,"price":98.55,"category":"rbear"},{"type":"B","date":"2018-03-13T05:59:03.000Z","volume":500,"price":98.5,"category":"rbear"},{"type":"B","date":"2018-03-13T05:59:01.000Z","volume":500,"price":98.5,"category":"rbear"},{"type":"B","date":"2018-03-13T05:58:56.000Z","volume":500,"price":98.55,"category":"rbear"},{"type":"B","date":"2018-03-13T05:58:40.000Z","volume":500,"price":98.5,"category":"rbear"},{"type":"B","date":"2018-03-13T05:58:29.000Z","volume":500,"price":98.5,"category":"rbear"},{"type":"B","date":"2018-03-13T05:57:43.000Z","volume":500,"price":98.5,"category":"rbear"},{"type":"B","date":"2018-03-13T05:57:05.000Z","volume":500,"price":98.55,"category":"rbear"},{"type":"B","date":"2018-03-13T05:55:28.000Z","volume":500,"price":98.55,"category":"rbear"},{"type":"B","date":"2018-03-13T05:55:20.000Z","volume":500,"price":98.55,"category":"rbear"},{"type":"B","date":"2018-03-13T05:55:05.000Z","volume":500,"price":98.55,"category":"rbear"},{"type":"B","date":"2018-03-13T05:55:03.000Z","volume":500,"price":98.55,"category":"rbear"},{"type":"B","date":"2018-03-13T05:54:56.000Z","volume":500,"price":98.55,"category":"rbear"},{"type":"B","date":"2018-03-13T05:54:51.000Z","volume":500,"price":98.55,"category":"rbear"},{"type":"B","date":"2018-03-13T05:53:19.000Z","volume":500,"price":98.55,"category":"rbear"},{"type":"B","date":"2018-03-13T05:52:29.000Z","volume":500,"price":98.55,"category":"rbear"},{"type":"B","date":"2018-03-13T05:51:47.000Z","volume":500,"price":98.55,"category":"rbear"},{"type":"B","date":"2018-03-13T05:51:47.000Z","volume":500,"price":98.55,"category":"rbear"},{"type":"B","date":"2018-03-13T05:51:47.000Z","volume":500,"price":98.55,"category":"rbear"},{"type":"B","date":"2018-03-13T05:51:38.000Z","volume":500,"price":98.55,"category":"rbear"},{"type":"B","date":"2018-03-13T05:50:28.000Z","volume":500,"price":98.5,"category":"rbear"},{"type":"B","date":"2018-03-13T05:46:29.000Z","volume":500,"price":98.5,"category":"rbear"},{"type":"B","date":"2018-03-13T05:46:28.000Z","volume":500,"price":98.5,"category":"rbear"},{"type":"B","date":"2018-03-13T05:46:25.000Z","volume":500,"price":98.5,"category":"rbear"},{"type":"B","date":"2018-03-13T05:46:00.000Z","volume":500,"price":98.5,"category":"rbear"},{"type":"B","date":"2018-03-13T05:45:38.000Z","volume":500,"price":98.55,"category":"rbear"},{"type":"B","date":"2018-03-13T05:45:36.000Z","volume":500,"price":98.55,"category":"rbear"},{"type":"B","date":"2018-03-13T05:45:36.000Z","volume":500,"price":98.55,"category":"rbear"},{"type":"B","date":"2018-03-13T05:44:28.000Z","volume":500,"price":98.5,"category":"rbear"},{"type":"B","date":"2018-03-13T05:44:25.000Z","volume":500,"price":98.5,"category":"rbear"},{"type":"B","date":"2018-03-13T05:43:28.000Z","volume":500,"price":98.5,"category":"rbear"},{"type":"B","date":"2018-03-13T05:42:07.000Z","volume":500,"price":98.5,"category":"rbear"},{"type":"B","date":"2018-03-13T05:41:54.000Z","volume":500,"price":98.5,"category":"rbear"},{"type":"B","date":"2018-03-13T05:41:53.000Z","volume":500,"price":98.55,"category":"rbear"},{"type":"B","date":"2018-03-13T05:40:29.000Z","volume":500,"price":98.5,"category":"rbear"},{"type":"B","date":"2018-03-13T05:40:10.000Z","volume":500,"price":98.55,"category":"rbear"},{"type":"B","date":"2018-03-13T05:38:29.000Z","volume":500,"price":98.5,"category":"rbear"},{"type":"B","date":"2018-03-13T05:38:15.000Z","volume":500,"price":98.55,"category":"rbear"},{"type":"B","date":"2018-03-13T05:38:12.000Z","volume":500,"price":98.5,"category":"rbear"},{"type":"B","date":"2018-03-13T05:38:12.000Z","volume":500,"price":98.55,"category":"rbear"},{"type":"B","date":"2018-03-13T05:37:29.000Z","volume":500,"price":98.5,"category":"rbear"},{"type":"B","date":"2018-03-13T05:37:13.000Z","volume":500,"price":98.55,"category":"rbear"},{"type":"B","date":"2018-03-13T05:37:13.000Z","volume":500,"price":98.55,"category":"rbear"},{"type":"B","date":"2018-03-13T05:36:45.000Z","volume":500,"price":98.55,"category":"rbear"},{"type":"B","date":"2018-03-13T05:36:28.000Z","volume":500,"price":98.5,"category":"rbear"},{"type":"B","date":"2018-03-13T05:35:31.000Z","volume":500,"price":98.5,"category":"rbear"},{"type":"B","date":"2018-03-13T05:33:29.000Z","volume":500,"price":98.5,"category":"rbear"},{"type":"B","date":"2018-03-13T05:33:13.000Z","volume":500,"price":98.5,"category":"rbear"},{"type":"B","date":"2018-03-13T05:32:07.000Z","volume":500,"price":98.5,"category":"rbear"},{"type":"B","date":"2018-03-13T05:31:31.000Z","volume":500,"price":98.5,"category":"rbear"},{"type":"B","date":"2018-03-13T05:30:28.000Z","volume":500,"price":98.5,"category":"rbear"},{"type":"B","date":"2018-03-13T05:29:15.000Z","volume":500,"price":98.55,"category":"rbear"},{"type":"B","date":"2018-03-13T05:29:08.000Z","volume":500,"price":98.5,"category":"rbear"},{"type":"B","date":"2018-03-13T05:29:07.000Z","volume":500,"price":98.55,"category":"rbear"},{"type":"B","date":"2018-03-13T05:28:39.000Z","volume":500,"price":98.55,"category":"rbear"},{"type":"B","date":"2018-03-13T05:27:12.000Z","volume":500,"price":98.5,"category":"rbear"},{"type":"B","date":"2018-03-13T05:26:29.000Z","volume":500,"price":98.5,"category":"rbear"},{"type":"B","date":"2018-03-13T05:25:25.000Z","volume":500,"price":98.5,"category":"rbear"},{"type":"B","date":"2018-03-13T05:25:24.000Z","volume":500,"price":98.5,"category":"rbear"},{"type":"B","date":"2018-03-13T05:25:21.000Z","volume":500,"price":98.5,"category":"rbear"},{"type":"B","date":"2018-03-13T05:24:28.000Z","volume":500,"price":98.5,"category":"rbear"},{"type":"B","date":"2018-03-13T05:22:53.000Z","volume":500,"price":98.5,"category":"rbear"},{"type":"B","date":"2018-03-13T05:21:50.000Z","volume":500,"price":98.5,"category":"rbear"},{"type":"B","date":"2018-03-13T05:21:29.000Z","volume":500,"price":98.5,"category":"rbear"},{"type":"B","date":"2018-03-13T05:20:59.000Z","volume":500,"price":98.5,"category":"rbear"},{"type":"B","date":"2018-03-13T05:19:11.000Z","volume":500,"price":98.5,"category":"rbear"},{"type":"B","date":"2018-03-13T05:18:28.000Z","volume":500,"price":98.5,"category":"rbear"},{"type":"B","date":"2018-03-13T05:18:07.000Z","volume":500,"price":98.5,"category":"rbear"},{"type":"B","date":"2018-03-13T05:18:05.000Z","volume":500,"price":98.5,"category":"rbear"},{"type":"B","date":"2018-03-13T05:15:29.000Z","volume":500,"price":98.5,"category":"rbear"},{"type":"B","date":"2018-03-13T05:15:28.000Z","volume":500,"price":98.5,"category":"rbear"},{"type":"B","date":"2018-03-13T05:13:43.000Z","volume":500,"price":98.5,"category":"rbear"},{"type":"B","date":"2018-03-13T05:13:29.000Z","volume":500,"price":98.5,"category":"rbear"},{"type":"B","date":"2018-03-13T05:12:29.000Z","volume":500,"price":98.5,"category":"rbear"},{"type":"B","date":"2018-03-13T05:11:51.000Z","volume":500,"price":98.5,"category":"rbear"},{"type":"B","date":"2018-03-13T05:11:23.000Z","volume":500,"price":98.5,"category":"rbear"},{"type":"B","date":"2018-03-13T05:10:50.000Z","volume":500,"price":98.5,"category":"rbear"},{"type":"B","date":"2018-03-13T05:08:29.000Z","volume":500,"price":98.5,"category":"rbear"},{"type":"B","date":"2018-03-13T05:08:28.000Z","volume":500,"price":98.5,"category":"rbear"},{"type":"B","date":"2018-03-13T05:06:28.000Z","volume":500,"price":98.5,"category":"rbear"},{"type":"B","date":"2018-03-13T05:05:45.000Z","volume":500,"price":98.5,"category":"rbear"},{"type":"B","date":"2018-03-13T05:04:50.000Z","volume":500,"price":98.5,"category":"rbear"},{"type":"B","date":"2018-03-13T05:03:24.000Z","volume":500,"price":98.5,"category":"rbear"},{"type":"B","date":"2018-03-13T05:03:15.000Z","volume":500,"price":98.5,"category":"rbear"},{"type":"B","date":"2018-03-13T05:03:00.000Z","volume":500,"price":98.55,"category":"rbear"},{"type":"B","date":"2018-03-13T05:02:51.000Z","volume":500,"price":98.5,"category":"rbear"},{"type":"B","date":"2018-03-13T05:02:50.000Z","volume":500,"price":98.5,"category":"rbear"},{"type":"B","date":"2018-03-13T05:02:28.000Z","volume":500,"price":98.5,"category":"rbear"},{"type":"B","date":"2018-03-13T05:01:03.000Z","volume":500,"price":98.5,"category":"rbear"},{"type":"B","date":"2018-03-13T03:59:45.000Z","volume":500,"price":98.5,"category":"rbear"},{"type":"B","date":"2018-03-13T03:59:28.000Z","volume":500,"price":98.5,"category":"rbear"},{"type":"B","date":"2018-03-13T03:59:15.000Z","volume":500,"price":98.5,"category":"rbear"},{"type":"B","date":"2018-03-13T03:58:42.000Z","volume":500,"price":98.5,"category":"rbear"},{"type":"B","date":"2018-03-13T03:57:28.000Z","volume":500,"price":98.5,"category":"rbear"},{"type":"B","date":"2018-03-13T03:56:52.000Z","volume":500,"price":98.5,"category":"rbear"},{"type":"B","date":"2018-03-13T03:56:30.000Z","volume":500,"price":98.5,"category":"rbear"},{"type":"B","date":"2018-03-13T03:55:27.000Z","volume":500,"price":98.5,"category":"rbear"},{"type":"B","date":"2018-03-13T03:52:28.000Z","volume":500,"price":98.5,"category":"rbear"},{"type":"B","date":"2018-03-13T03:52:08.000Z","volume":500,"price":98.5,"category":"rbear"},{"type":"B","date":"2018-03-13T03:51:29.000Z","volume":500,"price":98.5,"category":"rbear"},{"type":"B","date":"2018-03-13T03:50:28.000Z","volume":500,"price":98.5,"category":"rbear"},{"type":"B","date":"2018-03-13T03:49:28.000Z","volume":500,"price":98.5,"category":"rbear"},{"type":"B","date":"2018-03-13T03:48:29.000Z","volume":500,"price":98.5,"category":"rbear"},{"type":"B","date":"2018-03-13T03:46:30.000Z","volume":500,"price":98.5,"category":"rbear"},{"type":"B","date":"2018-03-13T03:45:28.000Z","volume":500,"price":98.5,"category":"rbear"},{"type":"B","date":"2018-03-13T03:44:43.000Z","volume":500,"price":98.5,"category":"rbear"},{"type":"B","date":"2018-03-13T03:42:27.000Z","volume":500,"price":98.5,"category":"rbear"},{"type":"B","date":"2018-03-13T03:41:16.000Z","volume":500,"price":98.55,"category":"rbear"},{"type":"B","date":"2018-03-13T03:38:28.000Z","volume":500,"price":98.5,"category":"rbear"},{"type":"B","date":"2018-03-13T03:38:21.000Z","volume":500,"price":98.55,"category":"rbear"},{"type":"B","date":"2018-03-13T03:38:08.000Z","volume":500,"price":98.55,"category":"rbear"},{"type":"B","date":"2018-03-13T03:35:27.000Z","volume":500,"price":98.5,"category":"rbear"},{"type":"B","date":"2018-03-13T03:32:28.000Z","volume":500,"price":98.5,"category":"rbear"},{"type":"B","date":"2018-03-13T03:30:27.000Z","volume":500,"price":98.5,"category":"rbear"},{"type":"B","date":"2018-03-13T03:27:27.000Z","volume":500,"price":98.5,"category":"rbear"},{"type":"B","date":"2018-03-13T03:23:02.000Z","volume":500,"price":98.5,"category":"rbear"},{"type":"B","date":"2018-03-13T03:22:43.000Z","volume":500,"price":98.5,"category":"rbear"},{"type":"B","date":"2018-03-13T03:20:35.000Z","volume":500,"price":98.5,"category":"rbear"},{"type":"B","date":"2018-03-13T03:16:30.000Z","volume":500,"price":98.5,"category":"rbear"},{"type":"B","date":"2018-03-13T03:16:29.000Z","volume":500,"price":98.5,"category":"rbear"},{"type":"B","date":"2018-03-13T03:16:29.000Z","volume":500,"price":98.5,"category":"rbear"},{"type":"B","date":"2018-03-13T03:12:48.000Z","volume":500,"price":98.5,"category":"rbear"},{"type":"B","date":"2018-03-13T03:03:29.000Z","volume":500,"price":98.5,"category":"rbear"},{"type":"B","date":"2018-03-13T03:03:20.000Z","volume":500,"price":98.5,"category":"rbear"},{"type":"B","date":"2018-03-13T03:01:43.000Z","volume":500,"price":98.5,"category":"rbear"},{"type":"B","date":"2018-03-13T03:01:29.000Z","volume":500,"price":98.45,"category":"rbear"},{"type":"B","date":"2018-03-13T03:00:05.000Z","volume":500,"price":98.45,"category":"rbear"},{"type":"B","date":"2018-03-13T02:58:42.000Z","volume":500,"price":98.5,"category":"rbear"},{"type":"B","date":"2018-03-13T02:54:00.000Z","volume":500,"price":98.45,"category":"rbear"},{"type":"B","date":"2018-03-13T02:53:48.000Z","volume":500,"price":98.45,"category":"rbear"},{"type":"B","date":"2018-03-13T02:51:53.000Z","volume":500,"price":98.45,"category":"rbear"},{"type":"B","date":"2018-03-13T02:51:15.000Z","volume":500,"price":98.45,"category":"rbear"},{"type":"B","date":"2018-03-13T02:48:42.000Z","volume":500,"price":98.45,"category":"rbear"},{"type":"B","date":"2018-03-13T02:48:15.000Z","volume":500,"price":98.45,"category":"rbear"},{"type":"B","date":"2018-03-13T02:47:15.000Z","volume":500,"price":98.45,"category":"rbear"},{"type":"B","date":"2018-03-13T02:46:48.000Z","volume":500,"price":98.45,"category":"rbear"},{"type":"B","date":"2018-03-13T02:45:35.000Z","volume":500,"price":98.45,"category":"rbear"},{"type":"B","date":"2018-03-13T02:45:35.000Z","volume":500,"price":98.45,"category":"rbear"},{"type":"B","date":"2018-03-13T02:41:12.000Z","volume":500,"price":98.5,"category":"rbear"},{"type":"B","date":"2018-03-13T02:34:12.000Z","volume":500,"price":98.55,"category":"rbear"},{"type":"B","date":"2018-03-13T02:31:45.000Z","volume":500,"price":98.55,"category":"rbear"},{"type":"B","date":"2018-03-13T02:29:44.000Z","volume":500,"price":98.55,"category":"rbear"},{"type":"B","date":"2018-03-13T02:28:05.000Z","volume":500,"price":98.55,"category":"rbear"},{"type":"B","date":"2018-03-13T02:26:21.000Z","volume":500,"price":98.55,"category":"rbear"},{"type":"B","date":"2018-03-13T02:22:08.000Z","volume":500,"price":98.55,"category":"rbear"},{"type":"B","date":"2018-03-13T02:15:55.000Z","volume":500,"price":98.6,"category":"rbear"},{"type":"B","date":"2018-03-13T02:15:00.000Z","volume":500,"price":98.6,"category":"rbear"},{"type":"B","date":"2018-03-13T02:13:10.000Z","volume":500,"price":98.6,"category":"rbear"},{"type":"B","date":"2018-03-13T02:13:04.000Z","volume":500,"price":98.6,"category":"rbear"},{"type":"B","date":"2018-03-13T02:13:00.000Z","volume":500,"price":98.6,"category":"rbear"},{"type":"B","date":"2018-03-13T02:12:47.000Z","volume":500,"price":98.6,"category":"rbear"},{"type":"B","date":"2018-03-13T02:12:00.000Z","volume":500,"price":98.55,"category":"rbear"},{"type":"B","date":"2018-03-13T02:12:00.000Z","volume":500,"price":98.6,"category":"rbear"},{"type":"B","date":"2018-03-13T02:11:22.000Z","volume":500,"price":98.65,"category":"rbear"},{"type":"B","date":"2018-03-13T02:11:09.000Z","volume":500,"price":98.65,"category":"rbear"},{"type":"B","date":"2018-03-13T02:10:36.000Z","volume":500,"price":98.5,"category":"rbear"},{"type":"B","date":"2018-03-13T02:09:55.000Z","volume":500,"price":98.5,"category":"rbear"},{"type":"B","date":"2018-03-13T02:08:31.000Z","volume":500,"price":98.5,"category":"rbear"},{"type":"B","date":"2018-03-13T02:08:06.000Z","volume":500,"price":98.55,"category":"rbear"},{"type":"B","date":"2018-03-13T02:04:57.000Z","volume":500,"price":98.5,"category":"rbear"},{"type":"B","date":"2018-03-13T02:04:18.000Z","volume":500,"price":98.5,"category":"rbear"},{"type":"B","date":"2018-03-13T02:04:06.000Z","volume":500,"price":98.5,"category":"rbear"},{"type":"B","date":"2018-03-13T02:04:02.000Z","volume":500,"price":98.5,"category":"rbear"},{"type":"B","date":"2018-03-13T02:03:06.000Z","volume":500,"price":98.5,"category":"rbear"},{"type":"B","date":"2018-03-13T02:01:59.000Z","volume":500,"price":98.55,"category":"rbear"},{"type":"B","date":"2018-03-13T02:01:23.000Z","volume":500,"price":98.55,"category":"rbear"},{"type":"B","date":"2018-03-13T02:00:34.000Z","volume":500,"price":98.5,"category":"rbear"},{"type":"B","date":"2018-03-13T02:00:01.000Z","volume":500,"price":98.5,"category":"rbear"},{"type":"B","date":"2018-03-13T02:00:00.000Z","volume":500,"price":98.55,"category":"rbear"},{"type":"B","date":"2018-03-13T01:58:49.000Z","volume":500,"price":98.5,"category":"rbear"},{"type":"B","date":"2018-03-13T01:58:47.000Z","volume":500,"price":98.5,"category":"rbear"},{"type":"B","date":"2018-03-13T01:58:15.000Z","volume":500,"price":98.55,"category":"rbear"},{"type":"B","date":"2018-03-13T01:58:12.000Z","volume":500,"price":98.55,"category":"rbear"},{"type":"B","date":"2018-03-13T01:57:43.000Z","volume":500,"price":98.55,"category":"rbear"},{"type":"B","date":"2018-03-13T01:57:27.000Z","volume":500,"price":98.55,"category":"rbear"},{"type":"B","date":"2018-03-13T01:57:24.000Z","volume":500,"price":98.55,"category":"rbear"},{"type":"B","date":"2018-03-13T01:57:04.000Z","volume":500,"price":98.55,"category":"rbear"},{"type":"B","date":"2018-03-13T01:55:31.000Z","volume":500,"price":98.55,"category":"rbear"},{"type":"B","date":"2018-03-13T01:55:29.000Z","volume":500,"price":98.6,"category":"rbear"},{"type":"B","date":"2018-03-13T01:55:15.000Z","volume":500,"price":98.5,"category":"rbear"},{"type":"B","date":"2018-03-13T01:55:13.000Z","volume":500,"price":98.5,"category":"rbear"},{"type":"B","date":"2018-03-13T01:55:11.000Z","volume":500,"price":98.5,"category":"rbear"},{"type":"B","date":"2018-03-13T01:55:04.000Z","volume":500,"price":98.5,"category":"rbear"},{"type":"B","date":"2018-03-13T01:54:51.000Z","volume":500,"price":98.5,"category":"rbear"},{"type":"B","date":"2018-03-13T01:54:49.000Z","volume":500,"price":98.5,"category":"rbear"},{"type":"B","date":"2018-03-13T01:53:47.000Z","volume":500,"price":98.55,"category":"rbear"},{"type":"B","date":"2018-03-13T01:53:47.000Z","volume":500,"price":98.55,"category":"rbear"},{"type":"B","date":"2018-03-13T01:53:45.000Z","volume":500,"price":98.55,"category":"rbear"},{"type":"B","date":"2018-03-13T01:53:37.000Z","volume":500,"price":98.55,"category":"rbear"},{"type":"B","date":"2018-03-13T01:53:31.000Z","volume":500,"price":98.5,"category":"rbear"},{"type":"B","date":"2018-03-13T01:52:50.000Z","volume":500,"price":98.5,"category":"rbear"},{"type":"B","date":"2018-03-13T01:51:29.000Z","volume":500,"price":98.55,"category":"rbear"},{"type":"B","date":"2018-03-13T01:50:39.000Z","volume":500,"price":98.55,"category":"rbear"},{"type":"B","date":"2018-03-13T01:50:37.000Z","volume":500,"price":98.55,"category":"rbear"},{"type":"B","date":"2018-03-13T01:50:37.000Z","volume":500,"price":98.55,"category":"rbear"},{"type":"B","date":"2018-03-13T01:50:13.000Z","volume":500,"price":98.55,"category":"rbear"},{"type":"B","date":"2018-03-13T01:50:12.000Z","volume":500,"price":98.55,"category":"rbear"},{"type":"B","date":"2018-03-13T01:49:04.000Z","volume":500,"price":98.5,"category":"rbear"},{"type":"B","date":"2018-03-13T01:47:44.000Z","volume":500,"price":98.4,"category":"rbear"},{"type":"B","date":"2018-03-13T01:47:00.000Z","volume":500,"price":98.45,"category":"rbear"},{"type":"B","date":"2018-03-13T01:47:00.000Z","volume":500,"price":98.45,"category":"rbear"},{"type":"B","date":"2018-03-13T01:46:58.000Z","volume":500,"price":98.45,"category":"rbear"},{"type":"B","date":"2018-03-13T01:46:51.000Z","volume":500,"price":98.4,"category":"rbear"},{"type":"B","date":"2018-03-13T01:46:51.000Z","volume":500,"price":98.45,"category":"rbear"},{"type":"B","date":"2018-03-13T01:46:24.000Z","volume":500,"price":98.55,"category":"rbear"},{"type":"B","date":"2018-03-13T01:46:03.000Z","volume":500,"price":98.55,"category":"rbear"},{"type":"B","date":"2018-03-13T01:43:31.000Z","volume":500,"price":98.6,"category":"rbear"},{"type":"B","date":"2018-03-13T01:43:26.000Z","volume":500,"price":98.6,"category":"rbear"},{"type":"B","date":"2018-03-13T01:43:24.000Z","volume":500,"price":98.6,"category":"rbear"},{"type":"B","date":"2018-03-13T01:43:20.000Z","volume":500,"price":98.6,"category":"rbear"},{"type":"B","date":"2018-03-13T01:41:37.000Z","volume":500,"price":98.45,"category":"rbear"},{"type":"B","date":"2018-03-13T01:41:14.000Z","volume":500,"price":98.4,"category":"rbear"},{"type":"B","date":"2018-03-13T01:41:11.000Z","volume":500,"price":98.4,"category":"rbear"},{"type":"B","date":"2018-03-13T01:41:02.000Z","volume":500,"price":98.45,"category":"rbear"},{"type":"B","date":"2018-03-13T01:41:02.000Z","volume":500,"price":98.45,"category":"rbear"},{"type":"B","date":"2018-03-13T01:41:02.000Z","volume":500,"price":98.45,"category":"rbear"},{"type":"B","date":"2018-03-13T01:40:49.000Z","volume":500,"price":98.5,"category":"rbear"},{"type":"B","date":"2018-03-13T01:40:36.000Z","volume":500,"price":98.5,"category":"rbear"},{"type":"B","date":"2018-03-13T01:40:30.000Z","volume":500,"price":98.55,"category":"rbear"}