[{"type":"A","date":"2018-03-21T06:14:35.000Z","volume":1000,"price":9.02,"category":"rbull"},{"type":"A","date":"2018-03-21T05:09:43.000Z","volume":1000,"price":9.04,"category":"rbull"},{"type":"A","date":"2018-03-21T03:45:28.000Z","volume":1000,"price":9.04,"category":"rbull"},{"type":"A","date":"2018-03-21T03:43:27.000Z","volume":1000,"price":9.04,"category":"rbull"},{"type":"A","date":"2018-03-21T03:17:26.000Z","volume":1000,"price":9.04,"category":"rbull"},{"type":"A","date":"2018-03-21T02:52:08.000Z","volume":1000,"price":9.04,"category":"rbull"},{"type":"B","date":"2018-03-21T07:58:15.000Z","volume":1000,"price":9.02,"category":"rbear"},{"type":"B","date":"2018-03-21T06:24:56.000Z","volume":1000,"price":9.01,"category":"rbear"},{"type":"B","date":"2018-03-21T06:02:18.000Z","volume":1000,"price":9.02,"category":"rbear"},{"type":"B","date":"2018-03-21T03:37:35.000Z","volume":1000,"price":9.03,"category":"rbear"},{"type":"B","date":"2018-03-21T03:37:02.000Z","volume":1000,"price":9.03,"category":"rbear"},{"type":"B","date":"2018-03-21T01:43:27.000Z","volume":1000,"price":9.03,"category":"rbear"},{"type":"B","date":"2018-03-21T01:31:04.000Z","volume":1000,"price":9,"category":"rbear"},{"type":"B","date":"2018-03-21T01:31:04.000Z","volume":1000,"price":9.01,"category":"rbear"},{"type":"B","date":"2018-03-21T01:30:06.000Z","volume":1000,"price":9.03,"category":"rbear"},{"type":"B","date":"2018-03-21T01:30:06.000Z","volume":1000,"price":9.05,"category":"rbear"},{"type":"B","date":"2018-03-21T07:50:41.000Z","volume":10000,"price":9.02,"category":"bbear"},{"type":"B","date":"2018-03-21T07:23:49.000Z","volume":10000,"price":9,"category":"bbear"},{"type":"B","date":"2018-03-21T06:24:12.000Z","volume":10000,"price":9.01,"category":"bbear"},{"type":"B","date":"2018-03-21T06:14:04.000Z","volume":12000,"price":9.02,"category":"bbear"},{"type":"B","date":"2018-03-21T06:00:43.000Z","volume":10000,"price":9.03,"category":"bbear"},{"type":"B","date":"2018-03-21T02:44:21.000Z","volume":10000,"price":9.04,"category":"bbear"},{"type":"B","date":"2018-03-21T02:24:56.000Z","volume":10000,"price":9.04,"category":"bbear"},{"type":"B","date":"2018-03-21T02:06:58.000Z","volume":10000,"price":9.04,"category":"bbear"},{"type":"B","date":"2018-03-21T01:44:43.000Z","volume":10000,"price":9.02,"category":"bbear"},{"type":"B","date":"2018-03-21T01:41:41.000Z","volume":10000,"price":9.06,"category":"bbear"},{"type":"B","date":"2018-03-21T07:21:25.000Z","volume":20000,"price":9,"category":"ubbear"},{"type":"B","date":"2018-03-21T06:54:41.000Z","volume":61000,"price":9.01,"category":"ubbear"},{"type":"B","date":"2018-03-21T02:45:31.000Z","volume":20000,"price":9.03,"category":"ubbear"},{"type":"B","date":"2018-03-21T01:53:26.000Z","volume":15000,"price":9.03,"category":"ubbear"},{"type":"B","date":"2018-03-21T01:44:57.000Z","volume":30000,"price":9.02,"category":"ubbear"}]