[{"type":"U","date":"2018-04-17T01:00:39.000Z","volume":15,"label":"P","price":4.64},{"type":"U","date":"2018-04-17T01:05:00.000Z","volume":2062000,"label":"P","price":4.688},{"type":"U","date":"2018-04-17T01:20:00.000Z","volume":12000,"label":"U","price":4.7},{"type":"U","date":"2018-04-17T01:31:04.000Z","volume":615,"label":"D","price":4.64},{"type":"B","date":"2018-04-17T01:33:54.000Z","volume":1000,"label":" ","price":4.69},{"type":"A","date":"2018-04-17T01:35:17.000Z","volume":1000,"label":" ","price":4.7},{"type":"U","date":"2018-04-17T01:35:17.000Z","volume":1000,"label":"X","price":4.69},{"type":"A","date":"2018-04-17T01:35:47.000Z","volume":2000,"label":" ","price":4.69},{"type":"A","date":"2018-04-17T01:35:47.000Z","volume":1000,"label":" ","price":4.69},{"type":"A","date":"2018-04-17T01:35:52.000Z","volume":2000,"label":" ","price":4.69},{"type":"B","date":"2018-04-17T01:35:55.000Z","volume":1000,"label":" ","price":4.68},{"type":"A","date":"2018-04-17T01:35:58.000Z","volume":1000,"label":"Y","price":4.69},{"type":"B","date":"2018-04-17T01:35:58.000Z","volume":1000,"label":" ","price":4.68},{"type":"A","date":"2018-04-17T01:36:02.000Z","volume":1000,"label":" ","price":4.69},{"type":"A","date":"2018-04-17T01:36:24.000Z","volume":1000,"label":" ","price":4.69},{"type":"A","date":"2018-04-17T01:39:27.000Z","volume":1000,"label":"Y","price":4.69},{"type":"A","date":"2018-04-17T01:40:54.000Z","volume":1000,"label":" ","price":4.69},{"type":"A","date":"2018-04-17T01:41:02.000Z","volume":1000,"label":" ","price":4.69},{"type":"A","date":"2018-04-17T01:41:02.000Z","volume":1000,"label":" ","price":4.69},{"type":"A","date":"2018-04-17T01:42:19.000Z","volume":1000,"label":" ","price":4.69},{"type":"A","date":"2018-04-17T01:42:49.000Z","volume":11000,"label":" ","price":4.69},{"type":"A","date":"2018-04-17T01:42:50.000Z","volume":2000,"label":" ","price":4.7},{"type":"A","date":"2018-04-17T01:44:10.000Z","volume":73000,"label":" ","price":4.7},{"type":"A","date":"2018-04-17T01:44:11.000Z","volume":2000,"label":"Y","price":4.7},{"type":"A","date":"2018-04-17T01:44:11.000Z","volume":11000,"label":" ","price":4.7},{"type":"A","date":"2018-04-17T01:44:13.000Z","volume":19000,"label":" ","price":4.7},{"type":"A","date":"2018-04-17T01:44:13.000Z","volume":9000,"label":" ","price":4.7},{"type":"A","date":"2018-04-17T01:44:14.000Z","volume":5000,"label":" ","price":4.7},{"type":"A","date":"2018-04-17T01:44:15.000Z","volume":1000,"label":" ","price":4.7},{"type":"A","date":"2018-04-17T01:44:15.000Z","volume":38000,"label":" ","price":4.7},{"type":"A","date":"2018-04-17T01:44:16.000Z","volume":7000,"label":" ","price":4.71},{"type":"U","date":"2018-04-17T01:44:17.000Z","volume":1000,"label":"X","price":4.7},{"type":"A","date":"2018-04-17T01:44:20.000Z","volume":31000,"label":" ","price":4.71},{"type":"A","date":"2018-04-17T01:44:21.000Z","volume":5000,"label":" ","price":4.71},{"type":"A","date":"2018-04-17T01:44:27.000Z","volume":9000,"label":" ","price":4.71},{"type":"A","date":"2018-04-17T01:44:28.000Z","volume":88000,"label":" ","price":4.71},{"type":"A","date":"2018-04-17T01:44:35.000Z","volume":9000,"label":" ","price":4.71},{"type":"A","date":"2018-04-17T01:44:35.000Z","volume":51000,"label":" ","price":4.71},{"type":"A","date":"2018-04-17T01:44:36.000Z","volume":10000,"label":" ","price":4.71},{"type":"A","date":"2018-04-17T01:44:47.000Z","volume":1000,"label":" ","price":4.71},{"type":"A","date":"2018-04-17T01:44:47.000Z","volume":2000,"label":"Y","price":4.71},{"type":"A","date":"2018-04-17T01:44:47.000Z","volume":16000,"label":" ","price":4.71},{"type":"A","date":"2018-04-17T01:44:47.000Z","volume":1000,"label":" ","price":4.72},{"type":"A","date":"2018-04-17T01:45:00.000Z","volume":1000,"label":" ","price":4.72},{"type":"B","date":"2018-04-17T01:45:06.000Z","volume":10000,"label":" ","price":4.71},{"type":"A","date":"2018-04-17T01:45:09.000Z","volume":4000,"label":" ","price":4.72},{"type":"A","date":"2018-04-17T01:45:09.000Z","volume":43000,"label":" ","price":4.72},{"type":"A","date":"2018-04-17T01:45:30.000Z","volume":1000,"label":" ","price":4.73},{"type":"B","date":"2018-04-17T01:45:56.000Z","volume":56000,"label":" ","price":4.72},{"type":"B","date":"2018-04-17T01:45:56.000Z","volume":1000,"label":" ","price":4.72},{"type":"B","date":"2018-04-17T01:46:04.000Z","volume":1000,"label":" ","price":4.71},{"type":"B","date":"2018-04-17T01:46:23.000Z","volume":1000,"label":" ","price":4.71},{"type":"B","date":"2018-04-17T01:46:45.000Z","volume":10000,"label":" ","price":4.71},{"type":"B","date":"2018-04-17T01:47:12.000Z","volume":10000,"label":" ","price":4.71},{"type":"U","date":"2018-04-17T01:47:23.000Z","volume":457,"label":"D","price":4.68},{"type":"B","date":"2018-04-17T01:47:25.000Z","volume":34000,"label":" ","price":4.71},{"type":"A","date":"2018-04-17T01:50:28.000Z","volume":19000,"label":" ","price":4.71},{"type":"A","date":"2018-04-17T01:50:32.000Z","volume":12000,"label":" ","price":4.71},{"type":"A","date":"2018-04-17T01:50:32.000Z","volume":1000,"label":" ","price":4.71},{"type":"A","date":"2018-04-17T01:50:32.000Z","volume":1000,"label":" ","price":4.71},{"type":"A","date":"2018-04-17T01:50:40.000Z","volume":2000,"label":" ","price":4.71},{"type":"A","date":"2018-04-17T01:50:43.000Z","volume":4000,"label":"Y","price":4.71},{"type":"A","date":"2018-04-17T01:50:43.000Z","volume":8000,"label":" ","price":4.71},{"type":"A","date":"2018-04-17T01:51:53.000Z","volume":63000,"label":" ","price":4.72},{"type":"A","date":"2018-04-17T01:52:13.000Z","volume":10000,"label":" ","price":4.72},{"type":"A","date":"2018-04-17T01:53:38.000Z","volume":4000,"label":" ","price":4.72},{"type":"U","date":"2018-04-17T01:53:43.000Z","volume":1000,"label":"X","price":4.715},{"type":"B","date":"2018-04-17T01:54:19.000Z","volume":7000,"label":" ","price":4.71},{"type":"B","date":"2018-04-17T01:55:32.000Z","volume":1000,"label":" ","price":4.71},{"type":"B","date":"2018-04-17T01:55:39.000Z","volume":14000,"label":" ","price":4.71},{"type":"B","date":"2018-04-17T01:55:42.000Z","volume":10000,"label":" ","price":4.71},{"type":"B","date":"2018-04-17T01:55:57.000Z","volume":2000,"label":" ","price":4.71},{"type":"B","date":"2018-04-17T01:56:57.000Z","volume":9000,"label":" ","price":4.71},{"type":"B","date":"2018-04-17T01:57:03.000Z","volume":10000,"label":" ","price":4.71},{"type":"B","date":"2018-04-17T01:58:08.000Z","volume":10000,"label":" ","price":4.71},{"type":"B","date":"2018-04-17T01:58:48.000Z","volume":10000,"label":" ","price":4.71},{"type":"B","date":"2018-04-17T01:58:51.000Z","volume":10000,"label":" ","price":4.71},{"type":"U","date":"2018-04-17T02:00:00.000Z","volume":1000,"label":"X","price":4.715},{"type":"B","date":"2018-04-17T02:00:21.000Z","volume":8000,"label":" ","price":4.71},{"type":"B","date":"2018-04-17T02:00:21.000Z","volume":2000,"label":" ","price":4.71},{"type":"A","date":"2018-04-17T02:00:25.000Z","volume":23000,"label":"Y","price":4.71},{"type":"A","date":"2018-04-17T02:00:25.000Z","volume":8000,"label":" ","price":4.71},{"type":"B","date":"2018-04-17T02:00:31.000Z","volume":6000,"label":" ","price":4.71},{"type":"B","date":"2018-04-17T02:00:42.000Z","volume":1000,"label":"Y","price":4.71},{"type":"B","date":"2018-04-17T02:00:42.000Z","volume":1000,"label":" ","price":4.71},{"type":"B","date":"2018-04-17T02:01:35.000Z","volume":5000,"label":" ","price":4.71},{"type":"B","date":"2018-04-17T02:01:36.000Z","volume":2000,"label":"Y","price":4.71},{"type":"B","date":"2018-04-17T02:01:46.000Z","volume":12000,"label":" ","price":4.71},{"type":"U","date":"2018-04-17T02:01:46.000Z","volume":3000,"label":" ","price":4.71},{"type":"U","date":"2018-04-17T02:02:04.000Z","volume":400,"label":"D","price":4.66},{"type":"U","date":"2018-04-17T02:04:37.000Z","volume":5000,"label":" ","price":4.71},{"type":"U","date":"2018-04-17T02:04:37.000Z","volume":1000,"label":" ","price":4.71},{"type":"U","date":"2018-04-17T02:04:37.000Z","volume":2000,"label":" ","price":4.71},{"type":"B","date":"2018-04-17T02:04:47.000Z","volume":2000,"label":" ","price":4.71},{"type":"A","date":"2018-04-17T02:04:55.000Z","volume":3000,"label":" ","price":4.72},{"type":"A","date":"2018-04-17T02:05:00.000Z","volume":3000,"label":" ","price":4.72},{"type":"U","date":"2018-04-17T02:05:07.000Z","volume":1000,"label":"X","price":4.72},{"type":"A","date":"2018-04-17T02:06:20.000Z","volume":2000,"label":" ","price":4.72},{"type":"B","date":"2018-04-17T02:06:55.000Z","volume":53000,"label":" ","price":4.71},{"type":"B","date":"2018-04-17T02:06:55.000Z","volume":1000,"label":" ","price":4.71},{"type":"A","date":"2018-04-17T02:07:56.000Z","volume":5000,"label":" ","price":4.71},{"type":"U","date":"2018-04-17T02:11:10.000Z","volume":1000,"label":"X","price":4.705},{"type":"A","date":"2018-04-17T02:12:55.000Z","volume":10000,"label":" ","price":4.71},{"type":"A","date":"2018-04-17T02:12:55.000Z","volume":1000,"label":" ","price":4.71},{"type":"A","date":"2018-04-17T02:13:00.000Z","volume":1000,"label":" ","price":4.71},{"type":"A","date":"2018-04-17T02:15:01.000Z","volume":3000,"label":" ","price":4.71},{"type":"A","date":"2018-04-17T02:15:57.000Z","volume":8000,"label":" ","price":4.71},{"type":"A","date":"2018-04-17T02:16:02.000Z","volume":1000,"label":" ","price":4.71},{"type":"A","date":"2018-04-17T02:16:02.000Z","volume":1000,"label":" ","price":4.71},{"type":"A","date":"2018-04-17T02:16:04.000Z","volume":23000,"label":" ","price":4.71},{"type":"A","date":"2018-04-17T02:16:08.000Z","volume":1000,"label":" ","price":4.71},{"type":"A","date":"2018-04-17T02:16:17.000Z","volume":4000,"label":" ","price":4.71},{"type":"A","date":"2018-04-17T02:16:17.000Z","volume":4000,"label":" ","price":4.71},{"type":"A","date":"2018-04-17T02:16:32.000Z","volume":1000,"label":" ","price":4.71},{"type":"U","date":"2018-04-17T02:16:40.000Z","volume":753,"label":"D","price":4.67},{"type":"U","date":"2018-04-17T02:17:22.000Z","volume":1000,"label":"X","price":4.705},{"type":"B","date":"2018-04-17T02:17:40.000Z","volume":1000,"label":" ","price":4.7},{"type":"A","date":"2018-04-17T02:19:32.000Z","volume":1000,"label":" ","price":4.71},{"type":"A","date":"2018-04-17T02:20:03.000Z","volume":1000,"label":" ","price":4.71},{"type":"B","date":"2018-04-17T02:22:02.000Z","volume":3000,"label":" ","price":4.7},{"type":"A","date":"2018-04-17T02:22:17.000Z","volume":1000,"label":" ","price":4.71},{"type":"A","date":"2018-04-17T02:22:50.000Z","volume":2000,"label":" ","price":4.71},{"type":"A","date":"2018-04-17T02:23:10.000Z","volume":2000,"label":" ","price":4.71},{"type":"A","date":"2018-04-17T02:23:15.000Z","volume":1000,"label":" ","price":4.71},{"type":"A","date":"2018-04-17T02:23:17.000Z","volume":1000,"label":" ","price":4.71},{"type":"A","date":"2018-04-17T02:23:35.000Z","volume":1000,"label":" ","price":4.71},{"type":"A","date":"2018-04-17T02:23:52.000Z","volume":1000,"label":" ","price":4.71},{"type":"A","date":"2018-04-17T02:23:55.000Z","volume":1000,"label":" ","price":4.71},{"type":"U","date":"2018-04-17T02:24:07.000Z","volume":1000,"label":"X","price":4.71},{"type":"A","date":"2018-04-17T02:24:55.000Z","volume":1000,"label":" ","price":4.71},{"type":"A","date":"2018-04-17T02:25:25.000Z","volume":1000,"label":" ","price":4.71},{"type":"A","date":"2018-04-17T02:25:32.000Z","volume":1000,"label":" ","price":4.71},{"type":"A","date":"2018-04-17T02:25:49.000Z","volume":1000,"label":" ","price":4.71},{"type":"A","date":"2018-04-17T02:26:15.000Z","volume":1000,"label":" ","price":4.71},{"type":"A","date":"2018-04-17T02:26:39.000Z","volume":1000,"label":" ","price":4.71},{"type":"A","date":"2018-04-17T02:27:00.000Z","volume":1000,"label":" ","price":4.71},{"type":"U","date":"2018-04-17T02:27:07.000Z","volume":1000,"label":"X","price":4.705},{"type":"A","date":"2018-04-17T02:27:33.000Z","volume":1000,"label":" ","price":4.71},{"type":"A","date":"2018-04-17T02:27:47.000Z","volume":1000,"label":" ","price":4.71},{"type":"A","date":"2018-04-17T02:27:47.000Z","volume":1000,"label":" ","price":4.71},{"type":"A","date":"2018-04-17T02:28:03.000Z","volume":1000,"label":" ","price":4.71},{"type":"A","date":"2018-04-17T02:28:15.000Z","volume":1000,"label":" ","price":4.71},{"type":"A","date":"2018-04-17T02:28:45.000Z","volume":1000,"label":" ","price":4.71},{"type":"A","date":"2018-04-17T02:29:10.000Z","volume":2000,"label":" ","price":4.71},{"type":"A","date":"2018-04-17T02:29:17.000Z","volume":1000,"label":" ","price":4.71},{"type":"A","date":"2018-04-17T02:29:35.000Z","volume":1000,"label":" ","price":4.71},{"type":"A","date":"2018-04-17T02:29:57.000Z","volume":1000,"label":" ","price":4.71},{"type":"A","date":"2018-04-17T02:30:14.000Z","volume":1000,"label":" ","price":4.71},{"type":"U","date":"2018-04-17T02:30:17.000Z","volume":1000,"label":"X","price":4.71},{"type":"A","date":"2018-04-17T02:30:30.000Z","volume":1000,"label":" ","price":4.71},{"type":"A","date":"2018-04-17T02:30:45.000Z","volume":1000,"label":" ","price":4.71},{"type":"A","date":"2018-04-17T02:31:00.000Z","volume":1000,"label":" ","price":4.71},{"type":"A","date":"2018-04-17T02:31:02.000Z","volume":1000,"label":" ","price":4.71},{"type":"A","date":"2018-04-17T02:31:44.000Z","volume":1000,"label":" ","price":4.71},{"type":"A","date":"2018-04-17T02:31:55.000Z","volume":1000,"label":" ","price":4.71},{"type":"A","date":"2018-04-17T02:32:20.000Z","volume":1000,"label":" ","price":4.71},{"type":"A","date":"2018-04-17T02:32:21.000Z","volume":1000,"label":" ","price":4.71},{"type":"A","date":"2018-04-17T02:32:31.000Z","volume":1000,"label":" ","price":4.71},{"type":"A","date":"2018-04-17T02:32:32.000Z","volume":1000,"label":" ","price":4.71},{"type":"A","date":"2018-04-17T02:32:40.000Z","volume":1000,"label":" ","price":4.71},{"type":"A","date":"2018-04-17T02:33:00.000Z","volume":1000,"label":" ","price":4.71},{"type":"A","date":"2018-04-17T02:33:04.000Z","volume":1000,"label":" ","price":4.71},{"type":"A","date":"2018-04-17T02:33:35.000Z","volume":1000,"label":" ","price":4.71},{"type":"B","date":"2018-04-17T02:34:13.000Z","volume":2000,"label":" ","price":4.7},{"type":"A","date":"2018-04-17T02:34:13.000Z","volume":1000,"label":" ","price":4.71},{"type":"A","date":"2018-04-17T02:34:17.000Z","volume":1000,"label":" ","price":4.71},{"type":"B","date":"2018-04-17T02:34:32.000Z","volume":2000,"label":" ","price":4.7},{"type":"B","date":"2018-04-17T02:34:32.000Z","volume":2000,"label":" ","price":4.7},{"type":"U","date":"2018-04-17T02:34:50.000Z","volume":1000,"label":"X","price":4.705},{"type":"A","date":"2018-04-17T02:35:05.000Z","volume":1000,"label":" ","price":4.71},{"type":"A","date":"2018-04-17T02:35:15.000Z","volume":1000,"label":" ","price":4.71},{"type":"A","date":"2018-04-17T02:35:17.000Z","volume":1000,"label":" ","price":4.71},{"type":"A","date":"2018-04-17T02:35:30.000Z","volume":2000,"label":" ","price":4.71},{"type":"A","date":"2018-04-17T02:35:37.000Z","volume":1000,"label":" ","price":4.71},{"type":"A","date":"2018-04-17T02:35:45.000Z","volume":1000,"label":" ","price":4.71},{"type":"A","date":"2018-04-17T02:35:46.000Z","volume":1000,"label":" ","price":4.71},{"type":"A","date":"2018-04-17T02:35:49.000Z","volume":1000,"label":" ","price":4.71},{"type":"A","date":"2018-04-17T02:36:00.000Z","volume":1000,"label":" ","price":4.71},{"type":"U","date":"2018-04-17T02:36:18.000Z","volume":1000,"label":"X","price":4.71},{"type":"A","date":"2018-04-17T02:36:40.000Z","volume":1000,"label":" ","price":4.71},{"type":"A","date":"2018-04-17T02:37:15.000Z","volume":1000,"label":" ","price":4.71},{"type":"A","date":"2018-04-17T02:37:45.000Z","volume":1000,"label":" ","price":4.71},{"type":"A","date":"2018-04-17T02:38:06.000Z","volume":1000,"label":" ","price":4.71},{"type":"A","date":"2018-04-17T02:38:07.000Z","volume":1000,"label":" ","price":4.71},{"type":"A","date":"2018-04-17T02:38:15.000Z","volume":1000,"label":" ","price":4.71},{"type":"A","date":"2018-04-17T02:38:45.000Z","volume":1000,"label":" ","price":4.71},{"type":"A","date":"2018-04-17T02:38:49.000Z","volume":1000,"label":" ","price":4.71},{"type":"A","date":"2018-04-17T02:39:15.000Z","volume":1000,"label":" ","price":4.71},{"type":"A","date":"2018-04-17T02:39:20.000Z","volume":1000,"label":" ","price":4.71},{"type":"A","date":"2018-04-17T02:39:32.000Z","volume":1000,"label":" ","price":4.71},{"type":"A","date":"2018-04-17T02:39:33.000Z","volume":1000,"label":" ","price":4.71},{"type":"A","date":"2018-04-17T02:39:58.000Z","volume":1000,"label":" ","price":4.71},{"type":"A","date":"2018-04-17T02:40:07.000Z","volume":1000,"label":" ","price":4.71},{"type":"A","date":"2018-04-17T02:40:35.000Z","volume":1000,"label":" ","price":4.71},{"type":"A","date":"2018-04-17T02:40:45.000Z","volume":9000,"label":" ","price":4.71},{"type":"A","date":"2018-04-17T02:40:46.000Z","volume":2000,"label":" ","price":4.71},{"type":"A","date":"2018-04-17T02:41:07.000Z","volume":1000,"label":" ","price":4.71},{"type":"A","date":"2018-04-17T02:41:07.000Z","volume":1000,"label":" ","price":4.71},{"type":"A","date":"2018-04-17T02:41:40.000Z","volume":1000,"label":" ","price":4.71},{"type":"B","date":"2018-04-17T02:41:43.000Z","volume":1000,"label":" ","price":4.7},{"type":"A","date":"2018-04-17T02:42:07.000Z","volume":1000,"label":" ","price":4.71},{"type":"A","date":"2018-04-17T02:42:08.000Z","volume":1000,"label":" ","price":4.71},{"type":"A","date":"2018-04-17T02:42:15.000Z","volume":1000,"label":" ","price":4.71},{"type":"A","date":"2018-04-17T02:42:30.000Z","volume":1000,"label":" ","price":4.71},{"type":"A","date":"2018-04-17T02:42:55.000Z","volume":1000,"label":" ","price":4.71},{"type":"A","date":"2018-04-17T02:43:09.000Z","volume":1000,"label":" ","price":4.71},{"type":"A","date":"2018-04-17T02:43:15.000Z","volume":1000,"label":" ","price":4.71},{"type":"A","date":"2018-04-17T02:43:16.000Z","volume":1000,"label":" ","price":4.71},{"type":"A","date":"2018-04-17T02:43:35.000Z","volume":2000,"label":" ","price":4.71},{"type":"U","date":"2018-04-17T02:43:41.000Z","volume":1000,"label":"X","price":4.705},{"type":"A","date":"2018-04-17T02:44:08.000Z","volume":1000,"label":" ","price":4.71},{"type":"A","date":"2018-04-17T02:44:25.000Z","volume":1000,"label":" ","price":4.71},{"type":"B","date":"2018-04-17T02:44:47.000Z","volume":2000,"label":" ","price":4.7},{"type":"B","date":"2018-04-17T02:44:47.000Z","volume":2000,"label":" ","price":4.7},{"type":"A","date":"2018-04-17T02:44:47.000Z","volume":1000,"label":" ","price":4.71},{"type":"A","date":"2018-04-17T02:44:55.000Z","volume":1000,"label":" ","price":4.71},{"type":"U","date":"2018-04-17T02:45:18.000Z","volume":1000,"label":"X","price":4.71},{"type":"A","date":"2018-04-17T02:45:29.000Z","volume":8000,"label":" ","price":4.71},{"type":"A","date":"2018-04-17T02:45:29.000Z","volume":1000,"label":" ","price":4.71},{"type":"A","date":"2018-04-17T02:45:30.000Z","volume":2000,"label":" ","price":4.71},{"type":"A","date":"2018-04-17T02:45:41.000Z","volume":1000,"label":" ","price":4.71},{"type":"A","date":"2018-04-17T02:46:05.000Z","volume":1000,"label":" ","price":4.71},{"type":"A","date":"2018-04-17T02:46:17.000Z","volume":1000,"label":" ","price":4.71},{"type":"U","date":"2018-04-17T02:46:18.000Z","volume":1000,"label":"X","price":4.71},{"type":"U","date":"2018-04-17T02:46:32.000Z","volume":1000,"label":"X","price":4.71},{"type":"A","date":"2018-04-17T02:46:45.000Z","volume":1000,"label":" ","price":4.71},{"type":"A","date":"2018-04-17T02:47:10.000Z","volume":1000,"label":" ","price":4.71},{"type":"A","date":"2018-04-17T02:47:11.000Z","volume":1000,"label":" ","price":4.71},{"type":"A","date":"2018-04-17T02:47:28.000Z","volume":1000,"label":" ","price":4.71},{"type":"A","date":"2018-04-17T02:47:45.000Z","volume":1000,"label":" ","price":4.71},{"type":"A","date":"2018-04-17T02:48:05.000Z","volume":2000,"label":" ","price":4.71},{"type":"A","date":"2018-04-17T02:48:10.000Z","volume":1000,"label":" ","price":4.71},{"type":"A","date":"2018-04-17T02:48:20.000Z","volume":1000,"label":" ","price":4.71},{"type":"A","date":"2018-04-17T02:48:21.000Z","volume":1000,"label":" ","price":4.71},{"type":"A","date":"2018-04-17T02:48:30.000Z","volume":1000,"label":" ","price":4.71},{"type":"A","date":"2018-04-17T02:48:32.000Z","volume":1000,"label":" ","price":4.71},{"type":"A","date":"2018-04-17T02:48:55.000Z","volume":1000,"label":" ","price":4.71},{"type":"A","date":"2018-04-17T02:49:17.000Z","volume":1000,"label":" ","price":4.71},{"type":"A","date":"2018-04-17T02:49:20.000Z","volume":1000,"label":" ","price":4.71},{"type":"A","date":"2018-04-17T02:49:21.000Z","volume":1000,"label":" ","price":4.71},{"type":"A","date":"2018-04-17T02:49:45.000Z","volume":1000,"label":" ","price":4.71},{"type":"A","date":"2018-04-17T02:50:10.000Z","volume":1000,"label":" ","price":4.71},{"type":"A","date":"2018-04-17T02:50:10.000Z","volume":1000,"label":" ","price":4.71},{"type":"A","date":"2018-04-17T02:50:35.000Z","volume":1000,"label":" ","price":4.71},{"type":"A","date":"2018-04-17T02:51:00.000Z","volume":1000,"label":" ","price":4.71},{"type":"A","date":"2018-04-17T02:51:30.000Z","volume":1000,"label":" ","price":4.71},{"type":"A","date":"2018-04-17T02:51:31.000Z","volume":1000,"label":" ","price":4.71},{"type":"A","date":"2018-04-17T02:51:44.000Z","volume":1000,"label":" ","price":4.71},{"type":"U","date":"2018-04-17T02:51:51.000Z","volume":1000,"label":"X","price":4.705},{"type":"A","date":"2018-04-17T02:52:11.000Z","volume":1000,"label":" ","price":4.71},{"type":"B","date":"2018-04-17T02:52:15.000Z","volume":200000,"label":" ","price":4.7},{"type":"A","date":"2018-04-17T02:52:15.000Z","volume":5000,"label":" ","price":4.71},{"type":"A","date":"2018-04-17T02:52:15.000Z","volume":8000,"label":" ","price":4.71},{"type":"A","date":"2018-04-17T02:52:15.000Z","volume":11000,"label":" ","price":4.71},{"type":"A","date":"2018-04-17T02:52:15.000Z","volume":2000,"label":" ","price":4.71},{"type":"B","date":"2018-04-17T02:52:17.000Z","volume":2000,"label":" ","price":4.7},{"type":"B","date":"2018-04-17T02:52:17.000Z","volume":2000,"label":" ","price":4.7},{"type":"B","date":"2018-04-17T02:52:17.000Z","volume":2000,"label":" ","price":4.7},{"type":"B","date":"2018-04-17T02:52:17.000Z","volume":2000,"label":" ","price":4.7},{"type":"A","date":"2018-04-17T02:52:17.000Z","volume":4000,"label":"Y","price":4.71},{"type":"A","date":"2018-04-17T02:52:17.000Z","volume":23000,"label":" ","price":4.71},{"type":"A","date":"2018-04-17T02:52:17.000Z","volume":6000,"label":" ","price":4.71},{"type":"U","date":"2018-04-17T02:52:20.000Z","volume":1000,"label":"X","price":4.71},{"type":"B","date":"2018-04-17T02:52:59.000Z","volume":1000,"label":"Y","price":4.7},{"type":"B","date":"2018-04-17T02:52:59.000Z","volume":21000,"label":" ","price":4.7},{"type":"B","date":"2018-04-17T02:52:59.000Z","volume":2000,"label":" ","price":4.7},{"type":"B","date":"2018-04-17T02:52:59.000Z","volume":4000,"label":" ","price":4.7},{"type":"B","date":"2018-04-17T02:52:59.000Z","volume":2000,"label":" ","price":4.7},{"type":"B","date":"2018-04-17T02:52:59.000Z","volume":1000,"label":" ","price":4.7},{"type":"B","date":"2018-04-17T02:52:59.000Z","volume":1000,"label":" ","price":4.7},{"type":"B","date":"2018-04-17T02:52:59.000Z","volume":1000,"label":" ","price":4.7},{"type":"A","date":"2018-04-17T02:53:15.000Z","volume":14000,"label":" ","price":4.7},{"type":"A","date":"2018-04-17T02:53:17.000Z","volume":2000,"label":" ","price":4.7},{"type":"A","date":"2018-04-17T02:53:26.000Z","volume":1000,"label":" ","price":4.7},{"type":"A","date":"2018-04-17T02:53:32.000Z","volume":1000,"label":" ","price":4.7},{"type":"A","date":"2018-04-17T02:54:12.000Z","volume":3000,"label":" ","price":4.7},{"type":"B","date":"2018-04-17T02:57:27.000Z","volume":92000,"label":" ","price":4.69},{"type":"U","date":"2018-04-17T02:57:32.000Z","volume":1000,"label":"X","price":4.7},{"type":"A","date":"2018-04-17T02:58:13.000Z","volume":1000,"label":"Y","price":4.7},{"type":"A","date":"2018-04-17T02:58:13.000Z","volume":7000,"label":" ","price":4.7},{"type":"U","date":"2018-04-17T02:58:18.000Z","volume":2000,"label":"X","price":4.7},{"type":"U","date":"2018-04-17T03:02:23.000Z","volume":1000,"label":"X","price":4.695},{"type":"A","date":"2018-04-17T03:06:43.000Z","volume":1000,"label":" ","price":4.7},{"type":"A","date":"2018-04-17T03:10:17.000Z","volume":1000,"label":" ","price":4.7},{"type":"U","date":"2018-04-17T03:11:00.000Z","volume":1000,"label":"X","price":4.695},{"type":"A","date":"2018-04-17T03:14:36.000Z","volume":1000,"label":" ","price":4.7},{"type":"A","date":"2018-04-17T03:17:30.000Z","volume":1000,"label":" ","price":4.7},{"type":"A","date":"2018-04-17T03:17:50.000Z","volume":1000,"label":" ","price":4.7},{"type":"A","date":"2018-04-17T03:17:50.000Z","volume":1000,"label":" ","price":4.7},{"type":"A","date":"2018-04-17T03:18:11.000Z","volume":1000,"label":" ","price":4.7},{"type":"A","date":"2018-04-17T03:18:47.000Z","volume":1000,"label":" ","price":4.7},{"type":"A","date":"2018-04-17T03:18:54.000Z","volume":1000,"label":" ","price":4.7},{"type":"A","date":"2018-04-17T03:19:20.000Z","volume":1000,"label":" ","price":4.7},{"type":"A","date":"2018-04-17T03:19:45.000Z","volume":1000,"label":" ","price":4.7},{"type":"A","date":"2018-04-17T03:20:15.000Z","volume":1000,"label":" ","price":4.7},{"type":"A","date":"2018-04-17T03:20:57.000Z","volume":1000,"label":" ","price":4.7},{"type":"U","date":"2018-04-17T03:21:13.000Z","volume":1000,"label":"X","price":4.695},{"type":"A","date":"2018-04-17T03:21:50.000Z","volume":2000,"label":" ","price":4.7},{"type":"A","date":"2018-04-17T03:21:50.000Z","volume":1000,"label":" ","price":4.7},{"type":"A","date":"2018-04-17T03:22:19.000Z","volume":1000,"label":" ","price":4.7},{"type":"A","date":"2018-04-17T03:22:24.000Z","volume":4000,"label":" ","price":4.7},{"type":"A","date":"2018-04-17T03:22:38.000Z","volume":1000,"label":" ","price":4.7},{"type":"A","date":"2018-04-17T03:22:50.000Z","volume":1000,"label":" ","price":4.7},{"type":"A","date":"2018-04-17T03:23:15.000Z","volume":1000,"label":" ","price":4.7},{"type":"A","date":"2018-04-17T03:23:35.000Z","volume":1000,"label":" ","price":4.7},{"type":"A","date":"2018-04-17T03:23:54.000Z","volume":1000,"label":" ","price":4.7},{"type":"B","date":"2018-04-17T03:24:11.000Z","volume":4000,"label":" ","price":4.69},{"type":"A","date":"2018-04-17T03:24:25.000Z","volume":1000,"label":" ","price":4.7},{"type":"A","date":"2018-04-17T03:25:00.000Z","volume":1000,"label":" ","price":4.7},{"type":"A","date":"2018-04-17T03:25:40.000Z","volume":1000,"label":" ","price":4.7},{"type":"A","date":"2018-04-17T03:25:48.000Z","volume":40000,"label":" ","price":4.7},{"type":"A","date":"2018-04-17T03:25:48.000Z","volume":3000,"label":" ","price":4.7},{"type":"A","date":"2018-04-17T03:25:49.000Z","volume":3000,"label":"Y","price":4.7},{"type":"A","date":"2018-04-17T03:25:49.000Z","volume":5000,"label":" ","price":4.7},{"type":"A","date":"2018-04-17T03:26:10.000Z","volume":1000,"label":" ","price":4.7},{"type":"A","date":"2018-04-17T03:26:23.000Z","volume":7000,"label":" ","price":4.7},{"type":"A","date":"2018-04-17T03:26:24.000Z","volume":1000,"label":" ","price":4.7},{"type":"A","date":"2018-04-17T03:26:27.000Z","volume":9000,"label":" ","price":4.7},{"type":"A","date":"2018-04-17T03:26:28.000Z","volume":2000,"label":" ","price":4.7},{"type":"A","date":"2018-04-17T03:26:28.000Z","volume":1000,"label":" ","price":4.7},{"type":"A","date":"2018-04-17T03:26:30.000Z","volume":1000,"label":" ","price":4.7},{"type":"A","date":"2018-04-17T03:26:32.000Z","volume":20000,"label":" ","price":4.7},{"type":"A","date":"2018-04-17T03:26:32.000Z","volume":4000,"label":" ","price":4.7},{"type":"A","date":"2018-04-17T03:26:32.000Z","volume":1000,"label":" ","price":4.7},{"type":"A","date":"2018-04-17T03:26:32.000Z","volume":1000,"label":" ","price":4.7},{"type":"A","date":"2018-04-17T03:26:32.000Z","volume":1000,"label":" ","price":4.7},{"type":"A","date":"2018-04-17T03:26:32.000Z","volume":1000,"label":" ","price":4.7},{"type":"A","date":"2018-04-17T03:26:32.000Z","volume":1000,"label":" ","price":4.7},{"type":"A","date":"2018-04-17T03:26:33.000Z","volume":2000,"label":" ","price":4.7},{"type":"A","date":"2018-04-17T03:26:33.000Z","volume":22000,"label":" ","price":4.7},{"type":"A","date":"2018-04-17T03:26:33.000Z","volume":5000,"label":" ","price":4.71},{"type":"A","date":"2018-04-17T03:27:23.000Z","volume":8000,"label":" ","price":4.71},{"type":"A","date":"2018-04-17T03:27:24.000Z","volume":1000,"label":" ","price":4.71},{"type":"U","date":"2018-04-17T03:27:39.000Z","volume":1000,"label":"X","price":4.71},{"type":"B","date":"2018-04-17T03:27:40.000Z","volume":2000,"label":" ","price":4.7},{"type":"U","date":"2018-04-17T03:29:58.000Z","volume":1000,"label":"X","price":4.705},{"type":"A","date":"2018-04-17T03:30:14.000Z","volume":1000,"label":"Y","price":4.71},{"type":"A","date":"2018-04-17T03:30:14.000Z","volume":19000,"label":" ","price":4.71},{"type":"A","date":"2018-04-17T03:30:15.000Z","volume":4000,"label":" ","price":4.71},{"type":"U","date":"2018-04-17T03:30:39.000Z","volume":2000,"label":"X","price":4.71},{"type":"A","date":"2018-04-17T03:33:33.000Z","volume":6000,"label":" ","price":4.71},{"type":"A","date":"2018-04-17T03:33:34.000Z","volume":1000,"label":" ","price":4.71},{"type":"A","date":"2018-04-17T03:33:57.000Z","volume":1000,"label":" ","price":4.71},{"type":"U","date":"2018-04-17T03:37:43.000Z","volume":1000,"label":"X","price":4.705},{"type":"A","date":"2018-04-17T03:38:27.000Z","volume":1000,"label":" ","price":4.71},{"type":"A","date":"2018-04-17T03:38:40.000Z","volume":1000,"label":" ","price":4.71},{"type":"A","date":"2018-04-17T03:38:41.000Z","volume":1000,"label":" ","price":4.71},{"type":"A","date":"2018-04-17T03:39:15.000Z","volume":1000,"label":" ","price":4.71},{"type":"A","date":"2018-04-17T03:40:05.000Z","volume":1000,"label":" ","price":4.71},{"type":"A","date":"2018-04-17T03:40:20.000Z","volume":1000,"label":" ","price":4.71},{"type":"A","date":"2018-04-17T03:40:35.000Z","volume":1000,"label":" ","price":4.71},{"type":"A","date":"2018-04-17T03:40:50.000Z","volume":1000,"label":" ","price":4.71},{"type":"A","date":"2018-04-17T03:41:10.000Z","volume":1000,"label":" ","price":4.71},{"type":"A","date":"2018-04-17T03:41:11.000Z","volume":1000,"label":" ","price":4.71},{"type":"U","date":"2018-04-17T03:41:22.000Z","volume":200,"label":"D","price":4.62},{"type":"A","date":"2018-04-17T03:41:28.000Z","volume":2000,"label":" ","price":4.71},{"type":"A","date":"2018-04-17T03:41:40.000Z","volume":1000,"label":" ","price":4.71},{"type":"A","date":"2018-04-17T03:42:15.000Z","volume":1000,"label":" ","price":4.71},{"type":"A","date":"2018-04-17T03:43:00.000Z","volume":1000,"label":" ","price":4.71},{"type":"A","date":"2018-04-17T03:43:57.000Z","volume":7000,"label":" ","price":4.71},{"type":"A","date":"2018-04-17T03:43:59.000Z","volume":2000,"label":" ","price":4.71},{"type":"A","date":"2018-04-17T03:44:10.000Z","volume":1000,"label":" ","price":4.71},{"type":"U","date":"2018-04-17T03:44:21.000Z","volume":97,"label":"D","price":4.66},{"type":"A","date":"2018-04-17T03:45:00.000Z","volume":1000,"label":" ","price":4.71},{"type":"A","date":"2018-04-17T03:45:20.000Z","volume":2000,"label":" ","price":4.71},{"type":"A","date":"2018-04-17T03:45:40.000Z","volume":1000,"label":" ","price":4.71},{"type":"A","date":"2018-04-17T03:45:41.000Z","volume":1000,"label":" ","price":4.71},{"type":"A","date":"2018-04-17T03:46:00.000Z","volume":1000,"label":" ","price":4.71},{"type":"A","date":"2018-04-17T03:46:30.000Z","volume":3000,"label":" ","price":4.71},{"type":"A","date":"2018-04-17T03:46:48.000Z","volume":1000,"label":" ","price":4.71},{"type":"A","date":"2018-04-17T03:47:00.000Z","volume":1000,"label":" ","price":4.71},{"type":"A","date":"2018-04-17T03:47:01.000Z","volume":1000,"label":" ","price":4.71},{"type":"A","date":"2018-04-17T03:47:20.000Z","volume":1000,"label":" ","price":4.71},{"type":"A","date":"2018-04-17T03:47:45.000Z","volume":1000,"label":" ","price":4.71},{"type":"A","date":"2018-04-17T03:48:14.000Z","volume":1000,"label":" ","price":4.71},{"type":"U","date":"2018-04-17T03:48:23.000Z","volume":1000,"label":"X","price":4.705},{"type":"A","date":"2018-04-17T03:48:55.000Z","volume":1000,"label":" ","price":4.71},{"type":"A","date":"2018-04-17T03:49:40.000Z","volume":1000,"label":" ","price":4.71},{"type":"A","date":"2018-04-17T03:49:41.000Z","volume":1000,"label":" ","price":4.71},{"type":"A","date":"2018-04-17T03:50:15.000Z","volume":1000,"label":" ","price":4.71},{"type":"A","date":"2018-04-17T03:50:45.000Z","volume":1000,"label":" ","price":4.71},{"type":"A","date":"2018-04-17T03:51:10.000Z","volume":2000,"label":" ","price":4.71},{"type":"A","date":"2018-04-17T03:51:25.000Z","volume":1000,"label":" ","price":4.71},{"type":"A","date":"2018-04-17T03:51:30.000Z","volume":46000,"label":" ","price":4.71},{"type":"A","date":"2018-04-17T03:51:31.000Z","volume":9000,"label":" ","price":4.71},{"type":"A","date":"2018-04-17T03:51:32.000Z","volume":8000,"label":" ","price":4.71},{"type":"A","date":"2018-04-17T03:51:32.000Z","volume":1000,"label":" ","price":4.71},{"type":"A","date":"2018-04-17T03:51:40.000Z","volume":1000,"label":" ","price":4.71},{"type":"A","date":"2018-04-17T03:51:55.000Z","volume":1000,"label":" ","price":4.71},{"type":"A","date":"2018-04-17T03:52:12.000Z","volume":1000,"label":" ","price":4.71},{"type":"A","date":"2018-04-17T03:52:21.000Z","volume":1000,"label":" ","price":4.71},{"type":"A","date":"2018-04-17T03:52:22.000Z","volume":1000,"label":" ","price":4.71},{"type":"A","date":"2018-04-17T03:52:29.000Z","volume":5000,"label":" ","price":4.71},{"type":"A","date":"2018-04-17T03:52:29.000Z","volume":1000,"label":" ","price":4.71},{"type":"A","date":"2018-04-17T03:52:30.000Z","volume":1000,"label":" ","price":4.71},{"type":"A","date":"2018-04-17T03:52:50.000Z","volume":1000,"label":" ","price":4.71},{"type":"B","date":"2018-04-17T03:53:02.000Z","volume":1000,"label":" ","price":4.7},{"type":"A","date":"2018-04-17T03:53:32.000Z","volume":1000,"label":" ","price":4.71},{"type":"A","date":"2018-04-17T03:53:55.000Z","volume":2000,"label":" ","price":4.71},{"type":"A","date":"2018-04-17T03:53:55.000Z","volume":1000,"label":" ","price":4.71},{"type":"A","date":"2018-04-17T03:54:12.000Z","volume":1000,"label":" ","price":4.71},{"type":"A","date":"2018-04-17T03:54:30.000Z","volume":1000,"label":" ","price":4.71},{"type":"A","date":"2018-04-17T03:54:33.000Z","volume":3000,"label":" ","price":4.71},{"type":"A","date":"2018-04-17T03:54:45.000Z","volume":1000,"label":" ","price":4.71},{"type":"A","date":"2018-04-17T03:54:46.000Z","volume":1000,"label":" ","price":4.71},{"type":"A","date":"2018-04-17T03:55:05.000Z","volume":1000,"label":" ","price":4.71},{"type":"A","date":"2018-04-17T03:55:13.000Z","volume":1000,"label":" ","price":4.71},{"type":"B","date":"2018-04-17T03:55:17.000Z","volume":1000,"label":" ","price":4.7},{"type":"A","date":"2018-04-17T03:55:23.000Z","volume":1000,"label":" ","price":4.71},{"type":"A","date":"2018-04-17T03:56:25.000Z","volume":1000,"label":" ","price":4.71},{"type":"A","date":"2018-04-17T03:56:25.000Z","volume":1000,"label":" ","price":4.71},{"type":"B","date":"2018-04-17T03:56:32.000Z","volume":1000,"label":" ","price":4.7},{"type":"U","date":"2018-04-17T03:56:51.000Z","volume":1000,"label":"X","price":4.705},{"type":"A","date":"2018-04-17T03:57:43.000Z","volume":1000,"label":" ","price":4.71},{"type":"A","date":"2018-04-17T03:58:01.000Z","volume":1000,"label":" ","price":4.71},{"type":"A","date":"2018-04-17T03:58:12.000Z","volume":1000,"label":" ","price":4.71},{"type":"A","date":"2018-04-17T03:58:12.000Z","volume":1000,"label":" ","price":4.71},{"type":"A","date":"2018-04-17T03:59:10.000Z","volume":1000,"label":" ","price":4.71},{"type":"A","date":"2018-04-17T03:59:10.000Z","volume":1000,"label":" ","price":4.71},{"type":"B","date":"2018-04-17T03:59:10.000Z","volume":1000,"label":" ","price":4.7},{"type":"A","date":"2018-04-17T03:59:29.000Z","volume":1000,"label":" ","price":4.71},{"type":"A","date":"2018-04-17T05:00:00.000Z","volume":9000,"label":" ","price":4.71},{"type":"B","date":"2018-04-17T05:00:01.000Z","volume":4000,"label":" ","price":4.7},{"type":"A","date":"2018-04-17T05:00:01.000Z","volume":3000,"label":" ","price":4.71},{"type":"A","date":"2018-04-17T05:00:02.000Z","volume":3000,"label":" ","price":4.71},{"type":"A","date":"2018-04-17T05:00:05.000Z","volume":1000,"label":" ","price":4.71},{"type":"A","date":"2018-04-17T05:00:25.000Z","volume":1000,"label":" ","price":4.71},{"type":"A","date":"2018-04-17T05:00:30.000Z","volume":2000,"label":" ","price":4.71},{"type":"A","date":"2018-04-17T05:00:35.000Z","volume":2000,"label":" ","price":4.71},{"type":"A","date":"2018-04-17T05:00:36.000Z","volume":1000,"label":" ","price":4.71},{"type":"A","date":"2018-04-17T05:00:50.000Z","volume":2000,"label":" ","price":4.71},{"type":"A","date":"2018-04-17T05:01:00.000Z","volume":2000,"label":" ","price":4.71},{"type":"A","date":"2018-04-17T05:01:01.000Z","volume":1000,"label":" ","price":4.71},{"type":"A","date":"2018-04-17T05:01:24.000Z","volume":1000,"label":" ","price":4.71},{"type":"U","date":"2018-04-17T05:01:57.000Z","volume":91,"label":"D","price":4.66},{"type":"B","date":"2018-04-17T05:02:10.000Z","volume":3000,"label":" ","price":4.7},{"type":"A","date":"2018-04-17T05:02:10.000Z","volume":3000,"label":" ","price":4.71},{"type":"A","date":"2018-04-17T05:02:11.000Z","volume":1000,"label":" ","price":4.71},{"type":"A","date":"2018-04-17T05:02:30.000Z","volume":1000,"label":" ","price":4.71},{"type":"U","date":"2018-04-17T05:03:53.000Z","volume":1000,"label":"X","price":4.705},{"type":"A","date":"2018-04-17T05:05:05.000Z","volume":1000,"label":" ","price":4.71},{"type":"A","date":"2018-04-17T05:05:10.000Z","volume":1000,"label":" ","price":4.71},{"type":"A","date":"2018-04-17T05:05:24.000Z","volume":1000,"label":" ","price":4.71},{"type":"B","date":"2018-04-17T05:06:00.000Z","volume":3000,"label":" ","price":4.7},{"type":"A","date":"2018-04-17T05:06:01.000Z","volume":1000,"label":" ","price":4.71},{"type":"A","date":"2018-04-17T05:07:41.000Z","volume":2000,"label":" ","price":4.71},{"type":"A","date":"2018-04-17T05:08:09.000Z","volume":1000,"label":" ","price":4.71},{"type":"A","date":"2018-04-17T05:08:10.000Z","volume":1000,"label":" ","price":4.71},{"type":"A","date":"2018-04-17T05:09:01.000Z","volume":5000,"label":" ","price":4.71},{"type":"A","date":"2018-04-17T05:09:12.000Z","volume":1000,"label":" ","price":4.71},{"type":"A","date":"2018-04-17T05:09:13.000Z","volume":1000,"label":" ","price":4.71},{"type":"A","date":"2018-04-17T05:09:55.000Z","volume":1000,"label":" ","price":4.71},{"type":"B","date":"2018-04-17T05:10:00.000Z","volume":3000,"label":" ","price":4.7},{"type":"A","date":"2018-04-17T05:10:00.000Z","volume":3000,"label":" ","price":4.71},{"type":"A","date":"2018-04-17T05:10:01.000Z","volume":1000,"label":" ","price":4.71},{"type":"A","date":"2018-04-17T05:12:10.000Z","volume":1000,"label":" ","price":4.71},{"type":"A","date":"2018-04-17T05:12:30.000Z","volume":1000,"label":" ","price":4.71},{"type":"A","date":"2018-04-17T05:12:50.000Z","volume":1000,"label":" ","price":4.71},{"type":"A","date":"2018-04-17T05:13:10.000Z","volume":1000,"label":" ","price":4.71},{"type":"A","date":"2018-04-17T05:13:11.000Z","volume":1000,"label":" ","price":4.71},{"type":"A","date":"2018-04-17T05:13:14.000Z","volume":2000,"label":" ","price":4.71},{"type":"A","date":"2018-04-17T05:13:30.000Z","volume":2000,"label":" ","price":4.71},{"type":"A","date":"2018-04-17T05:13:43.000Z","volume":1000,"label":" ","price":4.71},{"type":"A","date":"2018-04-17T05:13:50.000Z","volume":1000,"label":" ","price":4.71},{"type":"A","date":"2018-04-17T05:13:51.000Z","volume":1000,"label":" ","price":4.71},{"type":"B","date":"2018-04-17T05:14:00.000Z","volume":3000,"label":" ","price":4.7},{"type":"A","date":"2018-04-17T05:14:42.000Z","volume":6000,"label":" ","price":4.71},{"type":"A","date":"2018-04-17T05:14:43.000Z","volume":1000,"label":" ","price":4.71},{"type":"U","date":"2018-04-17T05:15:21.000Z","volume":1000,"label":"X","price":4.705},{"type":"A","date":"2018-04-17T05:15:45.000Z","volume":1000,"label":" ","price":4.71},{"type":"A","date":"2018-04-17T05:16:05.000Z","volume":1000,"label":" ","price":4.71},{"type":"A","date":"2018-04-17T05:16:05.000Z","volume":2000,"label":" ","price":4.71},{"type":"A","date":"2018-04-17T05:16:06.000Z","volume":1000,"label":" ","price":4.71},{"type":"U","date":"2018-04-17T05:16:11.000Z","volume":1000,"label":"X","price":4.71},{"type":"A","date":"2018-04-17T05:16:30.000Z","volume":1000,"label":" ","price":4.71},{"type":"A","date":"2018-04-17T05:16:55.000Z","volume":1000,"label":" ","price":4.71},{"type":"A","date":"2018-04-17T05:17:35.000Z","volume":1000,"label":" ","price":4.71},{"type":"A","date":"2018-04-17T05:17:36.000Z","volume":1000,"label":" ","price":4.71},{"type":"A","date":"2018-04-17T05:17:37.000Z","volume":1000,"label":" ","price":4.71},{"type":"B","date":"2018-04-17T05:18:00.000Z","volume":3000,"label":" ","price":4.7},{"type":"A","date":"2018-04-17T05:18:02.000Z","volume":1000,"label":" ","price":4.71},{"type":"A","date":"2018-04-17T05:19:02.000Z","volume":1000,"label":" ","price":4.71},{"type":"A","date":"2018-04-17T05:19:19.000Z","volume":1000,"label":" ","price":4.71},{"type":"A","date":"2018-04-17T05:19:20.000Z","volume":1000,"label":" ","price":4.71},{"type":"A","date":"2018-04-17T05:19:45.000Z","volume":1000,"label":" ","price":4.71},{"type":"A","date":"2018-04-17T05:20:01.000Z","volume":1000,"label":" ","price":4.71},{"type":"A","date":"2018-04-17T05:20:15.000Z","volume":1000,"label":" ","price":4.71},{"type":"A","date":"2018-04-17T05:20:23.000Z","volume":3000,"label":" ","price":4.71},{"type":"A","date":"2018-04-17T05:20:24.000Z","volume":1000,"label":" ","price":4.71},{"type":"A","date":"2018-04-17T05:20:35.000Z","volume":1000,"label":" ","price":4.71},{"type":"A","date":"2018-04-17T05:20:40.000Z","volume":1000,"label":" ","price":4.71},{"type":"B","date":"2018-04-17T05:20:47.000Z","volume":2000,"label":" ","price":4.7},{"type":"B","date":"2018-04-17T05:20:47.000Z","volume":2000,"label":" ","price":4.7},{"type":"A","date":"2018-04-17T05:20:47.000Z","volume":2000,"label":" ","price":4.71},{"type":"A","date":"2018-04-17T05:20:47.000Z","volume":1000,"label":" ","price":4.71},{"type":"U","date":"2018-04-17T05:21:11.000Z","volume":1000,"label":"X","price":4.71},{"type":"B","date":"2018-04-17T05:22:00.000Z","volume":3000,"label":" ","price":4.7},{"type":"A","date":"2018-04-17T05:22:01.000Z","volume":1000,"label":" ","price":4.71},{"type":"A","date":"2018-04-17T05:22:43.000Z","volume":10000,"label":" ","price":4.71},{"type":"A","date":"2018-04-17T05:22:44.000Z","volume":1000,"label":" ","price":4.71},{"type":"A","date":"2018-04-17T05:22:46.000Z","volume":3000,"label":"Y","price":4.71},{"type":"A","date":"2018-04-17T05:22:46.000Z","volume":37000,"label":" ","price":4.71},{"type":"A","date":"2018-04-17T05:22:46.000Z","volume":6000,"label":" ","price":4.71},{"type":"A","date":"2018-04-17T05:22:47.000Z","volume":9000,"label":" ","price":4.71},{"type":"A","date":"2018-04-17T05:22:57.000Z","volume":1000,"label":" ","price":4.71},{"type":"A","date":"2018-04-17T05:23:28.000Z","volume":5000,"label":" ","price":4.71},{"type":"A","date":"2018-04-17T05:23:29.000Z","volume":1000,"label":"Y","price":4.71},{"type":"A","date":"2018-04-17T05:23:41.000Z","volume":8000,"label":" ","price":4.71},{"type":"A","date":"2018-04-17T05:23:41.000Z","volume":1000,"label":" ","price":4.71},{"type":"A","date":"2018-04-17T05:23:42.000Z","volume":1000,"label":" ","price":4.71},{"type":"U","date":"2018-04-17T05:23:51.000Z","volume":2000,"label":"X","price":4.71},{"type":"A","date":"2018-04-17T05:24:13.000Z","volume":45000,"label":" ","price":4.71},{"type":"A","date":"2018-04-17T05:24:14.000Z","volume":8000,"label":" ","price":4.72},{"type":"A","date":"2018-04-17T05:25:35.000Z","volume":5000,"label":" ","price":4.72},{"type":"B","date":"2018-04-17T05:25:35.000Z","volume":7000,"label":" ","price":4.71},{"type":"A","date":"2018-04-17T05:25:36.000Z","volume":2000,"label":" ","price":4.72},{"type":"A","date":"2018-04-17T05:25:45.000Z","volume":3000,"label":" ","price":4.72},{"type":"A","date":"2018-04-17T05:25:46.000Z","volume":1000,"label":" ","price":4.72},{"type":"A","date":"2018-04-17T05:27:16.000Z","volume":1000,"label":" ","price":4.72},{"type":"A","date":"2018-04-17T05:27:30.000Z","volume":1000,"label":" ","price":4.72},{"type":"B","date":"2018-04-17T05:27:54.000Z","volume":2000,"label":" ","price":4.71},{"type":"A","date":"2018-04-17T05:28:02.000Z","volume":1000,"label":" ","price":4.72},{"type":"A","date":"2018-04-17T05:28:03.000Z","volume":1000,"label":" ","price":4.72},{"type":"A","date":"2018-04-17T05:29:00.000Z","volume":1000,"label":" ","price":4.72},{"type":"B","date":"2018-04-17T05:29:28.000Z","volume":1000,"label":" ","price":4.71},{"type":"B","date":"2018-04-17T05:29:55.000Z","volume":1000,"label":" ","price":4.71},{"type":"B","date":"2018-04-17T05:30:00.000Z","volume":3000,"label":" ","price":4.71},{"type":"A","date":"2018-04-17T05:30:01.000Z","volume":1000,"label":" ","price":4.72},{"type":"U","date":"2018-04-17T05:30:49.000Z","volume":200,"label":"D","price":4.67},{"type":"B","date":"2018-04-17T05:30:59.000Z","volume":10000,"label":" ","price":4.71},{"type":"B","date":"2018-04-17T05:30:59.000Z","volume":2000,"label":" ","price":4.71},{"type":"A","date":"2018-04-17T05:30:59.000Z","volume":3000,"label":" ","price":4.72},{"type":"A","date":"2018-04-17T05:31:00.000Z","volume":2000,"label":" ","price":4.72},{"type":"A","date":"2018-04-17T05:32:00.000Z","volume":1000,"label":" ","price":4.72},{"type":"A","date":"2018-04-17T05:32:01.000Z","volume":1000,"label":" ","price":4.72},{"type":"B","date":"2018-04-17T05:34:00.000Z","volume":3000,"label":" ","price":4.71},{"type":"A","date":"2018-04-17T05:37:02.000Z","volume":1000,"label":" ","price":4.72},{"type":"A","date":"2018-04-17T05:37:26.000Z","volume":1000,"label":" ","price":4.72},{"type":"U","date":"2018-04-17T05:37:27.000Z","volume":1000,"label":"X","price":4.715},{"type":"B","date":"2018-04-17T05:37:54.000Z","volume":30000,"label":" ","price":4.71},{"type":"A","date":"2018-04-17T05:37:54.000Z","volume":4000,"label":" ","price":4.72},{"type":"B","date":"2018-04-17T05:38:00.000Z","volume":3000,"label":" ","price":4.71},{"type":"B","date":"2018-04-17T05:39:00.000Z","volume":10000,"label":" ","price":4.71},{"type":"B","date":"2018-04-17T05:39:02.000Z","volume":2000,"label":" ","price":4.71},{"type":"B","date":"2018-04-17T05:41:05.000Z","volume":1000,"label":" ","price":4.71},{"type":"B","date":"2018-04-17T05:41:38.000Z","volume":1000,"label":" ","price":4.71},{"type":"B","date":"2018-04-17T05:42:00.000Z","volume":3000,"label":" ","price":4.71},{"type":"B","date":"2018-04-17T05:43:51.000Z","volume":30000,"label":" ","price":4.71},{"type":"A","date":"2018-04-17T05:43:52.000Z","volume":5000,"label":" ","price":4.72},{"type":"A","date":"2018-04-17T05:44:00.000Z","volume":3000,"label":" ","price":4.72},{"type":"U","date":"2018-04-17T05:44:12.000Z","volume":2000,"label":"X","price":4.72},{"type":"B","date":"2018-04-17T05:45:34.000Z","volume":20000,"label":" ","price":4.71},{"type":"B","date":"2018-04-17T05:46:00.000Z","volume":4000,"label":" ","price":4.71},{"type":"B","date":"2018-04-17T05:46:54.000Z","volume":2000,"label":" ","price":4.71},{"type":"B","date":"2018-04-17T05:47:06.000Z","volume":50000,"label":" ","price":4.71},{"type":"A","date":"2018-04-17T05:47:06.000Z","volume":1000,"label":" ","price":4.72},{"type":"B","date":"2018-04-17T05:47:17.000Z","volume":15000,"label":" ","price":4.71},{"type":"A","date":"2018-04-17T05:47:18.000Z","volume":4000,"label":" ","price":4.72},{"type":"A","date":"2018-04-17T05:47:18.000Z","volume":1000,"label":" ","price":4.72},{"type":"B","date":"2018-04-17T05:47:20.000Z","volume":3000,"label":" ","price":4.71},{"type":"A","date":"2018-04-17T05:47:25.000Z","volume":4000,"label":"Y","price":4.71},{"type":"A","date":"2018-04-17T05:47:25.000Z","volume":30000,"label":" ","price":4.71},{"type":"A","date":"2018-04-17T05:47:26.000Z","volume":4000,"label":"Y","price":4.71},{"type":"A","date":"2018-04-17T05:47:26.000Z","volume":2000,"label":" ","price":4.71},{"type":"A","date":"2018-04-17T05:47:33.000Z","volume":4000,"label":" ","price":4.71},{"type":"A","date":"2018-04-17T05:47:34.000Z","volume":1000,"label":" ","price":4.71},{"type":"U","date":"2018-04-17T05:47:42.000Z","volume":1000,"label":"X","price":4.72},{"type":"A","date":"2018-04-17T05:49:31.000Z","volume":20000,"label":" ","price":4.71},{"type":"A","date":"2018-04-17T05:49:32.000Z","volume":3000,"label":" ","price":4.71},{"type":"U","date":"2018-04-17T05:49:48.000Z","volume":878,"label":"D","price":4.71},{"type":"B","date":"2018-04-17T05:50:00.000Z","volume":3000,"label":" ","price":4.7},{"type":"U","date":"2018-04-17T05:51:43.000Z","volume":1000,"label":"X","price":4.705},{"type":"A","date":"2018-04-17T05:51:57.000Z","volume":5000,"label":" ","price":4.71},{"type":"A","date":"2018-04-17T05:52:07.000Z","volume":4000,"label":"Y","price":4.71},{"type":"A","date":"2018-04-17T05:53:05.000Z","volume":1000,"label":"Y","price":4.71},{"type":"A","date":"2018-04-17T05:53:05.000Z","volume":18000,"label":" ","price":4.71},{"type":"A","date":"2018-04-17T05:53:06.000Z","volume":2000,"label":" ","price":4.72},{"type":"B","date":"2018-04-17T05:57:54.000Z","volume":2000,"label":" ","price":4.71},{"type":"A","date":"2018-04-17T05:57:55.000Z","volume":1000,"label":" ","price":4.72},{"type":"B","date":"2018-04-17T05:58:00.000Z","volume":3000,"label":" ","price":4.71},{"type":"U","date":"2018-04-17T06:01:03.000Z","volume":1000,"label":"X","price":4.715},{"type":"B","date":"2018-04-17T06:01:29.000Z","volume":40000,"label":" ","price":4.71},{"type":"A","date":"2018-04-17T06:01:29.000Z","volume":4000,"label":" ","price":4.72},{"type":"B","date":"2018-04-17T06:02:00.000Z","volume":3000,"label":" ","price":4.71},{"type":"B","date":"2018-04-17T06:05:54.000Z","volume":2000,"label":" ","price":4.71},{"type":"B","date":"2018-04-17T06:06:10.000Z","volume":3000,"label":" ","price":4.71},{"type":"B","date":"2018-04-17T06:06:21.000Z","volume":10000,"label":" ","price":4.71},{"type":"A","date":"2018-04-17T06:06:22.000Z","volume":1000,"label":" ","price":4.72},{"type":"B","date":"2018-04-17T06:10:00.000Z","volume":3000,"label":" ","price":4.71},{"type":"U","date":"2018-04-17T06:10:19.000Z","volume":1000,"label":"X","price":4.715},{"type":"B","date":"2018-04-17T06:11:39.000Z","volume":1000,"label":"Y","price":4.71},{"type":"B","date":"2018-04-17T06:11:39.000Z","volume":1000,"label":" ","price":4.71},{"type":"B","date":"2018-04-17T06:14:00.000Z","volume":3000,"label":" ","price":4.71},{"type":"B","date":"2018-04-17T06:14:24.000Z","volume":50000,"label":" ","price":4.71},{"type":"A","date":"2018-04-17T06:14:24.000Z","volume":7000,"label":" ","price":4.72},{"type":"A","date":"2018-04-17T06:14:26.000Z","volume":6000,"label":" ","price":4.72},{"type":"B","date":"2018-04-17T06:14:45.000Z","volume":1000,"label":"Y","price":4.71},{"type":"B","date":"2018-04-17T06:14:45.000Z","volume":9000,"label":" ","price":4.71},{"type":"B","date":"2018-04-17T06:14:45.000Z","volume":2000,"label":" ","price":4.71},{"type":"B","date":"2018-04-17T06:14:45.000Z","volume":2000,"label":" ","price":4.71},{"type":"A","date":"2018-04-17T06:14:51.000Z","volume":4000,"label":"Y","price":4.71},{"type":"A","date":"2018-04-17T06:14:51.000Z","volume":11000,"label":" ","price":4.71},{"type":"A","date":"2018-04-17T06:14:52.000Z","volume":1000,"label":" ","price":4.72},{"type":"A","date":"2018-04-17T06:17:25.000Z","volume":1000,"label":" ","price":4.72},{"type":"B","date":"2018-04-17T06:17:39.000Z","volume":2000,"label":" ","price":4.71},{"type":"B","date":"2018-04-17T06:18:00.000Z","volume":3000,"label":" ","price":4.71},{"type":"A","date":"2018-04-17T06:18:01.000Z","volume":1000,"label":" ","price":4.72},{"type":"U","date":"2018-04-17T06:19:49.000Z","volume":1000,"label":"X","price":4.715},{"type":"B","date":"2018-04-17T06:21:17.000Z","volume":7000,"label":" ","price":4.71},{"type":"B","date":"2018-04-17T06:22:00.000Z","volume":3000,"label":" ","price":4.71},{"type":"U","date":"2018-04-17T06:23:30.000Z","volume":970,"label":"D","price":4.66},{"type":"B","date":"2018-04-17T06:23:36.000Z","volume":5000,"label":" ","price":4.71},{"type":"B","date":"2018-04-17T06:24:54.000Z","volume":2000,"label":" ","price":4.71},{"type":"B","date":"2018-04-17T06:26:00.000Z","volume":3000,"label":" ","price":4.71},{"type":"U","date":"2018-04-17T06:27:57.000Z","volume":1000,"label":"X","price":4.715},{"type":"B","date":"2018-04-17T06:28:13.000Z","volume":5000,"label":" ","price":4.71},{"type":"B","date":"2018-04-17T06:30:00.000Z","volume":4000,"label":" ","price":4.71},{"type":"A","date":"2018-04-17T06:30:01.000Z","volume":1000,"label":" ","price":4.72},{"type":"B","date":"2018-04-17T06:32:09.000Z","volume":2000,"label":" ","price":4.71},{"type":"B","date":"2018-04-17T06:34:00.000Z","volume":3000,"label":" ","price":4.71},{"type":"U","date":"2018-04-17T06:36:54.000Z","volume":600,"label":"D","price":4.65},{"type":"U","date":"2018-04-17T06:37:16.000Z","volume":405,"label":"D","price":4.66},{"type":"U","date":"2018-04-17T06:37:33.000Z","volume":1000,"label":"X","price":4.715},{"type":"B","date":"2018-04-17T06:37:54.000Z","volume":150000,"label":" ","price":4.71},{"type":"B","date":"2018-04-17T06:37:54.000Z","volume":4000,"label":" ","price":4.71},{"type":"A","date":"2018-04-17T06:37:55.000Z","volume":25000,"label":" ","price":4.72},{"type":"B","date":"2018-04-17T06:38:00.000Z","volume":3000,"label":" ","price":4.71},{"type":"A","date":"2018-04-17T06:38:00.000Z","volume":19000,"label":" ","price":4.72},{"type":"A","date":"2018-04-17T06:38:01.000Z","volume":4000,"label":" ","price":4.72},{"type":"B","date":"2018-04-17T06:38:02.000Z","volume":2000,"label":" ","price":4.71},{"type":"U","date":"2018-04-17T06:38:14.000Z","volume":2000,"label":"X","price":4.72},{"type":"B","date":"2018-04-17T06:38:32.000Z","volume":16000,"label":" ","price":4.71},{"type":"A","date":"2018-04-17T06:38:33.000Z","volume":3000,"label":" ","price":4.72},{"type":"B","date":"2018-04-17T06:38:50.000Z","volume":1000,"label":" ","price":4.71},{"type":"B","date":"2018-04-17T06:41:26.000Z","volume":5000,"label":" ","price":4.71},{"type":"B","date":"2018-04-17T06:41:28.000Z","volume":7000,"label":" ","price":4.71},{"type":"A","date":"2018-04-17T06:41:28.000Z","volume":2000,"label":" ","price":4.71},{"type":"A","date":"2018-04-17T06:41:33.000Z","volume":5000,"label":"Y","price":4.71},{"type":"A","date":"2018-04-17T06:41:33.000Z","volume":23000,"label":" ","price":4.71},{"type":"A","date":"2018-04-17T06:41:34.000Z","volume":5000,"label":" ","price":4.72},{"type":"U","date":"2018-04-17T06:41:51.000Z","volume":299,"label":"D","price":4.66},{"type":"A","date":"2018-04-17T06:43:01.000Z","volume":9000,"label":"Y","price":4.71},{"type":"A","date":"2018-04-17T06:43:01.000Z","volume":9000,"label":" ","price":4.71},{"type":"B","date":"2018-04-17T06:43:02.000Z","volume":2000,"label":" ","price":4.71},{"type":"B","date":"2018-04-17T06:43:02.000Z","volume":3000,"label":" ","price":4.71},{"type":"A","date":"2018-04-17T06:43:02.000Z","volume":1000,"label":" ","price":4.71},{"type":"A","date":"2018-04-17T06:43:02.000Z","volume":1000,"label":" ","price":4.71},{"type":"A","date":"2018-04-17T06:43:02.000Z","volume":4000,"label":" ","price":4.71},{"type":"A","date":"2018-04-17T06:43:06.000Z","volume":2000,"label":"Y","price":4.71},{"type":"A","date":"2018-04-17T06:43:06.000Z","volume":1000,"label":" ","price":4.71},{"type":"A","date":"2018-04-17T06:43:07.000Z","volume":1000,"label":" ","price":4.72},{"type":"U","date":"2018-04-17T06:44:05.000Z","volume":684,"label":"D","price":4.65},{"type":"U","date":"2018-04-17T06:44:18.000Z","volume":100,"label":"D","price":4.65},{"type":"U","date":"2018-04-17T06:45:01.000Z","volume":1000,"label":"X","price":4.71},{"type":"B","date":"2018-04-17T06:46:00.000Z","volume":3000,"label":" ","price":4.7},{"type":"A","date":"2018-04-17T06:46:12.000Z","volume":2000,"label":" ","price":4.71},{"type":"A","date":"2018-04-17T06:46:13.000Z","volume":1000,"label":" ","price":4.72},{"type":"A","date":"2018-04-17T06:48:07.000Z","volume":2000,"label":" ","price":4.72},{"type":"U","date":"2018-04-17T06:48:14.000Z","volume":1000,"label":"X","price":4.72},{"type":"B","date":"2018-04-17T06:48:17.000Z","volume":2000,"label":" ","price":4.71},{"type":"U","date":"2018-04-17T06:48:33.000Z","volume":784,"label":"D","price":4.72},{"type":"B","date":"2018-04-17T06:50:00.000Z","volume":3000,"label":" ","price":4.71},{"type":"B","date":"2018-04-17T06:53:54.000Z","volume":2000,"label":" ","price":4.71},{"type":"B","date":"2018-04-17T06:54:00.000Z","volume":3000,"label":" ","price":4.71},{"type":"A","date":"2018-04-17T06:54:01.000Z","volume":1000,"label":" ","price":4.72},{"type":"U","date":"2018-04-17T06:54:31.000Z","volume":1000,"label":"X","price":4.715},{"type":"B","date":"2018-04-17T06:54:38.000Z","volume":32000,"label":" ","price":4.71},{"type":"A","date":"2018-04-17T06:54:38.000Z","volume":3000,"label":" ","price":4.71},{"type":"A","date":"2018-04-17T06:54:44.000Z","volume":119000,"label":" ","price":4.71},{"type":"A","date":"2018-04-17T06:54:45.000Z","volume":17000,"label":" ","price":4.71},{"type":"A","date":"2018-04-17T06:54:46.000Z","volume":23000,"label":" ","price":4.71},{"type":"U","date":"2018-04-17T06:54:52.000Z","volume":1000,"label":"X","price":4.71},{"type":"B","date":"2018-04-17T06:57:26.000Z","volume":40000,"label":" ","price":4.7},{"type":"A","date":"2018-04-17T06:57:27.000Z","volume":7000,"label":" ","price":4.71},{"type":"A","date":"2018-04-17T06:57:32.000Z","volume":6000,"label":" ","price":4.71},{"type":"A","date":"2018-04-17T06:57:33.000Z","volume":1000,"label":" ","price":4.71},{"type":"U","date":"2018-04-17T06:57:45.000Z","volume":2000,"label":"X","price":4.71},{"type":"B","date":"2018-04-17T06:58:00.000Z","volume":3000,"label":" ","price":4.7},{"type":"B","date":"2018-04-17T06:58:35.000Z","volume":45000,"label":" ","price":4.7},{"type":"A","date":"2018-04-17T06:58:35.000Z","volume":4000,"label":" ","price":4.71},{"type":"A","date":"2018-04-17T06:58:48.000Z","volume":5000,"label":" ","price":4.71},{"type":"U","date":"2018-04-17T06:58:53.000Z","volume":2000,"label":"X","price":4.71},{"type":"U","date":"2018-04-17T07:00:26.000Z","volume":205,"label":"D","price":4.65},{"type":"A","date":"2018-04-17T07:00:37.000Z","volume":5000,"label":"Y","price":4.71},{"type":"B","date":"2018-04-17T07:01:03.000Z","volume":15000,"label":" ","price":4.7},{"type":"B","date":"2018-04-17T07:02:00.000Z","volume":3000,"label":" ","price":4.7},{"type":"U","date":"2018-04-17T07:05:36.000Z","volume":1000,"label":"X","price":4.705},{"type":"B","date":"2018-04-17T07:06:00.000Z","volume":3000,"label":" ","price":4.7},{"type":"B","date":"2018-04-17T07:09:48.000Z","volume":41000,"label":" ","price":4.7},{"type":"A","date":"2018-04-17T07:09:49.000Z","volume":12000,"label":" ","price":4.7},{"type":"A","date":"2018-04-17T07:09:49.000Z","volume":6000,"label":" ","price":4.7},{"type":"A","date":"2018-04-17T07:09:50.000Z","volume":3000,"label":" ","price":4.7},{"type":"B","date":"2018-04-17T07:10:00.000Z","volume":3000,"label":" ","price":4.69},{"type":"B","date":"2018-04-17T07:13:05.000Z","volume":42000,"label":" ","price":4.69},{"type":"B","date":"2018-04-17T07:13:05.000Z","volume":158000,"label":" ","price":4.68},{"type":"A","date":"2018-04-17T07:13:05.000Z","volume":2000,"label":" ","price":4.7},{"type":"A","date":"2018-04-17T07:13:05.000Z","volume":17000,"label":" ","price":4.7},{"type":"A","date":"2018-04-17T07:13:05.000Z","volume":11000,"label":" ","price":4.7},{"type":"A","date":"2018-04-17T07:13:05.000Z","volume":1000,"label":" ","price":4.7},{"type":"A","date":"2018-04-17T07:13:05.000Z","volume":1000,"label":" ","price":4.7},{"type":"U","date":"2018-04-17T07:13:05.000Z","volume":22000,"label":" ","price":4.69},{"type":"A","date":"2018-04-17T07:13:06.000Z","volume":4000,"label":" ","price":4.7},{"type":"B","date":"2018-04-17T07:14:10.000Z","volume":3000,"label":" ","price":4.69},{"type":"B","date":"2018-04-17T07:14:24.000Z","volume":14000,"label":" ","price":4.69},{"type":"B","date":"2018-04-17T07:14:24.000Z","volume":173000,"label":" ","price":4.68},{"type":"A","date":"2018-04-17T07:14:24.000Z","volume":2000,"label":" ","price":4.68},{"type":"A","date":"2018-04-17T07:14:25.000Z","volume":1000,"label":" ","price":4.68},{"type":"A","date":"2018-04-17T07:14:27.000Z","volume":55000,"label":" ","price":4.68},{"type":"A","date":"2018-04-17T07:14:28.000Z","volume":9000,"label":" ","price":4.68},{"type":"A","date":"2018-04-17T07:14:31.000Z","volume":8000,"label":" ","price":4.68},{"type":"A","date":"2018-04-17T07:14:31.000Z","volume":2000,"label":" ","price":4.68},{"type":"A","date":"2018-04-17T07:14:32.000Z","volume":2000,"label":" ","price":4.68},{"type":"A","date":"2018-04-17T07:14:45.000Z","volume":29000,"label":" ","price":4.68},{"type":"A","date":"2018-04-17T07:14:46.000Z","volume":5000,"label":" ","price":4.7},{"type":"B","date":"2018-04-17T07:15:09.000Z","volume":2000,"label":" ","price":4.69},{"type":"A","date":"2018-04-17T07:15:10.000Z","volume":1000,"label":" ","price":4.7},{"type":"B","date":"2018-04-17T07:15:51.000Z","volume":29000,"label":" ","price":4.69},{"type":"A","date":"2018-04-17T07:15:51.000Z","volume":1000,"label":" ","price":4.68},{"type":"A","date":"2018-04-17T07:15:51.000Z","volume":1000,"label":" ","price":4.68},{"type":"A","date":"2018-04-17T07:15:51.000Z","volume":3000,"label":" ","price":4.68},{"type":"B","date":"2018-04-17T07:15:57.000Z","volume":5000,"label":" ","price":4.67},{"type":"A","date":"2018-04-17T07:16:01.000Z","volume":62000,"label":" ","price":4.67},{"type":"A","date":"2018-04-17T07:16:01.000Z","volume":1000,"label":" ","price":4.67},{"type":"A","date":"2018-04-17T07:16:02.000Z","volume":7000,"label":" ","price":4.67},{"type":"A","date":"2018-04-17T07:16:02.000Z","volume":31000,"label":" ","price":4.67},{"type":"A","date":"2018-04-17T07:16:03.000Z","volume":6000,"label":" ","price":4.68},{"type":"A","date":"2018-04-17T07:17:41.000Z","volume":4000,"label":"Y","price":4.68},{"type":"A","date":"2018-04-17T07:17:41.000Z","volume":11000,"label":" ","price":4.68},{"type":"A","date":"2018-04-17T07:17:42.000Z","volume":2000,"label":" ","price":4.69},{"type":"A","date":"2018-04-17T07:17:49.000Z","volume":6000,"label":" ","price":4.69},{"type":"A","date":"2018-04-17T07:17:50.000Z","volume":1000,"label":" ","price":4.7},{"type":"B","date":"2018-04-17T07:22:10.000Z","volume":3000,"label":"Y","price":4.67},{"type":"A","date":"2018-04-17T07:22:11.000Z","volume":1000,"label":" ","price":4.7},{"type":"U","date":"2018-04-17T07:25:59.000Z","volume":600,"label":"D","price":4.63},{"type":"B","date":"2018-04-17T07:26:10.000Z","volume":3000,"label":"Y","price":4.67},{"type":"U","date":"2018-04-17T07:26:15.000Z","volume":2000,"label":" ","price":4.68},{"type":"A","date":"2018-04-17T07:26:16.000Z","volume":1000,"label":" ","price":4.68},{"type":"A","date":"2018-04-17T07:26:17.000Z","volume":1000,"label":" ","price":4.68},{"type":"A","date":"2018-04-17T07:26:17.000Z","volume":1000,"label":" ","price":4.68},{"type":"A","date":"2018-04-17T07:26:24.000Z","volume":1000,"label":" ","price":4.68},{"type":"A","date":"2018-04-17T07:26:31.000Z","volume":1000,"label":" ","price":4.68},{"type":"A","date":"2018-04-17T07:26:39.000Z","volume":17000,"label":" ","price":4.68},{"type":"A","date":"2018-04-17T07:26:39.000Z","volume":8000,"label":" ","price":4.68},{"type":"A","date":"2018-04-17T07:26:40.000Z","volume":3000,"label":"Y","price":4.68},{"type":"A","date":"2018-04-17T07:26:40.000Z","volume":2000,"label":" ","price":4.68},{"type":"A","date":"2018-04-17T07:26:41.000Z","volume":1000,"label":" ","price":4.68},{"type":"B","date":"2018-04-17T07:26:41.000Z","volume":7000,"label":" ","price":4.67},{"type":"A","date":"2018-04-17T07:26:42.000Z","volume":1000,"label":" ","price":4.69},{"type":"B","date":"2018-04-17T07:28:57.000Z","volume":3000,"label":" ","price":4.68},{"type":"A","date":"2018-04-17T07:28:58.000Z","volume":1000,"label":" ","price":4.69},{"type":"B","date":"2018-04-17T07:30:10.000Z","volume":3000,"label":" ","price":4.68},{"type":"B","date":"2018-04-17T07:30:32.000Z","volume":2000,"label":" ","price":4.68},{"type":"A","date":"2018-04-17T07:30:33.000Z","volume":1000,"label":" ","price":4.69},{"type":"A","date":"2018-04-17T07:31:39.000Z","volume":1000,"label":" ","price":4.69},{"type":"B","date":"2018-04-17T07:31:56.000Z","volume":47000,"label":" ","price":4.68},{"type":"A","date":"2018-04-17T07:31:57.000Z","volume":2000,"label":" ","price":4.69},{"type":"B","date":"2018-04-17T07:31:58.000Z","volume":8000,"label":" ","price":4.68},{"type":"A","date":"2018-04-17T07:31:59.000Z","volume":2000,"label":" ","price":4.69},{"type":"B","date":"2018-04-17T07:32:24.000Z","volume":2000,"label":" ","price":4.68},{"type":"B","date":"2018-04-17T07:34:00.000Z","volume":3000,"label":" ","price":4.68},{"type":"U","date":"2018-04-17T07:34:08.000Z","volume":1000,"label":"X","price":4.685},{"type":"U","date":"2018-04-17T07:34:08.000Z","volume":1000,"label":"X","price":4.685},{"type":"A","date":"2018-04-17T07:37:36.000Z","volume":2000,"label":" ","price":4.69},{"type":"A","date":"2018-04-17T07:37:47.000Z","volume":3000,"label":" ","price":4.69},{"type":"A","date":"2018-04-17T07:37:58.000Z","volume":2000,"label":" ","price":4.69},{"type":"A","date":"2018-04-17T07:37:59.000Z","volume":1000,"label":" ","price":4.69},{"type":"B","date":"2018-04-17T07:38:00.000Z","volume":3000,"label":" ","price":4.68},{"type":"A","date":"2018-04-17T07:38:18.000Z","volume":4000,"label":" ","price":4.69},{"type":"A","date":"2018-04-17T07:38:19.000Z","volume":1000,"label":" ","price":4.69},{"type":"A","date":"2018-04-17T07:38:28.000Z","volume":3000,"label":" ","price":4.69},{"type":"A","date":"2018-04-17T07:38:38.000Z","volume":2000,"label":" ","price":4.69},{"type":"A","date":"2018-04-17T07:38:39.000Z","volume":1000,"label":" ","price":4.69},{"type":"A","date":"2018-04-17T07:38:58.000Z","volume":4000,"label":" ","price":4.69},{"type":"A","date":"2018-04-17T07:39:08.000Z","volume":2000,"label":" ","price":4.69},{"type":"A","date":"2018-04-17T07:39:09.000Z","volume":1000,"label":" ","price":4.69},{"type":"A","date":"2018-04-17T07:39:17.000Z","volume":1000,"label":" ","price":4.69},{"type":"A","date":"2018-04-17T07:39:17.000Z","volume":1000,"label":" ","price":4.69},{"type":"A","date":"2018-04-17T07:39:17.000Z","volume":1000,"label":" ","price":4.69},{"type":"A","date":"2018-04-17T07:39:22.000Z","volume":9000,"label":" ","price":4.69},{"type":"A","date":"2018-04-17T07:39:23.000Z","volume":2000,"label":" ","price":4.69},{"type":"A","date":"2018-04-17T07:39:28.000Z","volume":3000,"label":" ","price":4.69},{"type":"A","date":"2018-04-17T07:39:38.000Z","volume":2000,"label":" ","price":4.69},{"type":"A","date":"2018-04-17T07:39:39.000Z","volume":1000,"label":" ","price":4.69},{"type":"A","date":"2018-04-17T07:39:47.000Z","volume":2000,"label":" ","price":4.69},{"type":"U","date":"2018-04-17T07:40:01.000Z","volume":1000,"label":"X","price":4.685},{"type":"A","date":"2018-04-17T07:40:02.000Z","volume":2000,"label":"Y","price":4.69},{"type":"A","date":"2018-04-17T07:40:08.000Z","volume":2000,"label":" ","price":4.69},{"type":"A","date":"2018-04-17T07:40:09.000Z","volume":1000,"label":" ","price":4.69},{"type":"A","date":"2018-04-17T07:40:18.000Z","volume":2000,"label":" ","price":4.69},{"type":"A","date":"2018-04-17T07:40:27.000Z","volume":2000,"label":" ","price":4.69},{"type":"A","date":"2018-04-17T07:40:28.000Z","volume":1000,"label":" ","price":4.69},{"type":"A","date":"2018-04-17T07:40:38.000Z","volume":2000,"label":" ","price":4.69},{"type":"A","date":"2018-04-17T07:40:48.000Z","volume":3000,"label":" ","price":4.69},{"type":"A","date":"2018-04-17T07:40:58.000Z","volume":2000,"label":" ","price":4.69},{"type":"A","date":"2018-04-17T07:40:59.000Z","volume":1000,"label":"Y","price":4.69},{"type":"B","date":"2018-04-17T07:41:04.000Z","volume":30000,"label":" ","price":4.68},{"type":"A","date":"2018-04-17T07:41:18.000Z","volume":3000,"label":" ","price":4.69},{"type":"A","date":"2018-04-17T07:41:28.000Z","volume":2000,"label":" ","price":4.69},{"type":"A","date":"2018-04-17T07:41:38.000Z","volume":3000,"label":" ","price":4.69},{"type":"A","date":"2018-04-17T07:41:39.000Z","volume":1000,"label":" ","price":4.69},{"type":"A","date":"2018-04-17T07:41:47.000Z","volume":2000,"label":" ","price":4.69},{"type":"A","date":"2018-04-17T07:41:53.000Z","volume":2000,"label":" ","price":4.69},{"type":"A","date":"2018-04-17T07:42:03.000Z","volume":2000,"label":" ","price":4.69},{"type":"A","date":"2018-04-17T07:42:04.000Z","volume":1000,"label":" ","price":4.69},{"type":"B","date":"2018-04-17T07:42:10.000Z","volume":3000,"label":" ","price":4.68},{"type":"A","date":"2018-04-17T07:42:13.000Z","volume":2000,"label":" ","price":4.69},{"type":"A","date":"2018-04-17T07:42:14.000Z","volume":1000,"label":" ","price":4.69},{"type":"U","date":"2018-04-17T07:42:19.000Z","volume":1000,"label":"X","price":4.685},{"type":"A","date":"2018-04-17T07:42:33.000Z","volume":2000,"label":" ","price":4.69},{"type":"A","date":"2018-04-17T07:42:53.000Z","volume":3000,"label":" ","price":4.69},{"type":"A","date":"2018-04-17T07:43:10.000Z","volume":1000,"label":" ","price":4.69},{"type":"A","date":"2018-04-17T07:43:11.000Z","volume":1000,"label":" ","price":4.69},{"type":"A","date":"2018-04-17T07:43:13.000Z","volume":2000,"label":" ","price":4.69},{"type":"A","date":"2018-04-17T07:43:14.000Z","volume":1000,"label":" ","price":4.69},{"type":"A","date":"2018-04-17T07:43:23.000Z","volume":2000,"label":" ","price":4.69},{"type":"A","date":"2018-04-17T07:43:23.000Z","volume":1000,"label":" ","price":4.69},{"type":"A","date":"2018-04-17T07:43:24.000Z","volume":1000,"label":" ","price":4.69},{"type":"B","date":"2018-04-17T07:43:32.000Z","volume":10000,"label":" ","price":4.68},{"type":"A","date":"2018-04-17T07:43:33.000Z","volume":1000,"label":" ","price":4.69},{"type":"A","date":"2018-04-17T07:43:39.000Z","volume":1000,"label":" ","price":4.69},{"type":"A","date":"2018-04-17T07:43:40.000Z","volume":1000,"label":" ","price":4.69},{"type":"A","date":"2018-04-17T07:43:40.000Z","volume":3000,"label":" ","price":4.69},{"type":"A","date":"2018-04-17T07:43:52.000Z","volume":1000,"label":" ","price":4.69},{"type":"A","date":"2018-04-17T07:43:58.000Z","volume":2000,"label":" ","price":4.69},{"type":"A","date":"2018-04-17T07:43:59.000Z","volume":1000,"label":" ","price":4.69},{"type":"B","date":"2018-04-17T07:44:02.000Z","volume":1000,"label":"Y","price":4.68},{"type":"B","date":"2018-04-17T07:44:02.000Z","volume":1000,"label":" ","price":4.68},{"type":"B","date":"2018-04-17T07:44:02.000Z","volume":1000,"label":"Y","price":4.68},{"type":"B","date":"2018-04-17T07:44:02.000Z","volume":1000,"label":" ","price":4.68},{"type":"A","date":"2018-04-17T07:44:08.000Z","volume":3000,"label":" ","price":4.69},{"type":"A","date":"2018-04-17T07:44:12.000Z","volume":9000,"label":" ","price":4.69},{"type":"A","date":"2018-04-17T07:44:12.000Z","volume":1000,"label":" ","price":4.69},{"type":"A","date":"2018-04-17T07:44:18.000Z","volume":2000,"label":" ","price":4.69},{"type":"A","date":"2018-04-17T07:44:19.000Z","volume":1000,"label":" ","price":4.69},{"type":"A","date":"2018-04-17T07:44:24.000Z","volume":1000,"label":" ","price":4.69},{"type":"A","date":"2018-04-17T07:44:28.000Z","volume":2000,"label":" ","price":4.69},{"type":"A","date":"2018-04-17T07:44:33.000Z","volume":1000,"label":" ","price":4.69},{"type":"A","date":"2018-04-17T07:44:38.000Z","volume":3000,"label":" ","price":4.69},{"type":"A","date":"2018-04-17T07:44:39.000Z","volume":1000,"label":" ","price":4.69},{"type":"A","date":"2018-04-17T07:44:44.000Z","volume":2000,"label":" ","price":4.69},{"type":"A","date":"2018-04-17T07:44:47.000Z","volume":2000,"label":" ","price":4.69},{"type":"A","date":"2018-04-17T07:44:48.000Z","volume":1000,"label":" ","price":4.69},{"type":"A","date":"2018-04-17T07:44:54.000Z","volume":1000,"label":" ","price":4.69},{"type":"A","date":"2018-04-17T07:44:58.000Z","volume":2000,"label":" ","price":4.69},{"type":"A","date":"2018-04-17T07:45:04.000Z","volume":1000,"label":" ","price":4.69},{"type":"A","date":"2018-04-17T07:45:06.000Z","volume":2000,"label":" ","price":4.69},{"type":"A","date":"2018-04-17T07:45:07.000Z","volume":1000,"label":" ","price":4.69},{"type":"A","date":"2018-04-17T07:45:08.000Z","volume":1000,"label":" ","price":4.69},{"type":"A","date":"2018-04-17T07:45:14.000Z","volume":1000,"label":" ","price":4.69},{"type":"A","date":"2018-04-17T07:45:23.000Z","volume":3000,"label":" ","price":4.69},{"type":"A","date":"2018-04-17T07:45:24.000Z","volume":1000,"label":" ","price":4.69},{"type":"A","date":"2018-04-17T07:45:24.000Z","volume":1000,"label":" ","price":4.69},{"type":"A","date":"2018-04-17T07:45:29.000Z","volume":2000,"label":" ","price":4.69},{"type":"A","date":"2018-04-17T07:45:43.000Z","volume":3000,"label":" ","price":4.69},{"type":"A","date":"2018-04-17T07:45:43.000Z","volume":1000,"label":" ","price":4.69},{"type":"A","date":"2018-04-17T07:45:44.000Z","volume":1000,"label":" ","price":4.69},{"type":"A","date":"2018-04-17T07:45:59.000Z","volume":1000,"label":" ","price":4.69},{"type":"B","date":"2018-04-17T07:46:00.000Z","volume":3000,"label":" ","price":4.68},{"type":"B","date":"2018-04-17T07:46:02.000Z","volume":2000,"label":" ","price":4.68},{"type":"A","date":"2018-04-17T07:46:03.000Z","volume":1000,"label":" ","price":4.69},{"type":"A","date":"2018-04-17T07:46:18.000Z","volume":4000,"label":" ","price":4.69},{"type":"A","date":"2018-04-17T07:46:19.000Z","volume":1000,"label":" ","price":4.69},{"type":"A","date":"2018-04-17T07:46:28.000Z","volume":2000,"label":" ","price":4.69},{"type":"A","date":"2018-04-17T07:46:28.000Z","volume":2000,"label":" ","price":4.69},{"type":"A","date":"2018-04-17T07:46:38.000Z","volume":2000,"label":" ","price":4.69},{"type":"A","date":"2018-04-17T07:46:38.000Z","volume":1000,"label":" ","price":4.69},{"type":"A","date":"2018-04-17T07:46:39.000Z","volume":1000,"label":" ","price":4.69},{"type":"B","date":"2018-04-17T07:46:46.000Z","volume":2000,"label":" ","price":4.68},{"type":"A","date":"2018-04-17T07:46:48.000Z","volume":1000,"label":" ","price":4.69},{"type":"A","date":"2018-04-17T07:46:56.000Z","volume":2000,"label":" ","price":4.69},{"type":"A","date":"2018-04-17T07:46:57.000Z","volume":1000,"label":" ","price":4.69},{"type":"A","date":"2018-04-17T07:46:59.000Z","volume":1000,"label":" ","price":4.69},{"type":"A","date":"2018-04-17T07:47:19.000Z","volume":1000,"label":" ","price":4.69},{"type":"A","date":"2018-04-17T07:47:19.000Z","volume":2000,"label":" ","price":4.69},{"type":"B","date":"2018-04-17T07:47:24.000Z","volume":8000,"label":" ","price":4.68},{"type":"A","date":"2018-04-17T07:47:25.000Z","volume":2000,"label":" ","price":4.69},{"type":"A","date":"2018-04-17T07:47:29.000Z","volume":10000,"label":" ","price":4.69},{"type":"A","date":"2018-04-17T07:47:30.000Z","volume":2000,"label":" ","price":4.69},{"type":"A","date":"2018-04-17T07:47:39.000Z","volume":1000,"label":" ","price":4.69},{"type":"U","date":"2018-04-17T07:47:45.000Z","volume":1000,"label":"X","price":4.685},{"type":"A","date":"2018-04-17T07:48:14.000Z","volume":1000,"label":" ","price":4.69},{"type":"A","date":"2018-04-17T07:48:29.000Z","volume":1000,"label":" ","price":4.69},{"type":"A","date":"2018-04-17T07:48:43.000Z","volume":3000,"label":" ","price":4.69},{"type":"A","date":"2018-04-17T07:48:43.000Z","volume":1000,"label":" ","price":4.69},{"type":"A","date":"2018-04-17T07:48:44.000Z","volume":1000,"label":" ","price":4.69},{"type":"A","date":"2018-04-17T07:48:59.000Z","volume":2000,"label":" ","price":4.69},{"type":"A","date":"2018-04-17T07:49:03.000Z","volume":3000,"label":" ","price":4.69},{"type":"A","date":"2018-04-17T07:49:04.000Z","volume":1000,"label":" ","price":4.69},{"type":"A","date":"2018-04-17T07:49:14.000Z","volume":1000,"label":" ","price":4.69},{"type":"A","date":"2018-04-17T07:49:23.000Z","volume":3000,"label":" ","price":4.69},{"type":"A","date":"2018-04-17T07:49:29.000Z","volume":1000,"label":" ","price":4.69},{"type":"A","date":"2018-04-17T07:49:30.000Z","volume":1000,"label":" ","price":4.69},{"type":"A","date":"2018-04-17T07:49:43.000Z","volume":3000,"label":" ","price":4.69},{"type":"A","date":"2018-04-17T07:49:43.000Z","volume":1000,"label":" ","price":4.69},{"type":"A","date":"2018-04-17T07:49:53.000Z","volume":2000,"label":" ","price":4.69},{"type":"A","date":"2018-04-17T07:49:54.000Z","volume":1000,"label":" ","price":4.69},{"type":"A","date":"2018-04-17T07:49:59.000Z","volume":1000,"label":" ","price":4.69},{"type":"B","date":"2018-04-17T07:50:00.000Z","volume":3000,"label":" ","price":4.68},{"type":"A","date":"2018-04-17T07:50:02.000Z","volume":1000,"label":" ","price":4.69},{"type":"A","date":"2018-04-17T07:50:02.000Z","volume":1000,"label":" ","price":4.69},{"type":"A","date":"2018-04-17T07:50:02.000Z","volume":1000,"label":" ","price":4.69},{"type":"A","date":"2018-04-17T07:50:03.000Z","volume":1000,"label":" ","price":4.69},{"type":"A","date":"2018-04-17T07:50:07.000Z","volume":1000,"label":" ","price":4.69},{"type":"A","date":"2018-04-17T07:50:13.000Z","volume":2000,"label":" ","price":4.69},{"type":"A","date":"2018-04-17T07:50:23.000Z","volume":2000,"label":" ","price":4.69},{"type":"A","date":"2018-04-17T07:50:24.000Z","volume":1000,"label":" ","price":4.69},{"type":"A","date":"2018-04-17T07:50:39.000Z","volume":1000,"label":" ","price":4.69},{"type":"A","date":"2018-04-17T07:50:39.000Z","volume":3000,"label":" ","price":4.69},{"type":"A","date":"2018-04-17T07:50:48.000Z","volume":2000,"label":" ","price":4.69},{"type":"A","date":"2018-04-17T07:50:49.000Z","volume":1000,"label":" ","price":4.69},{"type":"A","date":"2018-04-17T07:50:52.000Z","volume":1000,"label":" ","price":4.69},{"type":"A","date":"2018-04-17T07:51:08.000Z","volume":3000,"label":" ","price":4.69},{"type":"A","date":"2018-04-17T07:51:08.000Z","volume":1000,"label":" ","price":4.69},{"type":"A","date":"2018-04-17T07:51:09.000Z","volume":1000,"label":" ","price":4.69},{"type":"A","date":"2018-04-17T07:51:22.000Z","volume":1000,"label":" ","price":4.69},{"type":"A","date":"2018-04-17T07:51:22.000Z","volume":1000,"label":" ","price":4.69},{"type":"A","date":"2018-04-17T07:51:23.000Z","volume":1000,"label":" ","price":4.69},{"type":"A","date":"2018-04-17T07:51:28.000Z","volume":3000,"label":" ","price":4.69},{"type":"A","date":"2018-04-17T07:51:29.000Z","volume":1000,"label":" ","price":4.69},{"type":"A","date":"2018-04-17T07:51:39.000Z","volume":2000,"label":" ","price":4.69},{"type":"A","date":"2018-04-17T07:51:48.000Z","volume":2000,"label":" ","price":4.69},{"type":"A","date":"2018-04-17T07:51:50.000Z","volume":1000,"label":" ","price":4.69},{"type":"A","date":"2018-04-17T07:51:51.000Z","volume":1000,"label":" ","price":4.69},{"type":"A","date":"2018-04-17T07:51:54.000Z","volume":1000,"label":" ","price":4.69},{"type":"A","date":"2018-04-17T07:51:58.000Z","volume":2000,"label":" ","price":4.69},{"type":"A","date":"2018-04-17T07:52:04.000Z","volume":1000,"label":" ","price":4.69},{"type":"A","date":"2018-04-17T07:52:04.000Z","volume":4000,"label":" ","price":4.69},{"type":"A","date":"2018-04-17T07:52:05.000Z","volume":1000,"label":" ","price":4.69},{"type":"A","date":"2018-04-17T07:52:08.000Z","volume":4000,"label":" ","price":4.69},{"type":"A","date":"2018-04-17T07:52:09.000Z","volume":1000,"label":" ","price":4.69},{"type":"A","date":"2018-04-17T07:52:10.000Z","volume":2000,"label":" ","price":4.69},{"type":"A","date":"2018-04-17T07:52:18.000Z","volume":4000,"label":" ","price":4.69},{"type":"A","date":"2018-04-17T07:52:18.000Z","volume":11000,"label":" ","price":4.69},{"type":"A","date":"2018-04-17T07:52:18.000Z","volume":4000,"label":" ","price":4.69},{"type":"A","date":"2018-04-17T07:52:19.000Z","volume":3000,"label":" ","price":4.69},{"type":"A","date":"2018-04-17T07:52:19.000Z","volume":2000,"label":" ","price":4.69},{"type":"A","date":"2018-04-17T07:52:20.000Z","volume":1000,"label":" ","price":4.69},{"type":"A","date":"2018-04-17T07:52:28.000Z","volume":4000,"label":" ","price":4.69},{"type":"A","date":"2018-04-17T07:52:30.000Z","volume":1000,"label":" ","price":4.69},{"type":"A","date":"2018-04-17T07:52:30.000Z","volume":2000,"label":" ","price":4.69},{"type":"A","date":"2018-04-17T07:52:31.000Z","volume":1000,"label":" ","price":4.69},{"type":"A","date":"2018-04-17T07:52:38.000Z","volume":4000,"label":"Y","price":4.69},{"type":"A","date":"2018-04-17T07:52:38.000Z","volume":56000,"label":" ","price":4.69},{"type":"A","date":"2018-04-17T07:52:38.000Z","volume":1000,"label":" ","price":4.69},{"type":"A","date":"2018-04-17T07:52:38.000Z","volume":1000,"label":"Y","price":4.69},{"type":"A","date":"2018-04-17T07:52:38.000Z","volume":4000,"label":" ","price":4.69},{"type":"A","date":"2018-04-17T07:52:38.000Z","volume":5000,"label":" ","price":4.69},{"type":"A","date":"2018-04-17T07:52:39.000Z","volume":13000,"label":" ","price":4.7},{"type":"A","date":"2018-04-17T07:52:48.000Z","volume":2000,"label":" ","price":4.7},{"type":"A","date":"2018-04-17T07:52:49.000Z","volume":9000,"label":" ","price":4.7},{"type":"A","date":"2018-04-17T07:52:49.000Z","volume":1000,"label":" ","price":4.7},{"type":"U","date":"2018-04-17T07:52:54.000Z","volume":4000,"label":"X","price":4.7},{"type":"A","date":"2018-04-17T07:52:54.000Z","volume":4000,"label":" ","price":4.7},{"type":"A","date":"2018-04-17T07:52:55.000Z","volume":1000,"label":" ","price":4.7},{"type":"A","date":"2018-04-17T07:52:59.000Z","volume":2000,"label":" ","price":4.7},{"type":"A","date":"2018-04-17T07:53:00.000Z","volume":1000,"label":" ","price":4.7},{"type":"A","date":"2018-04-17T07:53:03.000Z","volume":4000,"label":" ","price":4.7},{"type":"A","date":"2018-04-17T07:53:08.000Z","volume":1000,"label":" ","price":4.7},{"type":"A","date":"2018-04-17T07:53:13.000Z","volume":2000,"label":" ","price":4.7},{"type":"A","date":"2018-04-17T07:53:14.000Z","volume":1000,"label":"Y","price":4.7},{"type":"A","date":"2018-04-17T07:53:19.000Z","volume":1000,"label":" ","price":4.7},{"type":"A","date":"2018-04-17T07:53:23.000Z","volume":3000,"label":" ","price":4.7},{"type":"A","date":"2018-04-17T07:53:29.000Z","volume":1000,"label":" ","price":4.7},{"type":"A","date":"2018-04-17T07:53:30.000Z","volume":1000,"label":" ","price":4.7},{"type":"A","date":"2018-04-17T07:53:33.000Z","volume":2000,"label":" ","price":4.7},{"type":"A","date":"2018-04-17T07:53:39.000Z","volume":1000,"label":" ","price":4.7},{"type":"A","date":"2018-04-17T07:53:43.000Z","volume":2000,"label":" ","price":4.7},{"type":"A","date":"2018-04-17T07:53:44.000Z","volume":1000,"label":" ","price":4.7},{"type":"A","date":"2018-04-17T07:53:49.000Z","volume":1000,"label":" ","price":4.7},{"type":"A","date":"2018-04-17T07:53:53.000Z","volume":2000,"label":" ","price":4.7},{"type":"A","date":"2018-04-17T07:53:59.000Z","volume":2000,"label":" ","price":4.7},{"type":"A","date":"2018-04-17T07:54:03.000Z","volume":4000,"label":" ","price":4.7},{"type":"A","date":"2018-04-17T07:54:04.000Z","volume":1000,"label":" ","price":4.7},{"type":"A","date":"2018-04-17T07:54:09.000Z","volume":2000,"label":" ","price":4.7},{"type":"A","date":"2018-04-17T07:54:13.000Z","volume":5000,"label":" ","price":4.7},{"type":"A","date":"2018-04-17T07:54:14.000Z","volume":1000,"label":" ","price":4.7},{"type":"A","date":"2018-04-17T07:54:19.000Z","volume":3000,"label":" ","price":4.7},{"type":"A","date":"2018-04-17T07:54:20.000Z","volume":1000,"label":" ","price":4.7},{"type":"A","date":"2018-04-17T07:54:23.000Z","volume":5000,"label":" ","price":4.69},{"type":"A","date":"2018-04-17T07:54:24.000Z","volume":1000,"label":" ","price":4.69},{"type":"A","date":"2018-04-17T07:54:26.000Z","volume":1000,"label":" ","price":4.69},{"type":"A","date":"2018-04-17T07:54:29.000Z","volume":1000,"label":" ","price":4.69},{"type":"A","date":"2018-04-17T07:54:32.000Z","volume":1000,"label":" ","price":4.69},{"type":"A","date":"2018-04-17T07:54:33.000Z","volume":5000,"label":" ","price":4.69},{"type":"A","date":"2018-04-17T07:54:33.000Z","volume":1000,"label":" ","price":4.69},{"type":"A","date":"2018-04-17T07:54:33.000Z","volume":1000,"label":" ","price":4.69},{"type":"A","date":"2018-04-17T07:54:34.000Z","volume":2000,"label":"Y","price":4.69},{"type":"A","date":"2018-04-17T07:54:39.000Z","volume":2000,"label":" ","price":4.69},{"type":"A","date":"2018-04-17T07:54:43.000Z","volume":5000,"label":" ","price":4.7},{"type":"A","date":"2018-04-17T07:54:44.000Z","volume":1000,"label":" ","price":4.7},{"type":"A","date":"2018-04-17T07:54:49.000Z","volume":3000,"label":" ","price":4.7},{"type":"A","date":"2018-04-17T07:54:53.000Z","volume":5000,"label":" ","price":4.7},{"type":"A","date":"2018-04-17T07:54:54.000Z","volume":1000,"label":" ","price":4.7},{"type":"A","date":"2018-04-17T07:54:59.000Z","volume":3000,"label":" ","price":4.7},{"type":"A","date":"2018-04-17T07:55:00.000Z","volume":1000,"label":" ","price":4.7},{"type":"A","date":"2018-04-17T07:55:03.000Z","volume":4000,"label":" ","price":4.7},{"type":"A","date":"2018-04-17T07:55:06.000Z","volume":7000,"label":" ","price":4.7},{"type":"A","date":"2018-04-17T07:55:07.000Z","volume":2000,"label":" ","price":4.7},{"type":"A","date":"2018-04-17T07:55:07.000Z","volume":2000,"label":" ","price":4.7},{"type":"A","date":"2018-04-17T07:55:13.000Z","volume":3000,"label":" ","price":4.7},{"type":"A","date":"2018-04-17T07:55:13.000Z","volume":1000,"label":" ","price":4.7},{"type":"A","date":"2018-04-17T07:55:14.000Z","volume":1000,"label":" ","price":4.7},{"type":"U","date":"2018-04-17T07:55:16.000Z","volume":4000,"label":"X","price":4.7},{"type":"A","date":"2018-04-17T07:55:23.000Z","volume":3000,"label":" ","price":4.7},{"type":"A","date":"2018-04-17T07:55:23.000Z","volume":1000,"label":" ","price":4.7},{"type":"A","date":"2018-04-17T07:55:32.000Z","volume":2000,"label":" ","price":4.7},{"type":"A","date":"2018-04-17T07:55:32.000Z","volume":2000,"label":" ","price":4.7},{"type":"A","date":"2018-04-17T07:55:33.000Z","volume":1000,"label":" ","price":4.7},{"type":"A","date":"2018-04-17T07:55:39.000Z","volume":1000,"label":" ","price":4.7},{"type":"A","date":"2018-04-17T07:55:43.000Z","volume":4000,"label":" ","price":4.7},{"type":"A","date":"2018-04-17T07:55:44.000Z","volume":1000,"label":" ","price":4.7},{"type":"A","date":"2018-04-17T07:55:47.000Z","volume":2000,"label":" ","price":4.7},{"type":"A","date":"2018-04-17T07:55:53.000Z","volume":3000,"label":" ","price":4.7},{"type":"A","date":"2018-04-17T07:55:54.000Z","volume":1000,"label":" ","price":4.7},{"type":"U","date":"2018-04-17T07:55:56.000Z","volume":334,"label":"D","price":4.64},{"type":"A","date":"2018-04-17T07:55:57.000Z","volume":1000,"label":" ","price":4.7},{"type":"A","date":"2018-04-17T07:56:00.000Z","volume":2000,"label":" ","price":4.7},{"type":"A","date":"2018-04-17T07:56:08.000Z","volume":2000,"label":" ","price":4.7},{"type":"A","date":"2018-04-17T07:56:08.000Z","volume":2000,"label":" ","price":4.7},{"type":"A","date":"2018-04-17T07:56:09.000Z","volume":1000,"label":" ","price":4.7},{"type":"A","date":"2018-04-17T07:56:16.000Z","volume":1000,"label":" ","price":4.7},{"type":"A","date":"2018-04-17T07:56:18.000Z","volume":2000,"label":" ","price":4.7},{"type":"A","date":"2018-04-17T07:56:19.000Z","volume":1000,"label":" ","price":4.7},{"type":"A","date":"2018-04-17T07:56:28.000Z","volume":3000,"label":" ","price":4.7},{"type":"A","date":"2018-04-17T07:56:28.000Z","volume":1000,"label":" ","price":4.7},{"type":"A","date":"2018-04-17T07:56:38.000Z","volume":2000,"label":" ","price":4.7},{"type":"A","date":"2018-04-17T07:56:39.000Z","volume":1000,"label":" ","price":4.7},{"type":"A","date":"2018-04-17T07:56:39.000Z","volume":1000,"label":" ","price":4.7},{"type":"A","date":"2018-04-17T07:56:48.000Z","volume":3000,"label":" ","price":4.7},{"type":"A","date":"2018-04-17T07:56:48.000Z","volume":2000,"label":" ","price":4.7},{"type":"A","date":"2018-04-17T07:56:49.000Z","volume":1000,"label":" ","price":4.7},{"type":"A","date":"2018-04-17T07:56:58.000Z","volume":2000,"label":" ","price":4.7},{"type":"A","date":"2018-04-17T07:56:58.000Z","volume":2000,"label":" ","price":4.7},{"type":"A","date":"2018-04-17T07:57:08.000Z","volume":4000,"label":" ","price":4.7},{"type":"A","date":"2018-04-17T07:57:08.000Z","volume":4000,"label":" ","price":4.7},{"type":"A","date":"2018-04-17T07:57:09.000Z","volume":2000,"label":" ","price":4.7},{"type":"A","date":"2018-04-17T07:57:09.000Z","volume":1000,"label":"Y","price":4.7},{"type":"A","date":"2018-04-17T07:57:18.000Z","volume":5000,"label":" ","price":4.7},{"type":"A","date":"2018-04-17T07:57:18.000Z","volume":1000,"label":" ","price":4.7},{"type":"A","date":"2018-04-17T07:57:18.000Z","volume":4000,"label":" ","price":4.7},{"type":"A","date":"2018-04-17T07:57:19.000Z","volume":2000,"label":" ","price":4.7},{"type":"A","date":"2018-04-17T07:57:22.000Z","volume":1000,"label":" ","price":4.7},{"type":"A","date":"2018-04-17T07:57:28.000Z","volume":4000,"label":" ","price":4.7},{"type":"A","date":"2018-04-17T07:57:28.000Z","volume":5000,"label":" ","price":4.7},{"type":"A","date":"2018-04-17T07:57:29.000Z","volume":2000,"label":" ","price":4.7},{"type":"A","date":"2018-04-17T07:57:38.000Z","volume":11000,"label":" ","price":4.7},{"type":"A","date":"2018-04-17T07:57:38.000Z","volume":5000,"label":" ","price":4.7},{"type":"A","date":"2018-04-17T07:57:38.000Z","volume":4000,"label":" ","price":4.7},{"type":"A","date":"2018-04-17T07:57:38.000Z","volume":10000,"label":" ","price":4.7},{"type":"A","date":"2018-04-17T07:57:39.000Z","volume":5000,"label":" ","price":4.71},{"type":"A","date":"2018-04-17T07:57:48.000Z","volume":3000,"label":" ","price":4.71},{"type":"A","date":"2018-04-17T07:57:59.000Z","volume":4000,"label":" ","price":4.71},{"type":"A","date":"2018-04-17T07:58:00.000Z","volume":1000,"label":" ","price":4.71},{"type":"A","date":"2018-04-17T07:58:08.000Z","volume":3000,"label":" ","price":4.71},{"type":"A","date":"2018-04-17T07:58:08.000Z","volume":5000,"label":" ","price":4.71},{"type":"A","date":"2018-04-17T07:58:09.000Z","volume":2000,"label":" ","price":4.71},{"type":"A","date":"2018-04-17T07:58:13.000Z","volume":1000,"label":" ","price":4.71},{"type":"A","date":"2018-04-17T07:58:16.000Z","volume":1000,"label":" ","price":4.71},{"type":"A","date":"2018-04-17T07:58:18.000Z","volume":2000,"label":" ","price":4.71},{"type":"A","date":"2018-04-17T07:58:18.000Z","volume":3000,"label":" ","price":4.71},{"type":"A","date":"2018-04-17T07:58:19.000Z","volume":1000,"label":" ","price":4.71},{"type":"A","date":"2018-04-17T07:58:28.000Z","volume":2000,"label":" ","price":4.71},{"type":"A","date":"2018-04-17T07:58:28.000Z","volume":3000,"label":" ","price":4.71},{"type":"A","date":"2018-04-17T07:58:28.000Z","volume":2000,"label":" ","price":4.71},{"type":"A","date":"2018-04-17T07:58:29.000Z","volume":1000,"label":" ","price":4.71},{"type":"A","date":"2018-04-17T07:58:32.000Z","volume":2000,"label":" ","price":4.7},{"type":"A","date":"2018-04-17T07:58:32.000Z","volume":1000,"label":"Y","price":4.7},{"type":"A","date":"2018-04-17T07:58:33.000Z","volume":1000,"label":" ","price":4.7},{"type":"A","date":"2018-04-17T07:58:38.000Z","volume":2000,"label":" ","price":4.7},{"type":"A","date":"2018-04-17T07:58:38.000Z","volume":2000,"label":" ","price":4.7},{"type":"A","date":"2018-04-17T07:58:46.000Z","volume":2000,"label":" ","price":4.7},{"type":"A","date":"2018-04-17T07:58:46.000Z","volume":3000,"label":" ","price":4.7},{"type":"A","date":"2018-04-17T07:58:47.000Z","volume":1000,"label":" ","price":4.7},{"type":"A","date":"2018-04-17T07:58:53.000Z","volume":4000,"label":" ","price":4.7},{"type":"A","date":"2018-04-17T07:58:53.000Z","volume":4000,"label":" ","price":4.71},{"type":"A","date":"2018-04-17T07:58:53.000Z","volume":1000,"label":" ","price":4.71},{"type":"A","date":"2018-04-17T07:58:53.000Z","volume":11000,"label":" ","price":4.71},{"type":"A","date":"2018-04-17T07:58:53.000Z","volume":9000,"label":" ","price":4.71},{"type":"A","date":"2018-04-17T07:58:54.000Z","volume":5000,"label":" ","price":4.71},{"type":"A","date":"2018-04-17T07:59:00.000Z","volume":1000,"label":" ","price":4.71},{"type":"A","date":"2018-04-17T07:59:01.000Z","volume":10000,"label":" ","price":4.71},{"type":"A","date":"2018-04-17T07:59:01.000Z","volume":20000,"label":" ","price":4.71},{"type":"A","date":"2018-04-17T07:59:01.000Z","volume":6000,"label":" ","price":4.71},{"type":"A","date":"2018-04-17T07:59:01.000Z","volume":20000,"label":" ","price":4.71},{"type":"B","date":"2018-04-17T07:59:01.000Z","volume":10000,"label":" ","price":4.69},{"type":"A","date":"2018-04-17T07:59:01.000Z","volume":3000,"label":" ","price":4.71},{"type":"A","date":"2018-04-17T07:59:01.000Z","volume":1000,"label":" ","price":4.71},{"type":"A","date":"2018-04-17T07:59:01.000Z","volume":1000,"label":" ","price":4.71},{"type":"A","date":"2018-04-17T07:59:01.000Z","volume":14000,"label":" ","price":4.71},{"type":"B","date":"2018-04-17T07:59:02.000Z","volume":1000,"label":" ","price":4.7},{"type":"A","date":"2018-04-17T07:59:02.000Z","volume":4000,"label":" ","price":4.71},{"type":"A","date":"2018-04-17T07:59:02.000Z","volume":3000,"label":" ","price":4.71},{"type":"A","date":"2018-04-17T07:59:11.000Z","volume":9000,"label":" ","price":4.71},{"type":"A","date":"2018-04-17T07:59:12.000Z","volume":2000,"label":" ","price":4.71},{"type":"A","date":"2018-04-17T07:59:20.000Z","volume":3000,"label":" ","price":4.71},{"type":"B","date":"2018-04-17T07:59:27.000Z","volume":6000,"label":" ","price":4.7},{"type":"B","date":"2018-04-17T07:59:27.000Z","volume":2000,"label":" ","price":4.69},{"type":"A","date":"2018-04-17T07:59:27.000Z","volume":1000,"label":" ","price":4.71},{"type":"B","date":"2018-04-17T07:59:30.000Z","volume":1000,"label":" ","price":4.7},{"type":"B","date":"2018-04-17T07:59:40.000Z","volume":5000,"label":" ","price":4.69},{"type":"A","date":"2018-04-17T07:59:40.000Z","volume":1000,"label":" ","price":4.7},{"type":"A","date":"2018-04-17T07:59:41.000Z","volume":4000,"label":" ","price":4.71},{"type":"A","date":"2018-04-17T07:59:51.000Z","volume":1000,"label":" ","price":4.71},{"type":"A","date":"2018-04-17T07:59:51.000Z","volume":1000,"label":" ","price":4.71},{"type":"B","date":"2018-04-17T07:59:51.000Z","volume":4000,"label":" ","price":4.69},{"type":"A","date":"2018-04-17T07:59:52.000Z","volume":2000,"label":" ","price":4.71},{"type":"B","date":"2018-04-17T07:59:57.000Z","volume":1000,"label":" ","price":4.69},{"type":"A","date":"2018-04-17T07:59:58.000Z","volume":1000,"label":" ","price":4.71},{"type":"A","date":"2018-04-17T07:59:58.000Z","volume":1000,"label":" ","price":4.71},{"type":"A","date":"2018-04-17T07:59:59.000Z","volume":1000,"label":" ","price":4.71},{"type":"U","date":"2018-04-17T08:08:24.000Z","volume":2411000,"label":"U","price":4.72}]