[{"type":"B","date":"2018-03-29T01:39:39.000Z","volume":8000,"label":" ","price":2.92},{"type":"B","date":"2018-03-29T01:39:39.000Z","volume":2000,"label":" ","price":2.91},{"type":"B","date":"2018-03-29T01:42:39.000Z","volume":2000,"label":" ","price":2.91},{"type":"B","date":"2018-03-29T01:56:29.000Z","volume":2000,"label":" ","price":2.91},{"type":"B","date":"2018-03-29T01:56:34.000Z","volume":8000,"label":" ","price":2.91},{"type":"B","date":"2018-03-29T01:56:59.000Z","volume":4000,"label":" ","price":2.91},{"type":"B","date":"2018-03-29T01:57:24.000Z","volume":2000,"label":" ","price":2.91},{"type":"A","date":"2018-03-29T02:00:30.000Z","volume":2000,"label":" ","price":2.91},{"type":"A","date":"2018-03-29T02:02:40.000Z","volume":6000,"label":"Y","price":2.91},{"type":"B","date":"2018-03-29T02:04:01.000Z","volume":2000,"label":" ","price":2.9},{"type":"B","date":"2018-03-29T02:09:56.000Z","volume":40000,"label":" ","price":2.9},{"type":"B","date":"2018-03-29T02:09:56.000Z","volume":42000,"label":" ","price":2.9},{"type":"B","date":"2018-03-29T02:11:48.000Z","volume":14000,"label":" ","price":2.89},{"type":"A","date":"2018-03-29T02:17:04.000Z","volume":12000,"label":" ","price":2.89},{"type":"B","date":"2018-03-29T02:19:10.000Z","volume":8000,"label":" ","price":2.88},{"type":"A","date":"2018-03-29T02:20:31.000Z","volume":10000,"label":" ","price":2.88},{"type":"A","date":"2018-03-29T02:21:42.000Z","volume":28000,"label":" ","price":2.88},{"type":"U","date":"2018-03-29T02:21:43.000Z","volume":6000,"label":" ","price":2.88},{"type":"A","date":"2018-03-29T02:38:43.000Z","volume":2000,"label":" ","price":2.89},{"type":"A","date":"2018-03-29T02:40:37.000Z","volume":10000,"label":" ","price":2.89},{"type":"A","date":"2018-03-29T02:40:37.000Z","volume":4000,"label":" ","price":2.89},{"type":"A","date":"2018-03-29T02:48:48.000Z","volume":2000,"label":" ","price":2.89},{"type":"A","date":"2018-03-29T02:55:33.000Z","volume":2000,"label":" ","price":2.89},{"type":"A","date":"2018-03-29T03:08:53.000Z","volume":2000,"label":" ","price":2.89},{"type":"A","date":"2018-03-29T03:16:08.000Z","volume":2000,"label":" ","price":2.89},{"type":"A","date":"2018-03-29T03:16:13.000Z","volume":2000,"label":" ","price":2.89},{"type":"A","date":"2018-03-29T03:20:59.000Z","volume":14000,"label":" ","price":2.89},{"type":"A","date":"2018-03-29T03:21:03.000Z","volume":4000,"label":" ","price":2.89},{"type":"A","date":"2018-03-29T03:21:03.000Z","volume":2000,"label":" ","price":2.89},{"type":"A","date":"2018-03-29T03:27:18.000Z","volume":2000,"label":" ","price":2.89},{"type":"A","date":"2018-03-29T03:37:28.000Z","volume":2000,"label":" ","price":2.89},{"type":"A","date":"2018-03-29T03:37:32.000Z","volume":2000,"label":" ","price":2.89},{"type":"A","date":"2018-03-29T03:37:32.000Z","volume":4000,"label":" ","price":2.89},{"type":"A","date":"2018-03-29T03:39:09.000Z","volume":2000,"label":" ","price":2.89},{"type":"A","date":"2018-03-29T03:43:31.000Z","volume":8000,"label":" ","price":2.89},{"type":"A","date":"2018-03-29T03:43:31.000Z","volume":28000,"label":" ","price":2.89},{"type":"A","date":"2018-03-29T03:43:33.000Z","volume":6000,"label":" ","price":2.89},{"type":"A","date":"2018-03-29T03:43:33.000Z","volume":20000,"label":" ","price":2.89},{"type":"A","date":"2018-03-29T03:43:53.000Z","volume":2000,"label":" ","price":2.9},{"type":"A","date":"2018-03-29T03:43:53.000Z","volume":16000,"label":" ","price":2.91},{"type":"A","date":"2018-03-29T03:43:53.000Z","volume":4000,"label":" ","price":2.91},{"type":"A","date":"2018-03-29T03:43:53.000Z","volume":6000,"label":" ","price":2.91},{"type":"A","date":"2018-03-29T03:44:18.000Z","volume":4000,"label":" ","price":2.91},{"type":"A","date":"2018-03-29T03:56:28.000Z","volume":2000,"label":" ","price":2.91},{"type":"A","date":"2018-03-29T03:56:44.000Z","volume":2000,"label":" ","price":2.91},{"type":"A","date":"2018-03-29T05:00:00.000Z","volume":44000,"label":" ","price":2.91},{"type":"A","date":"2018-03-29T05:00:00.000Z","volume":2000,"label":" ","price":2.92},{"type":"A","date":"2018-03-29T05:00:23.000Z","volume":20000,"label":" ","price":2.94},{"type":"A","date":"2018-03-29T05:00:43.000Z","volume":8000,"label":" ","price":2.94},{"type":"A","date":"2018-03-29T05:01:08.000Z","volume":4000,"label":" ","price":2.94},{"type":"A","date":"2018-03-29T05:05:01.000Z","volume":2000,"label":" ","price":2.94},{"type":"B","date":"2018-03-29T05:07:03.000Z","volume":6000,"label":" ","price":2.93},{"type":"B","date":"2018-03-29T05:07:27.000Z","volume":2000,"label":" ","price":2.93},{"type":"B","date":"2018-03-29T05:09:46.000Z","volume":6000,"label":" ","price":2.93},{"type":"A","date":"2018-03-29T05:20:10.000Z","volume":2000,"label":"Y","price":2.94},{"type":"B","date":"2018-03-29T05:27:18.000Z","volume":14000,"label":" ","price":2.93},{"type":"B","date":"2018-03-29T05:28:58.000Z","volume":4000,"label":" ","price":2.93},{"type":"A","date":"2018-03-29T05:28:58.000Z","volume":2000,"label":" ","price":2.93},{"type":"B","date":"2018-03-29T05:35:45.000Z","volume":6000,"label":" ","price":2.92},{"type":"B","date":"2018-03-29T05:35:45.000Z","volume":14000,"label":" ","price":2.91},{"type":"A","date":"2018-03-29T05:36:31.000Z","volume":18000,"label":" ","price":2.93},{"type":"A","date":"2018-03-29T05:36:33.000Z","volume":4000,"label":" ","price":2.95},{"type":"A","date":"2018-03-29T05:50:15.000Z","volume":2000,"label":" ","price":2.95},{"type":"B","date":"2018-03-29T05:59:42.000Z","volume":2000,"label":" ","price":2.94},{"type":"B","date":"2018-03-29T06:01:42.000Z","volume":4000,"label":" ","price":2.94},{"type":"A","date":"2018-03-29T06:10:20.000Z","volume":2000,"label":" ","price":2.95},{"type":"B","date":"2018-03-29T06:13:10.000Z","volume":20000,"label":" ","price":2.94},{"type":"B","date":"2018-03-29T06:13:10.000Z","volume":10000,"label":" ","price":2.94},{"type":"B","date":"2018-03-29T06:13:14.000Z","volume":2000,"label":" ","price":2.94},{"type":"B","date":"2018-03-29T06:13:38.000Z","volume":2000,"label":" ","price":2.94},{"type":"A","date":"2018-03-29T06:17:36.000Z","volume":20000,"label":" ","price":2.95},{"type":"A","date":"2018-03-29T06:17:38.000Z","volume":4000,"label":" ","price":2.95},{"type":"A","date":"2018-03-29T06:17:58.000Z","volume":6000,"label":" ","price":2.95},{"type":"B","date":"2018-03-29T06:22:37.000Z","volume":14000,"label":" ","price":2.94},{"type":"A","date":"2018-03-29T06:23:00.000Z","volume":2000,"label":" ","price":2.95},{"type":"A","date":"2018-03-29T06:38:42.000Z","volume":2000,"label":" ","price":2.95},{"type":"A","date":"2018-03-29T06:40:25.000Z","volume":2000,"label":" ","price":2.95},{"type":"A","date":"2018-03-29T06:50:30.000Z","volume":2000,"label":" ","price":2.95},{"type":"A","date":"2018-03-29T06:53:37.000Z","volume":2000,"label":" ","price":2.95},{"type":"A","date":"2018-03-29T06:55:07.000Z","volume":2000,"label":" ","price":2.95},{"type":"A","date":"2018-03-29T06:59:55.000Z","volume":2000,"label":" ","price":2.95},{"type":"A","date":"2018-03-29T06:59:58.000Z","volume":4000,"label":" ","price":2.95},{"type":"A","date":"2018-03-29T07:07:30.000Z","volume":2000,"label":" ","price":2.95},{"type":"A","date":"2018-03-29T07:14:38.000Z","volume":2000,"label":" ","price":2.95},{"type":"A","date":"2018-03-29T07:17:35.000Z","volume":2000,"label":" ","price":2.95},{"type":"B","date":"2018-03-29T07:18:33.000Z","volume":2000,"label":" ","price":2.94},{"type":"A","date":"2018-03-29T07:27:40.000Z","volume":2000,"label":" ","price":2.95},{"type":"B","date":"2018-03-29T07:28:06.000Z","volume":16000,"label":" ","price":2.94},{"type":"B","date":"2018-03-29T07:28:10.000Z","volume":10000,"label":" ","price":2.94},{"type":"A","date":"2018-03-29T07:28:10.000Z","volume":2000,"label":" ","price":2.94},{"type":"A","date":"2018-03-29T07:34:27.000Z","volume":16000,"label":" ","price":2.94},{"type":"A","date":"2018-03-29T07:34:27.000Z","volume":12000,"label":" ","price":2.95},{"type":"B","date":"2018-03-29T07:34:28.000Z","volume":42000,"label":" ","price":2.95},{"type":"B","date":"2018-03-29T07:34:28.000Z","volume":6000,"label":" ","price":2.95},{"type":"B","date":"2018-03-29T07:34:28.000Z","volume":2000,"label":" ","price":2.95},{"type":"B","date":"2018-03-29T07:34:31.000Z","volume":2000,"label":" ","price":2.93},{"type":"A","date":"2018-03-29T07:34:53.000Z","volume":16000,"label":" ","price":2.96},{"type":"A","date":"2018-03-29T07:35:11.000Z","volume":2000,"label":" ","price":2.96},{"type":"A","date":"2018-03-29T07:35:11.000Z","volume":4000,"label":" ","price":2.97},{"type":"A","date":"2018-03-29T07:35:33.000Z","volume":4000,"label":" ","price":2.97},{"type":"B","date":"2018-03-29T07:48:35.000Z","volume":16000,"label":" ","price":2.94},{"type":"B","date":"2018-03-29T07:48:35.000Z","volume":8000,"label":" ","price":2.94},{"type":"A","date":"2018-03-29T07:48:38.000Z","volume":2000,"label":" ","price":2.94},{"type":"A","date":"2018-03-29T07:57:09.000Z","volume":2000,"label":" ","price":2.96},{"type":"A","date":"2018-03-29T07:58:43.000Z","volume":6000,"label":" ","price":2.96},{"type":"A","date":"2018-03-29T07:58:55.000Z","volume":2000,"label":" ","price":2.96},{"type":"A","date":"2018-03-29T07:59:08.000Z","volume":4000,"label":" ","price":2.96},{"type":"A","date":"2018-03-29T07:59:40.000Z","volume":2000,"label":" ","price":2.96},{"type":"A","date":"2018-03-29T07:59:53.000Z","volume":2000,"label":" ","price":2.96},{"type":"U","date":"2018-03-29T08:08:11.000Z","volume":2000,"label":"U","price":2.92}]