[{"type":"U","date":"2018-03-23T01:20:00.000Z","volume":5000,"label":"U","price":8.95},{"type":"B","date":"2018-03-23T01:30:02.000Z","volume":5000,"label":" ","price":8.95},{"type":"B","date":"2018-03-23T02:00:20.000Z","volume":2000,"label":" ","price":8.88},{"type":"B","date":"2018-03-23T02:04:35.000Z","volume":2000,"label":" ","price":8.9},{"type":"B","date":"2018-03-23T02:52:43.000Z","volume":2000,"label":"Y","price":8.91},{"type":"B","date":"2018-03-23T02:52:43.000Z","volume":2000,"label":" ","price":8.91},{"type":"A","date":"2018-03-23T02:54:32.000Z","volume":14000,"label":" ","price":8.91},{"type":"B","date":"2018-03-23T02:56:14.000Z","volume":1000,"label":" ","price":8.91},{"type":"U","date":"2018-03-23T02:56:14.000Z","volume":1000,"label":" ","price":8.91},{"type":"B","date":"2018-03-23T03:14:16.000Z","volume":1000,"label":"Y","price":8.9},{"type":"B","date":"2018-03-23T03:14:16.000Z","volume":3000,"label":" ","price":8.9},{"type":"B","date":"2018-03-23T03:29:13.000Z","volume":6000,"label":" ","price":8.9},{"type":"B","date":"2018-03-23T03:52:33.000Z","volume":2000,"label":" ","price":8.9},{"type":"A","date":"2018-03-23T05:00:02.000Z","volume":6000,"label":" ","price":8.93},{"type":"B","date":"2018-03-23T06:09:00.000Z","volume":9000,"label":" ","price":8.93},{"type":"B","date":"2018-03-23T06:12:06.000Z","volume":2000,"label":" ","price":8.93},{"type":"A","date":"2018-03-23T06:20:29.000Z","volume":1000,"label":" ","price":8.93},{"type":"B","date":"2018-03-23T06:28:07.000Z","volume":7000,"label":" ","price":8.9},{"type":"A","date":"2018-03-23T06:30:10.000Z","volume":20000,"label":" ","price":8.93},{"type":"A","date":"2018-03-23T07:01:14.000Z","volume":10000,"label":" ","price":8.92},{"type":"A","date":"2018-03-23T07:03:24.000Z","volume":4000,"label":" ","price":8.92},{"type":"A","date":"2018-03-23T07:27:49.000Z","volume":4000,"label":" ","price":8.92},{"type":"A","date":"2018-03-23T07:40:35.000Z","volume":1000,"label":" ","price":8.93},{"type":"A","date":"2018-03-23T07:47:47.000Z","volume":1000,"label":" ","price":8.93},{"type":"A","date":"2018-03-23T07:55:49.000Z","volume":1000,"label":" ","price":8.93},{"type":"A","date":"2018-03-23T07:57:57.000Z","volume":1000,"label":" ","price":8.92}]