[{"type":"U","date":"2018-04-30T01:20:00.000Z","volume":17000,"label":"U","price":123.2},{"type":"B","date":"2018-04-30T01:30:01.000Z","volume":1000,"label":" ","price":123},{"type":"B","date":"2018-04-30T01:30:02.000Z","volume":1000,"label":"Y","price":123},{"type":"B","date":"2018-04-30T01:30:20.000Z","volume":4000,"label":" ","price":123},{"type":"B","date":"2018-04-30T01:30:20.000Z","volume":1000,"label":" ","price":123},{"type":"B","date":"2018-04-30T01:30:20.000Z","volume":1000,"label":" ","price":123},{"type":"U","date":"2018-04-30T01:30:41.000Z","volume":1000,"label":" ","price":123.1},{"type":"B","date":"2018-04-30T01:30:41.000Z","volume":1000,"label":" ","price":123.1},{"type":"B","date":"2018-04-30T01:32:27.000Z","volume":1000,"label":" ","price":123},{"type":"U","date":"2018-04-30T01:32:31.000Z","volume":1000,"label":" ","price":123.1},{"type":"B","date":"2018-04-30T01:32:31.000Z","volume":1000,"label":" ","price":123},{"type":"U","date":"2018-04-30T01:32:39.000Z","volume":1000,"label":" ","price":123.1},{"type":"U","date":"2018-04-30T01:32:39.000Z","volume":1000,"label":" ","price":123.1},{"type":"A","date":"2018-04-30T01:32:51.000Z","volume":13000,"label":" ","price":123.2},{"type":"A","date":"2018-04-30T01:32:51.000Z","volume":5000,"label":" ","price":123.3},{"type":"A","date":"2018-04-30T01:32:53.000Z","volume":1000,"label":" ","price":123.4},{"type":"A","date":"2018-04-30T01:32:55.000Z","volume":5000,"label":" ","price":123.4},{"type":"U","date":"2018-04-30T01:32:57.000Z","volume":1000,"label":" ","price":123.4},{"type":"U","date":"2018-04-30T01:32:57.000Z","volume":1000,"label":" ","price":123.4},{"type":"A","date":"2018-04-30T01:33:02.000Z","volume":1000,"label":" ","price":123.4},{"type":"A","date":"2018-04-30T01:33:02.000Z","volume":1000,"label":" ","price":123.4},{"type":"B","date":"2018-04-30T01:33:25.000Z","volume":1000,"label":" ","price":123.4},{"type":"B","date":"2018-04-30T01:33:26.000Z","volume":1000,"label":" ","price":123.4},{"type":"B","date":"2018-04-30T01:33:26.000Z","volume":1000,"label":" ","price":123.4},{"type":"B","date":"2018-04-30T01:33:26.000Z","volume":1000,"label":" ","price":123.4},{"type":"U","date":"2018-04-30T01:33:34.000Z","volume":1000,"label":" ","price":123.2},{"type":"B","date":"2018-04-30T01:34:02.000Z","volume":1000,"label":" ","price":123.1},{"type":"B","date":"2018-04-30T01:34:49.000Z","volume":1000,"label":" ","price":123},{"type":"U","date":"2018-04-30T01:34:50.000Z","volume":1000,"label":" ","price":123.1},{"type":"B","date":"2018-04-30T01:36:07.000Z","volume":5000,"label":" ","price":123},{"type":"B","date":"2018-04-30T01:36:07.000Z","volume":1000,"label":" ","price":123},{"type":"B","date":"2018-04-30T01:36:07.000Z","volume":1000,"label":"Y","price":123},{"type":"B","date":"2018-04-30T01:36:07.000Z","volume":1000,"label":" ","price":123},{"type":"A","date":"2018-04-30T01:36:08.000Z","volume":3000,"label":" ","price":123},{"type":"B","date":"2018-04-30T01:36:08.000Z","volume":1000,"label":" ","price":122.9},{"type":"A","date":"2018-04-30T01:36:11.000Z","volume":3000,"label":" ","price":123.1},{"type":"B","date":"2018-04-30T01:40:15.000Z","volume":2000,"label":" ","price":123},{"type":"B","date":"2018-04-30T01:40:16.000Z","volume":2000,"label":" ","price":123},{"type":"U","date":"2018-04-30T01:40:19.000Z","volume":1000,"label":" ","price":123},{"type":"B","date":"2018-04-30T01:42:06.000Z","volume":3000,"label":" ","price":123},{"type":"B","date":"2018-04-30T01:42:15.000Z","volume":1000,"label":" ","price":122.9},{"type":"B","date":"2018-04-30T01:42:17.000Z","volume":3000,"label":" ","price":122.9},{"type":"B","date":"2018-04-30T01:42:17.000Z","volume":2000,"label":" ","price":122.8},{"type":"B","date":"2018-04-30T01:42:17.000Z","volume":8000,"label":" ","price":122.7},{"type":"B","date":"2018-04-30T01:42:17.000Z","volume":1000,"label":" ","price":122.6},{"type":"B","date":"2018-04-30T01:42:17.000Z","volume":15000,"label":" ","price":122.5},{"type":"B","date":"2018-04-30T01:42:17.000Z","volume":1000,"label":" ","price":122.5},{"type":"B","date":"2018-04-30T01:42:17.000Z","volume":1000,"label":" ","price":122.5},{"type":"B","date":"2018-04-30T01:42:17.000Z","volume":1000,"label":" ","price":122.4},{"type":"B","date":"2018-04-30T01:42:17.000Z","volume":3000,"label":" ","price":122.1},{"type":"B","date":"2018-04-30T01:42:17.000Z","volume":1000,"label":" ","price":122.9},{"type":"B","date":"2018-04-30T01:42:17.000Z","volume":3000,"label":" ","price":122.9},{"type":"B","date":"2018-04-30T01:42:17.000Z","volume":1000,"label":"Y","price":122.2},{"type":"B","date":"2018-04-30T01:42:17.000Z","volume":1000,"label":" ","price":122.5},{"type":"U","date":"2018-04-30T01:42:18.000Z","volume":3000,"label":" ","price":122.6},{"type":"U","date":"2018-04-30T01:42:18.000Z","volume":1000,"label":" ","price":122.5},{"type":"A","date":"2018-04-30T01:42:20.000Z","volume":4000,"label":" ","price":122.7},{"type":"A","date":"2018-04-30T01:42:23.000Z","volume":9000,"label":" ","price":122.8},{"type":"A","date":"2018-04-30T01:42:26.000Z","volume":4000,"label":" ","price":122.9},{"type":"U","date":"2018-04-30T01:42:32.000Z","volume":1000,"label":" ","price":122.9},{"type":"B","date":"2018-04-30T01:44:29.000Z","volume":1000,"label":" ","price":122.9},{"type":"A","date":"2018-04-30T01:45:03.000Z","volume":17000,"label":" ","price":123},{"type":"A","date":"2018-04-30T01:45:03.000Z","volume":2000,"label":" ","price":123},{"type":"A","date":"2018-04-30T01:45:03.000Z","volume":3000,"label":" ","price":123},{"type":"B","date":"2018-04-30T01:45:03.000Z","volume":1000,"label":" ","price":122.9},{"type":"A","date":"2018-04-30T01:45:03.000Z","volume":2000,"label":" ","price":123},{"type":"A","date":"2018-04-30T01:45:03.000Z","volume":5000,"label":" ","price":123.1},{"type":"A","date":"2018-04-30T01:45:17.000Z","volume":1000,"label":" ","price":123.3},{"type":"A","date":"2018-04-30T01:45:32.000Z","volume":1000,"label":" ","price":123.4},{"type":"B","date":"2018-04-30T01:45:40.000Z","volume":1000,"label":" ","price":123.2},{"type":"B","date":"2018-04-30T01:45:47.000Z","volume":1000,"label":" ","price":123.2},{"type":"B","date":"2018-04-30T01:46:41.000Z","volume":1000,"label":" ","price":123.1},{"type":"A","date":"2018-04-30T01:47:23.000Z","volume":3000,"label":" ","price":123.3},{"type":"U","date":"2018-04-30T01:47:24.000Z","volume":1000,"label":" ","price":123.4},{"type":"A","date":"2018-04-30T01:47:32.000Z","volume":1000,"label":" ","price":123.4},{"type":"B","date":"2018-04-30T01:48:13.000Z","volume":8000,"label":" ","price":123.3},{"type":"B","date":"2018-04-30T01:49:22.000Z","volume":2000,"label":" ","price":123.2},{"type":"A","date":"2018-04-30T01:50:31.000Z","volume":1000,"label":" ","price":123.2},{"type":"B","date":"2018-04-30T01:50:58.000Z","volume":1000,"label":" ","price":123},{"type":"A","date":"2018-04-30T01:51:02.000Z","volume":1000,"label":" ","price":123.1},{"type":"B","date":"2018-04-30T01:52:27.000Z","volume":1000,"label":" ","price":123},{"type":"B","date":"2018-04-30T01:53:54.000Z","volume":1000,"label":" ","price":123},{"type":"A","date":"2018-04-30T01:53:57.000Z","volume":4000,"label":" ","price":123.1},{"type":"A","date":"2018-04-30T01:54:02.000Z","volume":3000,"label":" ","price":123.1},{"type":"A","date":"2018-04-30T01:54:02.000Z","volume":4000,"label":" ","price":123.1},{"type":"A","date":"2018-04-30T01:54:09.000Z","volume":1000,"label":"Y","price":123.2},{"type":"A","date":"2018-04-30T01:54:09.000Z","volume":2000,"label":" ","price":123.2},{"type":"A","date":"2018-04-30T01:54:09.000Z","volume":1000,"label":" ","price":123.2},{"type":"U","date":"2018-04-30T01:54:29.000Z","volume":1000,"label":" ","price":123.3},{"type":"A","date":"2018-04-30T01:54:34.000Z","volume":4000,"label":" ","price":123.4},{"type":"A","date":"2018-04-30T01:54:39.000Z","volume":3000,"label":" ","price":123.5},{"type":"A","date":"2018-04-30T01:54:40.000Z","volume":1000,"label":" ","price":123.5},{"type":"A","date":"2018-04-30T01:56:47.000Z","volume":5000,"label":" ","price":123.6},{"type":"A","date":"2018-04-30T01:56:47.000Z","volume":16000,"label":" ","price":123.6},{"type":"A","date":"2018-04-30T01:56:47.000Z","volume":5000,"label":" ","price":123.6},{"type":"A","date":"2018-04-30T01:56:47.000Z","volume":4000,"label":" ","price":123.7},{"type":"A","date":"2018-04-30T01:56:47.000Z","volume":1000,"label":" ","price":123.7},{"type":"A","date":"2018-04-30T01:56:48.000Z","volume":1000,"label":" ","price":123.7},{"type":"A","date":"2018-04-30T01:56:48.000Z","volume":1000,"label":" ","price":123.7},{"type":"A","date":"2018-04-30T01:57:06.000Z","volume":3000,"label":" ","price":123.8},{"type":"A","date":"2018-04-30T01:57:48.000Z","volume":1000,"label":" ","price":123.8},{"type":"A","date":"2018-04-30T01:57:48.000Z","volume":1000,"label":" ","price":123.8},{"type":"A","date":"2018-04-30T01:57:48.000Z","volume":1000,"label":" ","price":123.8},{"type":"A","date":"2018-04-30T01:57:48.000Z","volume":1000,"label":" ","price":123.8},{"type":"B","date":"2018-04-30T01:57:54.000Z","volume":5000,"label":" ","price":123.7},{"type":"A","date":"2018-04-30T01:58:03.000Z","volume":1000,"label":" ","price":123.8},{"type":"A","date":"2018-04-30T01:58:03.000Z","volume":1000,"label":" ","price":123.8},{"type":"B","date":"2018-04-30T01:58:24.000Z","volume":4000,"label":" ","price":123.7},{"type":"U","date":"2018-04-30T01:58:27.000Z","volume":1000,"label":" ","price":123.6},{"type":"U","date":"2018-04-30T01:58:47.000Z","volume":1000,"label":" ","price":123.7},{"type":"B","date":"2018-04-30T01:58:53.000Z","volume":2000,"label":" ","price":123.6},{"type":"B","date":"2018-04-30T01:58:53.000Z","volume":1000,"label":" ","price":123.6},{"type":"A","date":"2018-04-30T01:59:31.000Z","volume":1000,"label":" ","price":123.7},{"type":"A","date":"2018-04-30T02:00:34.000Z","volume":2000,"label":" ","price":123.7},{"type":"A","date":"2018-04-30T02:00:34.000Z","volume":3000,"label":" ","price":123.7},{"type":"B","date":"2018-04-30T02:00:42.000Z","volume":1000,"label":" ","price":123.7},{"type":"B","date":"2018-04-30T02:00:43.000Z","volume":1000,"label":" ","price":123.7},{"type":"U","date":"2018-04-30T02:00:53.000Z","volume":2000,"label":" ","price":123.7},{"type":"U","date":"2018-04-30T02:00:53.000Z","volume":2000,"label":" ","price":123.7},{"type":"U","date":"2018-04-30T02:00:53.000Z","volume":2000,"label":" ","price":123.7},{"type":"A","date":"2018-04-30T02:00:56.000Z","volume":3000,"label":" ","price":123.7},{"type":"A","date":"2018-04-30T02:00:56.000Z","volume":3000,"label":"Y","price":123.8},{"type":"A","date":"2018-04-30T02:00:56.000Z","volume":6000,"label":" ","price":123.8},{"type":"A","date":"2018-04-30T02:00:56.000Z","volume":6000,"label":" ","price":123.9},{"type":"A","date":"2018-04-30T02:00:56.000Z","volume":1000,"label":" ","price":123.9},{"type":"A","date":"2018-04-30T02:00:56.000Z","volume":5000,"label":" ","price":123.9},{"type":"A","date":"2018-04-30T02:00:57.000Z","volume":1000,"label":" ","price":124},{"type":"A","date":"2018-04-30T02:00:57.000Z","volume":4000,"label":" ","price":124},{"type":"A","date":"2018-04-30T02:00:57.000Z","volume":2000,"label":" ","price":124},{"type":"A","date":"2018-04-30T02:01:03.000Z","volume":4000,"label":" ","price":124.1},{"type":"B","date":"2018-04-30T02:01:10.000Z","volume":1000,"label":" ","price":124.1},{"type":"A","date":"2018-04-30T02:01:14.000Z","volume":1000,"label":" ","price":124.2},{"type":"A","date":"2018-04-30T02:01:14.000Z","volume":1000,"label":" ","price":124.2},{"type":"U","date":"2018-04-30T02:01:16.000Z","volume":1000,"label":" ","price":124.2},{"type":"A","date":"2018-04-30T02:01:18.000Z","volume":2000,"label":" ","price":124.3},{"type":"A","date":"2018-04-30T02:01:19.000Z","volume":1000,"label":" ","price":124.3},{"type":"A","date":"2018-04-30T02:01:19.000Z","volume":1000,"label":" ","price":124.3},{"type":"B","date":"2018-04-30T02:01:22.000Z","volume":3000,"label":" ","price":124.2},{"type":"A","date":"2018-04-30T02:01:37.000Z","volume":2000,"label":" ","price":124.3},{"type":"A","date":"2018-04-30T02:01:48.000Z","volume":1000,"label":" ","price":124.3},{"type":"A","date":"2018-04-30T02:02:19.000Z","volume":1000,"label":" ","price":124.3},{"type":"B","date":"2018-04-30T02:02:28.000Z","volume":1000,"label":" ","price":124.2},{"type":"A","date":"2018-04-30T02:03:03.000Z","volume":1000,"label":" ","price":124.3},{"type":"A","date":"2018-04-30T02:03:03.000Z","volume":1000,"label":" ","price":124.3},{"type":"A","date":"2018-04-30T02:03:18.000Z","volume":3000,"label":" ","price":124.4},{"type":"U","date":"2018-04-30T02:03:23.000Z","volume":3000,"label":" ","price":124.4},{"type":"B","date":"2018-04-30T02:03:28.000Z","volume":12000,"label":" ","price":124.3},{"type":"B","date":"2018-04-30T02:03:28.000Z","volume":2000,"label":" ","price":124.3},{"type":"B","date":"2018-04-30T02:03:28.000Z","volume":1000,"label":" ","price":124.2},{"type":"B","date":"2018-04-30T02:03:48.000Z","volume":1000,"label":" ","price":124.2},{"type":"A","date":"2018-04-30T02:04:02.000Z","volume":1000,"label":" ","price":124.3},{"type":"A","date":"2018-04-30T02:04:08.000Z","volume":2000,"label":" ","price":124.3},{"type":"A","date":"2018-04-30T02:04:10.000Z","volume":2000,"label":" ","price":124.3},{"type":"B","date":"2018-04-30T02:04:10.000Z","volume":1000,"label":" ","price":124.2},{"type":"B","date":"2018-04-30T02:04:33.000Z","volume":1000,"label":" ","price":124.2},{"type":"B","date":"2018-04-30T02:04:33.000Z","volume":1000,"label":" ","price":124.2},{"type":"A","date":"2018-04-30T02:05:16.000Z","volume":2000,"label":" ","price":124.3},{"type":"A","date":"2018-04-30T02:05:31.000Z","volume":1000,"label":" ","price":124.3},{"type":"A","date":"2018-04-30T02:05:32.000Z","volume":2000,"label":" ","price":124.3},{"type":"A","date":"2018-04-30T02:05:33.000Z","volume":4000,"label":" ","price":124.3},{"type":"A","date":"2018-04-30T02:05:33.000Z","volume":2000,"label":" ","price":124.3},{"type":"B","date":"2018-04-30T02:05:50.000Z","volume":2000,"label":" ","price":124.3},{"type":"B","date":"2018-04-30T02:05:52.000Z","volume":1000,"label":" ","price":124.3},{"type":"B","date":"2018-04-30T02:05:59.000Z","volume":1000,"label":" ","price":124.3},{"type":"B","date":"2018-04-30T02:07:04.000Z","volume":1000,"label":" ","price":124.3},{"type":"A","date":"2018-04-30T02:07:32.000Z","volume":1000,"label":" ","price":124.4},{"type":"A","date":"2018-04-30T02:07:32.000Z","volume":11000,"label":" ","price":124.4},{"type":"A","date":"2018-04-30T02:07:32.000Z","volume":10000,"label":" ","price":124.5},{"type":"A","date":"2018-04-30T02:07:32.000Z","volume":2000,"label":" ","price":124.5},{"type":"A","date":"2018-04-30T02:07:32.000Z","volume":1000,"label":" ","price":124.6},{"type":"A","date":"2018-04-30T02:07:34.000Z","volume":2000,"label":" ","price":124.7},{"type":"A","date":"2018-04-30T02:07:38.000Z","volume":1000,"label":" ","price":124.7},{"type":"A","date":"2018-04-30T02:07:38.000Z","volume":1000,"label":" ","price":124.7},{"type":"B","date":"2018-04-30T02:07:45.000Z","volume":3000,"label":" ","price":124.7},{"type":"U","date":"2018-04-30T02:07:45.000Z","volume":1000,"label":" ","price":124.8},{"type":"B","date":"2018-04-30T02:07:52.000Z","volume":1000,"label":" ","price":124.7},{"type":"A","date":"2018-04-30T02:08:09.000Z","volume":2000,"label":" ","price":125},{"type":"B","date":"2018-04-30T02:08:47.000Z","volume":1000,"label":" ","price":124.8},{"type":"B","date":"2018-04-30T02:08:55.000Z","volume":5000,"label":" ","price":124.8},{"type":"B","date":"2018-04-30T02:08:55.000Z","volume":3000,"label":" ","price":124.8},{"type":"A","date":"2018-04-30T02:09:14.000Z","volume":1000,"label":"Y","price":124.8},{"type":"A","date":"2018-04-30T02:09:14.000Z","volume":1000,"label":" ","price":124.8},{"type":"A","date":"2018-04-30T02:09:15.000Z","volume":8000,"label":" ","price":124.9},{"type":"A","date":"2018-04-30T02:09:16.000Z","volume":1000,"label":" ","price":124.9},{"type":"A","date":"2018-04-30T02:09:16.000Z","volume":1000,"label":" ","price":124.9},{"type":"B","date":"2018-04-30T02:09:28.000Z","volume":13000,"label":" ","price":124.8},{"type":"B","date":"2018-04-30T02:09:28.000Z","volume":2000,"label":" ","price":124.9},{"type":"B","date":"2018-04-30T02:09:39.000Z","volume":1000,"label":" ","price":124.7},{"type":"A","date":"2018-04-30T02:10:23.000Z","volume":8000,"label":" ","price":124.8},{"type":"A","date":"2018-04-30T02:10:26.000Z","volume":3000,"label":" ","price":124.9},{"type":"A","date":"2018-04-30T02:10:33.000Z","volume":1000,"label":" ","price":124.9},{"type":"A","date":"2018-04-30T02:10:33.000Z","volume":1000,"label":"Y","price":124.9},{"type":"A","date":"2018-04-30T02:10:47.000Z","volume":5000,"label":" ","price":125},{"type":"A","date":"2018-04-30T02:10:51.000Z","volume":1000,"label":" ","price":125},{"type":"A","date":"2018-04-30T02:10:53.000Z","volume":4000,"label":" ","price":125},{"type":"A","date":"2018-04-30T02:10:53.000Z","volume":3000,"label":" ","price":125},{"type":"A","date":"2018-04-30T02:10:53.000Z","volume":1000,"label":" ","price":125.3},{"type":"A","date":"2018-04-30T02:10:53.000Z","volume":1000,"label":" ","price":125.4},{"type":"B","date":"2018-04-30T02:10:53.000Z","volume":4000,"label":" ","price":125.1},{"type":"A","date":"2018-04-30T02:10:53.000Z","volume":1000,"label":" ","price":125.4},{"type":"B","date":"2018-04-30T02:10:57.000Z","volume":3000,"label":" ","price":125.1},{"type":"A","date":"2018-04-30T02:10:57.000Z","volume":1000,"label":"Y","price":125.5},{"type":"B","date":"2018-04-30T02:10:57.000Z","volume":3000,"label":" ","price":125.2},{"type":"U","date":"2018-04-30T02:10:58.000Z","volume":2000,"label":" ","price":125.2},{"type":"U","date":"2018-04-30T02:10:58.000Z","volume":1000,"label":" ","price":125.2},{"type":"B","date":"2018-04-30T02:12:08.000Z","volume":4000,"label":" ","price":124.9},{"type":"B","date":"2018-04-30T02:12:08.000Z","volume":1000,"label":" ","price":124.9},{"type":"B","date":"2018-04-30T02:12:33.000Z","volume":1000,"label":" ","price":124.9},{"type":"B","date":"2018-04-30T02:13:10.000Z","volume":1000,"label":" ","price":124.9},{"type":"B","date":"2018-04-30T02:13:58.000Z","volume":2000,"label":" ","price":124.9},{"type":"A","date":"2018-04-30T02:14:15.000Z","volume":10000,"label":" ","price":125},{"type":"A","date":"2018-04-30T02:14:15.000Z","volume":3000,"label":" ","price":125},{"type":"U","date":"2018-04-30T02:14:15.000Z","volume":1000,"label":" ","price":125.1},{"type":"B","date":"2018-04-30T02:15:37.000Z","volume":1000,"label":" ","price":125},{"type":"B","date":"2018-04-30T02:15:44.000Z","volume":1000,"label":" ","price":125},{"type":"B","date":"2018-04-30T02:15:58.000Z","volume":1000,"label":" ","price":125},{"type":"B","date":"2018-04-30T02:16:36.000Z","volume":3000,"label":" ","price":125},{"type":"A","date":"2018-04-30T02:16:42.000Z","volume":10000,"label":" ","price":125.1},{"type":"A","date":"2018-04-30T02:16:42.000Z","volume":3000,"label":" ","price":125.1},{"type":"A","date":"2018-04-30T02:16:42.000Z","volume":1000,"label":" ","price":125.1},{"type":"B","date":"2018-04-30T02:16:49.000Z","volume":5000,"label":" ","price":125.1},{"type":"A","date":"2018-04-30T02:17:31.000Z","volume":5000,"label":" ","price":125.2},{"type":"A","date":"2018-04-30T02:17:33.000Z","volume":1000,"label":" ","price":125.3},{"type":"U","date":"2018-04-30T02:17:35.000Z","volume":1000,"label":" ","price":125.3},{"type":"A","date":"2018-04-30T02:17:39.000Z","volume":1000,"label":" ","price":125.3},{"type":"A","date":"2018-04-30T02:20:03.000Z","volume":1000,"label":" ","price":125.3},{"type":"B","date":"2018-04-30T02:20:07.000Z","volume":4000,"label":" ","price":125.2},{"type":"A","date":"2018-04-30T02:20:07.000Z","volume":3000,"label":" ","price":125.3},{"type":"A","date":"2018-04-30T02:20:08.000Z","volume":2000,"label":" ","price":125.3},{"type":"A","date":"2018-04-30T02:20:08.000Z","volume":1000,"label":" ","price":125.3},{"type":"A","date":"2018-04-30T02:20:13.000Z","volume":2000,"label":" ","price":125.4},{"type":"B","date":"2018-04-30T02:20:26.000Z","volume":1000,"label":" ","price":125.3},{"type":"B","date":"2018-04-30T02:21:13.000Z","volume":1000,"label":" ","price":125.3},{"type":"A","date":"2018-04-30T02:21:13.000Z","volume":2000,"label":" ","price":125.4},{"type":"U","date":"2018-04-30T02:21:13.000Z","volume":1000,"label":"X","price":125.4},{"type":"A","date":"2018-04-30T02:21:18.000Z","volume":1000,"label":" ","price":125.4},{"type":"A","date":"2018-04-30T02:21:18.000Z","volume":2000,"label":" ","price":125.4},{"type":"B","date":"2018-04-30T02:21:29.000Z","volume":7000,"label":"Y","price":125.3},{"type":"B","date":"2018-04-30T02:21:29.000Z","volume":1000,"label":" ","price":125.3},{"type":"B","date":"2018-04-30T02:21:29.000Z","volume":1000,"label":" ","price":125.3},{"type":"A","date":"2018-04-30T02:21:29.000Z","volume":1000,"label":" ","price":125.3},{"type":"B","date":"2018-04-30T02:21:40.000Z","volume":2000,"label":" ","price":125.2},{"type":"B","date":"2018-04-30T02:21:57.000Z","volume":2000,"label":" ","price":125.2},{"type":"A","date":"2018-04-30T02:22:45.000Z","volume":1000,"label":" ","price":125.3},{"type":"A","date":"2018-04-30T02:23:33.000Z","volume":1000,"label":" ","price":125.3},{"type":"A","date":"2018-04-30T02:23:38.000Z","volume":2000,"label":" ","price":125.3},{"type":"A","date":"2018-04-30T02:23:39.000Z","volume":1000,"label":"Y","price":125.3},{"type":"A","date":"2018-04-30T02:25:48.000Z","volume":1000,"label":" ","price":125.3},{"type":"A","date":"2018-04-30T02:26:09.000Z","volume":4000,"label":" ","price":125.3},{"type":"B","date":"2018-04-30T02:26:14.000Z","volume":4000,"label":" ","price":125.2},{"type":"U","date":"2018-04-30T02:26:35.000Z","volume":1000,"label":" ","price":125.3},{"type":"B","date":"2018-04-30T02:26:37.000Z","volume":5000,"label":" ","price":125.2},{"type":"B","date":"2018-04-30T02:27:01.000Z","volume":1000,"label":" ","price":125.1},{"type":"B","date":"2018-04-30T02:27:16.000Z","volume":1000,"label":" ","price":125.1},{"type":"U","date":"2018-04-30T02:27:23.000Z","volume":1000,"label":" ","price":125.2},{"type":"B","date":"2018-04-30T02:27:38.000Z","volume":1000,"label":" ","price":125.2},{"type":"B","date":"2018-04-30T02:27:44.000Z","volume":4000,"label":" ","price":125.2},{"type":"A","date":"2018-04-30T02:27:44.000Z","volume":1000,"label":" ","price":125.3},{"type":"B","date":"2018-04-30T02:27:48.000Z","volume":5000,"label":" ","price":125.2},{"type":"B","date":"2018-04-30T02:27:48.000Z","volume":1000,"label":" ","price":125.2},{"type":"U","date":"2018-04-30T02:28:01.000Z","volume":1000,"label":" ","price":125.2},{"type":"A","date":"2018-04-30T02:29:10.000Z","volume":3000,"label":" ","price":125.3},{"type":"A","date":"2018-04-30T02:30:06.000Z","volume":2000,"label":" ","price":125.4},{"type":"A","date":"2018-04-30T02:30:06.000Z","volume":1000,"label":" ","price":125.4},{"type":"B","date":"2018-04-30T02:30:26.000Z","volume":1000,"label":" ","price":125.3},{"type":"A","date":"2018-04-30T02:30:26.000Z","volume":1000,"label":" ","price":125.5},{"type":"B","date":"2018-04-30T02:31:09.000Z","volume":1000,"label":" ","price":125.3},{"type":"B","date":"2018-04-30T02:31:30.000Z","volume":3000,"label":" ","price":125.3},{"type":"A","date":"2018-04-30T02:31:33.000Z","volume":1000,"label":" ","price":125.4},{"type":"B","date":"2018-04-30T02:31:35.000Z","volume":1000,"label":" ","price":125.4},{"type":"B","date":"2018-04-30T02:31:35.000Z","volume":3000,"label":" ","price":125.3},{"type":"B","date":"2018-04-30T02:33:11.000Z","volume":1000,"label":" ","price":125.3},{"type":"B","date":"2018-04-30T02:35:11.000Z","volume":1000,"label":" ","price":125.3},{"type":"A","date":"2018-04-30T02:35:12.000Z","volume":1000,"label":" ","price":125.4},{"type":"A","date":"2018-04-30T02:35:18.000Z","volume":1000,"label":"Y","price":125.4},{"type":"A","date":"2018-04-30T02:35:19.000Z","volume":1000,"label":" ","price":125.4},{"type":"A","date":"2018-04-30T02:35:21.000Z","volume":4000,"label":" ","price":125.4},{"type":"A","date":"2018-04-30T02:35:21.000Z","volume":1000,"label":" ","price":125.5},{"type":"A","date":"2018-04-30T02:35:29.000Z","volume":1000,"label":" ","price":125.5},{"type":"B","date":"2018-04-30T02:37:27.000Z","volume":5000,"label":" ","price":125.4},{"type":"B","date":"2018-04-30T02:37:27.000Z","volume":1000,"label":" ","price":125.4},{"type":"B","date":"2018-04-30T02:37:38.000Z","volume":4000,"label":" ","price":125.4},{"type":"B","date":"2018-04-30T02:37:38.000Z","volume":5000,"label":" ","price":125.4},{"type":"B","date":"2018-04-30T02:37:38.000Z","volume":1000,"label":"Y","price":125.4},{"type":"B","date":"2018-04-30T02:37:38.000Z","volume":1000,"label":"Y","price":125.4},{"type":"B","date":"2018-04-30T02:37:39.000Z","volume":2000,"label":" ","price":125.4},{"type":"B","date":"2018-04-30T02:37:44.000Z","volume":5000,"label":" ","price":125.3},{"type":"B","date":"2018-04-30T02:37:44.000Z","volume":1000,"label":" ","price":125.2},{"type":"B","date":"2018-04-30T02:37:44.000Z","volume":1000,"label":" ","price":125.2},{"type":"A","date":"2018-04-30T02:38:33.000Z","volume":1000,"label":" ","price":125.3},{"type":"U","date":"2018-04-30T02:38:33.000Z","volume":1000,"label":" ","price":125.3},{"type":"A","date":"2018-04-30T02:38:37.000Z","volume":1000,"label":" ","price":125.3},{"type":"A","date":"2018-04-30T02:38:38.000Z","volume":2000,"label":" ","price":125.3},{"type":"B","date":"2018-04-30T02:38:38.000Z","volume":1000,"label":" ","price":125.2},{"type":"A","date":"2018-04-30T02:38:38.000Z","volume":1000,"label":"Y","price":125.3},{"type":"A","date":"2018-04-30T02:38:38.000Z","volume":1000,"label":" ","price":125.3},{"type":"B","date":"2018-04-30T02:38:55.000Z","volume":1000,"label":" ","price":125.3},{"type":"A","date":"2018-04-30T02:39:15.000Z","volume":2000,"label":" ","price":125.3},{"type":"A","date":"2018-04-30T02:39:18.000Z","volume":5000,"label":" ","price":125.4},{"type":"A","date":"2018-04-30T02:39:45.000Z","volume":1000,"label":" ","price":125.4},{"type":"A","date":"2018-04-30T02:39:45.000Z","volume":1000,"label":" ","price":125.5},{"type":"A","date":"2018-04-30T02:40:07.000Z","volume":1000,"label":" ","price":125.4},{"type":"A","date":"2018-04-30T02:41:07.000Z","volume":20000,"label":" ","price":125.5},{"type":"A","date":"2018-04-30T02:41:07.000Z","volume":1000,"label":" ","price":125.5},{"type":"A","date":"2018-04-30T02:41:07.000Z","volume":4000,"label":" ","price":125.6},{"type":"A","date":"2018-04-30T02:41:07.000Z","volume":2000,"label":" ","price":125.6},{"type":"A","date":"2018-04-30T02:41:07.000Z","volume":2000,"label":" ","price":125.6},{"type":"A","date":"2018-04-30T02:41:07.000Z","volume":2000,"label":" ","price":125.7},{"type":"A","date":"2018-04-30T02:41:08.000Z","volume":1000,"label":" ","price":125.7},{"type":"A","date":"2018-04-30T02:41:08.000Z","volume":1000,"label":" ","price":125.7},{"type":"B","date":"2018-04-30T02:41:12.000Z","volume":3000,"label":" ","price":125.7},{"type":"B","date":"2018-04-30T02:41:12.000Z","volume":6000,"label":" ","price":125.7},{"type":"A","date":"2018-04-30T02:42:33.000Z","volume":1000,"label":" ","price":125.7},{"type":"A","date":"2018-04-30T02:42:33.000Z","volume":1000,"label":" ","price":125.7},{"type":"A","date":"2018-04-30T02:42:54.000Z","volume":1000,"label":" ","price":125.7},{"type":"A","date":"2018-04-30T02:43:22.000Z","volume":1000,"label":" ","price":125.7},{"type":"A","date":"2018-04-30T02:43:33.000Z","volume":1000,"label":" ","price":125.7},{"type":"A","date":"2018-04-30T02:44:00.000Z","volume":1000,"label":" ","price":125.7},{"type":"A","date":"2018-04-30T02:44:05.000Z","volume":3000,"label":" ","price":125.7},{"type":"A","date":"2018-04-30T02:44:05.000Z","volume":7000,"label":" ","price":125.8},{"type":"A","date":"2018-04-30T02:44:05.000Z","volume":1000,"label":" ","price":125.8},{"type":"A","date":"2018-04-30T02:44:05.000Z","volume":1000,"label":" ","price":125.8},{"type":"A","date":"2018-04-30T02:44:05.000Z","volume":2000,"label":" ","price":125.9},{"type":"B","date":"2018-04-30T02:44:11.000Z","volume":4000,"label":" ","price":125.8},{"type":"B","date":"2018-04-30T02:45:03.000Z","volume":6000,"label":" ","price":125.8},{"type":"B","date":"2018-04-30T02:45:03.000Z","volume":1000,"label":" ","price":125.7},{"type":"A","date":"2018-04-30T02:45:03.000Z","volume":1000,"label":" ","price":125.7},{"type":"A","date":"2018-04-30T02:45:03.000Z","volume":1000,"label":" ","price":125.8},{"type":"B","date":"2018-04-30T02:45:33.000Z","volume":1000,"label":" ","price":125.7},{"type":"B","date":"2018-04-30T02:46:54.000Z","volume":4000,"label":" ","price":125.7},{"type":"A","date":"2018-04-30T02:46:54.000Z","volume":1000,"label":" ","price":125.7},{"type":"A","date":"2018-04-30T02:47:31.000Z","volume":1000,"label":" ","price":125.7},{"type":"A","date":"2018-04-30T02:47:32.000Z","volume":1000,"label":" ","price":125.7},{"type":"B","date":"2018-04-30T02:47:35.000Z","volume":1000,"label":" ","price":125.6},{"type":"A","date":"2018-04-30T02:49:18.000Z","volume":1000,"label":" ","price":125.7},{"type":"B","date":"2018-04-30T02:49:26.000Z","volume":9000,"label":" ","price":125.6},{"type":"B","date":"2018-04-30T02:49:26.000Z","volume":1000,"label":" ","price":125.6},{"type":"B","date":"2018-04-30T02:49:26.000Z","volume":1000,"label":" ","price":125.6},{"type":"B","date":"2018-04-30T02:50:15.000Z","volume":1000,"label":" ","price":125.5},{"type":"A","date":"2018-04-30T02:50:22.000Z","volume":8000,"label":" ","price":125.6},{"type":"A","date":"2018-04-30T02:50:22.000Z","volume":1000,"label":" ","price":125.6},{"type":"B","date":"2018-04-30T02:51:31.000Z","volume":2000,"label":" ","price":125.6},{"type":"B","date":"2018-04-30T02:51:31.000Z","volume":1000,"label":" ","price":125.6},{"type":"B","date":"2018-04-30T02:51:36.000Z","volume":2000,"label":" ","price":125.6},{"type":"A","date":"2018-04-30T02:54:18.000Z","volume":1000,"label":" ","price":125.7},{"type":"B","date":"2018-04-30T02:54:22.000Z","volume":1000,"label":" ","price":125.6},{"type":"B","date":"2018-04-30T02:54:29.000Z","volume":1000,"label":" ","price":125.6},{"type":"A","date":"2018-04-30T02:54:33.000Z","volume":1000,"label":" ","price":125.7},{"type":"A","date":"2018-04-30T02:54:40.000Z","volume":5000,"label":" ","price":125.7},{"type":"B","date":"2018-04-30T02:54:57.000Z","volume":7000,"label":" ","price":125.7},{"type":"A","date":"2018-04-30T02:54:57.000Z","volume":1000,"label":" ","price":125.7},{"type":"A","date":"2018-04-30T02:54:57.000Z","volume":2000,"label":" ","price":125.7},{"type":"A","date":"2018-04-30T02:55:10.000Z","volume":3000,"label":" ","price":125.7},{"type":"B","date":"2018-04-30T02:55:13.000Z","volume":5000,"label":" ","price":125.7},{"type":"A","date":"2018-04-30T02:55:13.000Z","volume":1000,"label":" ","price":125.7},{"type":"B","date":"2018-04-30T02:56:01.000Z","volume":1000,"label":" ","price":125.6},{"type":"B","date":"2018-04-30T02:59:22.000Z","volume":2000,"label":" ","price":125.6},{"type":"B","date":"2018-04-30T02:59:22.000Z","volume":1000,"label":" ","price":125.6},{"type":"A","date":"2018-04-30T02:59:31.000Z","volume":1000,"label":" ","price":125.7},{"type":"A","date":"2018-04-30T03:00:03.000Z","volume":1000,"label":" ","price":125.7},{"type":"A","date":"2018-04-30T03:00:03.000Z","volume":1000,"label":" ","price":125.7},{"type":"A","date":"2018-04-30T03:00:28.000Z","volume":1000,"label":" ","price":125.7},{"type":"B","date":"2018-04-30T03:02:29.000Z","volume":1000,"label":" ","price":125.6},{"type":"B","date":"2018-04-30T03:03:01.000Z","volume":1000,"label":" ","price":125.6},{"type":"A","date":"2018-04-30T03:04:11.000Z","volume":1000,"label":" ","price":125.7},{"type":"B","date":"2018-04-30T03:04:51.000Z","volume":1000,"label":" ","price":125.6},{"type":"A","date":"2018-04-30T03:05:17.000Z","volume":1000,"label":" ","price":125.7},{"type":"A","date":"2018-04-30T03:05:31.000Z","volume":2000,"label":" ","price":125.7},{"type":"B","date":"2018-04-30T03:05:38.000Z","volume":36000,"label":" ","price":125.6},{"type":"B","date":"2018-04-30T03:05:38.000Z","volume":3000,"label":" ","price":125.6},{"type":"B","date":"2018-04-30T03:05:41.000Z","volume":1000,"label":" ","price":125.5},{"type":"B","date":"2018-04-30T03:06:33.000Z","volume":5000,"label":" ","price":125.5},{"type":"A","date":"2018-04-30T03:06:33.000Z","volume":1000,"label":" ","price":125.6},{"type":"B","date":"2018-04-30T03:06:33.000Z","volume":2000,"label":" ","price":125.5},{"type":"B","date":"2018-04-30T03:06:34.000Z","volume":1000,"label":" ","price":125.5},{"type":"B","date":"2018-04-30T03:06:50.000Z","volume":1000,"label":" ","price":125.5},{"type":"A","date":"2018-04-30T03:06:50.000Z","volume":1000,"label":" ","price":125.5},{"type":"A","date":"2018-04-30T03:06:59.000Z","volume":3000,"label":" ","price":125.5},{"type":"A","date":"2018-04-30T03:06:59.000Z","volume":4000,"label":" ","price":125.5},{"type":"B","date":"2018-04-30T03:07:03.000Z","volume":5000,"label":" ","price":125.5},{"type":"B","date":"2018-04-30T03:07:08.000Z","volume":1000,"label":" ","price":125.5},{"type":"A","date":"2018-04-30T03:07:34.000Z","volume":4000,"label":" ","price":125.6},{"type":"B","date":"2018-04-30T03:07:46.000Z","volume":2000,"label":" ","price":125.5},{"type":"A","date":"2018-04-30T03:08:44.000Z","volume":1000,"label":" ","price":125.6},{"type":"A","date":"2018-04-30T03:09:16.000Z","volume":1000,"label":" ","price":125.6},{"type":"B","date":"2018-04-30T03:10:06.000Z","volume":1000,"label":" ","price":125.5},{"type":"B","date":"2018-04-30T03:12:23.000Z","volume":1000,"label":" ","price":125.5},{"type":"A","date":"2018-04-30T03:13:07.000Z","volume":5000,"label":" ","price":125.6},{"type":"B","date":"2018-04-30T03:14:21.000Z","volume":1000,"label":" ","price":125.5},{"type":"B","date":"2018-04-30T03:14:38.000Z","volume":20000,"label":" ","price":125.5},{"type":"B","date":"2018-04-30T03:14:38.000Z","volume":1000,"label":" ","price":125.5},{"type":"B","date":"2018-04-30T03:14:38.000Z","volume":4000,"label":" ","price":125.5},{"type":"B","date":"2018-04-30T03:14:38.000Z","volume":5000,"label":" ","price":125.5},{"type":"B","date":"2018-04-30T03:15:01.000Z","volume":4000,"label":" ","price":125.5},{"type":"B","date":"2018-04-30T03:15:02.000Z","volume":5000,"label":" ","price":125.5},{"type":"A","date":"2018-04-30T03:15:02.000Z","volume":1000,"label":" ","price":125.5},{"type":"A","date":"2018-04-30T03:15:02.000Z","volume":1000,"label":" ","price":125.5},{"type":"U","date":"2018-04-30T03:15:02.000Z","volume":1000,"label":" ","price":125.5},{"type":"U","date":"2018-04-30T03:15:03.000Z","volume":1000,"label":" ","price":125.5},{"type":"A","date":"2018-04-30T03:15:17.000Z","volume":1000,"label":" ","price":125.5},{"type":"A","date":"2018-04-30T03:15:17.000Z","volume":3000,"label":" ","price":125.5},{"type":"B","date":"2018-04-30T03:15:27.000Z","volume":1000,"label":"Y","price":125.5},{"type":"B","date":"2018-04-30T03:15:27.000Z","volume":5000,"label":" ","price":125.5},{"type":"B","date":"2018-04-30T03:15:44.000Z","volume":5000,"label":" ","price":125.5},{"type":"B","date":"2018-04-30T03:15:54.000Z","volume":1000,"label":" ","price":125.5},{"type":"A","date":"2018-04-30T03:15:54.000Z","volume":1000,"label":" ","price":125.5},{"type":"A","date":"2018-04-30T03:16:04.000Z","volume":4000,"label":" ","price":125.5},{"type":"U","date":"2018-04-30T03:16:53.000Z","volume":5000,"label":" ","price":125.5},{"type":"B","date":"2018-04-30T03:16:53.000Z","volume":1000,"label":" ","price":125.5},{"type":"A","date":"2018-04-30T03:17:11.000Z","volume":9000,"label":" ","price":125.6},{"type":"A","date":"2018-04-30T03:17:12.000Z","volume":1000,"label":" ","price":125.7},{"type":"B","date":"2018-04-30T03:17:32.000Z","volume":8000,"label":" ","price":125.6},{"type":"A","date":"2018-04-30T03:18:59.000Z","volume":3000,"label":" ","price":125.6},{"type":"B","date":"2018-04-30T03:19:57.000Z","volume":1000,"label":" ","price":125.5},{"type":"B","date":"2018-04-30T03:20:53.000Z","volume":1000,"label":" ","price":125.5},{"type":"B","date":"2018-04-30T03:21:38.000Z","volume":16000,"label":" ","price":125.5},{"type":"A","date":"2018-04-30T03:21:38.000Z","volume":1000,"label":" ","price":125.5},{"type":"B","date":"2018-04-30T03:22:02.000Z","volume":5000,"label":" ","price":125.5},{"type":"A","date":"2018-04-30T03:22:02.000Z","volume":1000,"label":" ","price":125.5},{"type":"A","date":"2018-04-30T03:22:02.000Z","volume":3000,"label":" ","price":125.5},{"type":"A","date":"2018-04-30T03:22:02.000Z","volume":1000,"label":" ","price":125.5},{"type":"A","date":"2018-04-30T03:22:23.000Z","volume":4000,"label":" ","price":125.5},{"type":"A","date":"2018-04-30T03:22:23.000Z","volume":1000,"label":" ","price":125.5},{"type":"A","date":"2018-04-30T03:22:23.000Z","volume":1000,"label":" ","price":125.5},{"type":"A","date":"2018-04-30T03:24:21.000Z","volume":10000,"label":" ","price":125.6},{"type":"A","date":"2018-04-30T03:24:21.000Z","volume":13000,"label":" ","price":125.6},{"type":"B","date":"2018-04-30T03:24:23.000Z","volume":1000,"label":" ","price":125.6},{"type":"B","date":"2018-04-30T03:25:08.000Z","volume":2000,"label":" ","price":125.6},{"type":"B","date":"2018-04-30T03:26:55.000Z","volume":1000,"label":" ","price":125.6},{"type":"B","date":"2018-04-30T03:27:24.000Z","volume":1000,"label":" ","price":125.6},{"type":"A","date":"2018-04-30T03:28:32.000Z","volume":3000,"label":" ","price":125.7},{"type":"A","date":"2018-04-30T03:28:32.000Z","volume":3000,"label":" ","price":125.7},{"type":"A","date":"2018-04-30T03:28:32.000Z","volume":1000,"label":" ","price":125.7},{"type":"A","date":"2018-04-30T03:28:32.000Z","volume":5000,"label":" ","price":125.7},{"type":"A","date":"2018-04-30T03:28:32.000Z","volume":2000,"label":" ","price":125.8},{"type":"A","date":"2018-04-30T03:28:32.000Z","volume":1000,"label":" ","price":125.8},{"type":"A","date":"2018-04-30T03:28:32.000Z","volume":2000,"label":" ","price":125.8},{"type":"A","date":"2018-04-30T03:28:33.000Z","volume":1000,"label":" ","price":125.9},{"type":"U","date":"2018-04-30T03:28:57.000Z","volume":34,"label":"D","price":124.8},{"type":"A","date":"2018-04-30T03:29:31.000Z","volume":2000,"label":" ","price":125.9},{"type":"A","date":"2018-04-30T03:30:59.000Z","volume":1000,"label":" ","price":125.9},{"type":"A","date":"2018-04-30T03:30:59.000Z","volume":1000,"label":" ","price":125.9},{"type":"U","date":"2018-04-30T03:31:06.000Z","volume":1000,"label":" ","price":125.8},{"type":"B","date":"2018-04-30T03:31:33.000Z","volume":1000,"label":" ","price":125.8},{"type":"B","date":"2018-04-30T03:31:33.000Z","volume":5000,"label":" ","price":125.7},{"type":"B","date":"2018-04-30T03:32:16.000Z","volume":1000,"label":" ","price":125.7},{"type":"B","date":"2018-04-30T03:32:56.000Z","volume":1000,"label":" ","price":125.7},{"type":"A","date":"2018-04-30T03:32:57.000Z","volume":1000,"label":" ","price":125.9},{"type":"U","date":"2018-04-30T03:33:05.000Z","volume":1000,"label":" ","price":125.8},{"type":"A","date":"2018-04-30T03:33:05.000Z","volume":1000,"label":" ","price":125.8},{"type":"A","date":"2018-04-30T03:33:18.000Z","volume":1000,"label":" ","price":125.8},{"type":"B","date":"2018-04-30T03:34:16.000Z","volume":13000,"label":" ","price":125.8},{"type":"A","date":"2018-04-30T03:34:16.000Z","volume":2000,"label":" ","price":125.8},{"type":"B","date":"2018-04-30T03:34:16.000Z","volume":1000,"label":" ","price":125.8},{"type":"A","date":"2018-04-30T03:34:28.000Z","volume":1000,"label":" ","price":125.8},{"type":"A","date":"2018-04-30T03:35:31.000Z","volume":1000,"label":" ","price":125.9},{"type":"A","date":"2018-04-30T03:37:03.000Z","volume":1000,"label":" ","price":125.8},{"type":"A","date":"2018-04-30T03:37:03.000Z","volume":1000,"label":" ","price":125.8},{"type":"B","date":"2018-04-30T03:38:10.000Z","volume":2000,"label":" ","price":125.7},{"type":"B","date":"2018-04-30T03:38:25.000Z","volume":4000,"label":" ","price":125.8},{"type":"A","date":"2018-04-30T03:38:25.000Z","volume":1000,"label":" ","price":125.8},{"type":"B","date":"2018-04-30T03:38:56.000Z","volume":1000,"label":" ","price":125.7},{"type":"B","date":"2018-04-30T03:41:40.000Z","volume":4000,"label":" ","price":125.7},{"type":"B","date":"2018-04-30T03:44:25.000Z","volume":1000,"label":" ","price":125.7},{"type":"A","date":"2018-04-30T03:45:17.000Z","volume":1000,"label":" ","price":125.8},{"type":"A","date":"2018-04-30T03:45:24.000Z","volume":6000,"label":" ","price":125.8},{"type":"A","date":"2018-04-30T03:45:24.000Z","volume":3000,"label":" ","price":125.8},{"type":"A","date":"2018-04-30T03:46:18.000Z","volume":1000,"label":" ","price":125.9},{"type":"A","date":"2018-04-30T03:46:19.000Z","volume":1000,"label":" ","price":125.9},{"type":"A","date":"2018-04-30T03:46:20.000Z","volume":1000,"label":" ","price":125.9},{"type":"A","date":"2018-04-30T03:46:37.000Z","volume":1000,"label":" ","price":125.9},{"type":"B","date":"2018-04-30T03:48:14.000Z","volume":1000,"label":" ","price":125.8},{"type":"A","date":"2018-04-30T03:51:22.000Z","volume":1000,"label":"Y","price":125.9},{"type":"A","date":"2018-04-30T03:51:22.000Z","volume":17000,"label":" ","price":125.9},{"type":"A","date":"2018-04-30T03:51:22.000Z","volume":10000,"label":" ","price":126},{"type":"A","date":"2018-04-30T03:51:22.000Z","volume":4000,"label":" ","price":126},{"type":"A","date":"2018-04-30T03:51:22.000Z","volume":1000,"label":" ","price":126},{"type":"A","date":"2018-04-30T03:53:11.000Z","volume":1000,"label":" ","price":126},{"type":"A","date":"2018-04-30T03:53:16.000Z","volume":2000,"label":" ","price":126},{"type":"A","date":"2018-04-30T03:53:17.000Z","volume":1000,"label":" ","price":126},{"type":"A","date":"2018-04-30T03:54:26.000Z","volume":50000,"label":" ","price":126},{"type":"A","date":"2018-04-30T03:54:26.000Z","volume":10000,"label":" ","price":126},{"type":"A","date":"2018-04-30T03:54:26.000Z","volume":1000,"label":" ","price":126.1},{"type":"A","date":"2018-04-30T03:54:26.000Z","volume":1000,"label":"Y","price":126.1},{"type":"A","date":"2018-04-30T03:54:26.000Z","volume":4000,"label":" ","price":126.1},{"type":"A","date":"2018-04-30T03:54:26.000Z","volume":8000,"label":" ","price":126.2},{"type":"A","date":"2018-04-30T03:54:26.000Z","volume":1000,"label":" ","price":126.2},{"type":"A","date":"2018-04-30T03:54:26.000Z","volume":3000,"label":" ","price":126.3},{"type":"A","date":"2018-04-30T03:54:26.000Z","volume":3000,"label":" ","price":126.3},{"type":"A","date":"2018-04-30T03:54:26.000Z","volume":1000,"label":" ","price":126.3},{"type":"A","date":"2018-04-30T03:54:26.000Z","volume":1000,"label":" ","price":126.3},{"type":"B","date":"2018-04-30T03:54:31.000Z","volume":6000,"label":" ","price":126.2},{"type":"B","date":"2018-04-30T03:54:31.000Z","volume":2000,"label":" ","price":126.2},{"type":"B","date":"2018-04-30T03:54:31.000Z","volume":1000,"label":" ","price":126.2},{"type":"B","date":"2018-04-30T03:54:31.000Z","volume":1000,"label":" ","price":126.2},{"type":"B","date":"2018-04-30T03:54:32.000Z","volume":4000,"label":" ","price":126.1},{"type":"B","date":"2018-04-30T03:54:32.000Z","volume":1000,"label":" ","price":126.1},{"type":"B","date":"2018-04-30T03:54:32.000Z","volume":5000,"label":" ","price":126.1},{"type":"A","date":"2018-04-30T03:54:32.000Z","volume":3000,"label":" ","price":126.2},{"type":"A","date":"2018-04-30T03:54:32.000Z","volume":2000,"label":" ","price":126.2},{"type":"A","date":"2018-04-30T03:54:32.000Z","volume":2000,"label":" ","price":126.3},{"type":"A","date":"2018-04-30T03:54:32.000Z","volume":1000,"label":" ","price":126.4},{"type":"B","date":"2018-04-30T03:54:35.000Z","volume":4000,"label":" ","price":126.2},{"type":"B","date":"2018-04-30T03:54:38.000Z","volume":1000,"label":" ","price":126.2},{"type":"B","date":"2018-04-30T03:54:38.000Z","volume":5000,"label":" ","price":126},{"type":"A","date":"2018-04-30T03:54:38.000Z","volume":1000,"label":" ","price":126.1},{"type":"U","date":"2018-04-30T03:54:57.000Z","volume":3000,"label":" ","price":126.1},{"type":"A","date":"2018-04-30T03:55:01.000Z","volume":2000,"label":" ","price":126.2},{"type":"A","date":"2018-04-30T03:55:01.000Z","volume":1000,"label":" ","price":126.2},{"type":"A","date":"2018-04-30T03:55:01.000Z","volume":1000,"label":" ","price":126.4},{"type":"B","date":"2018-04-30T03:55:05.000Z","volume":12000,"label":" ","price":126.1},{"type":"B","date":"2018-04-30T03:55:06.000Z","volume":2000,"label":" ","price":126.1},{"type":"B","date":"2018-04-30T03:55:34.000Z","volume":4000,"label":" ","price":126.1},{"type":"A","date":"2018-04-30T03:55:34.000Z","volume":1000,"label":" ","price":126.1},{"type":"A","date":"2018-04-30T03:56:10.000Z","volume":1000,"label":" ","price":126.2},{"type":"A","date":"2018-04-30T03:57:48.000Z","volume":1000,"label":" ","price":126.1},{"type":"A","date":"2018-04-30T03:58:01.000Z","volume":1000,"label":" ","price":126.2},{"type":"A","date":"2018-04-30T03:59:16.000Z","volume":1000,"label":" ","price":126.2},{"type":"A","date":"2018-04-30T05:00:00.000Z","volume":1000,"label":" ","price":126.2},{"type":"A","date":"2018-04-30T05:00:01.000Z","volume":1000,"label":" ","price":126.2},{"type":"A","date":"2018-04-30T05:00:04.000Z","volume":1000,"label":" ","price":126.1},{"type":"A","date":"2018-04-30T05:00:06.000Z","volume":1000,"label":" ","price":126.1},{"type":"B","date":"2018-04-30T05:00:11.000Z","volume":2000,"label":"Y","price":126.1},{"type":"B","date":"2018-04-30T05:00:11.000Z","volume":4000,"label":" ","price":126.1},{"type":"B","date":"2018-04-30T05:00:17.000Z","volume":1000,"label":"Y","price":126.1},{"type":"B","date":"2018-04-30T05:00:17.000Z","volume":1000,"label":" ","price":126.1},{"type":"B","date":"2018-04-30T05:00:42.000Z","volume":8000,"label":" ","price":126.1},{"type":"A","date":"2018-04-30T05:00:42.000Z","volume":2000,"label":" ","price":126.1},{"type":"B","date":"2018-04-30T05:01:24.000Z","volume":1000,"label":" ","price":126},{"type":"B","date":"2018-04-30T05:03:10.000Z","volume":12000,"label":" ","price":126},{"type":"A","date":"2018-04-30T05:03:10.000Z","volume":2000,"label":" ","price":126},{"type":"B","date":"2018-04-30T05:03:10.000Z","volume":1000,"label":" ","price":126},{"type":"A","date":"2018-04-30T05:03:40.000Z","volume":5000,"label":" ","price":126},{"type":"A","date":"2018-04-30T05:03:58.000Z","volume":10000,"label":" ","price":126.1},{"type":"A","date":"2018-04-30T05:04:17.000Z","volume":1000,"label":" ","price":126.1},{"type":"A","date":"2018-04-30T05:05:06.000Z","volume":1000,"label":" ","price":126.1},{"type":"A","date":"2018-04-30T05:05:34.000Z","volume":5000,"label":" ","price":126.1},{"type":"A","date":"2018-04-30T05:05:34.000Z","volume":3000,"label":" ","price":126.2},{"type":"A","date":"2018-04-30T05:05:53.000Z","volume":2000,"label":" ","price":126.2},{"type":"A","date":"2018-04-30T05:05:53.000Z","volume":1000,"label":" ","price":126.2},{"type":"A","date":"2018-04-30T05:06:38.000Z","volume":1000,"label":" ","price":126.2},{"type":"B","date":"2018-04-30T05:06:48.000Z","volume":1000,"label":" ","price":126.1},{"type":"A","date":"2018-04-30T05:07:35.000Z","volume":1000,"label":" ","price":126.2},{"type":"U","date":"2018-04-30T05:08:18.000Z","volume":2000,"label":" ","price":126.2},{"type":"A","date":"2018-04-30T05:08:19.000Z","volume":1000,"label":" ","price":126.2},{"type":"B","date":"2018-04-30T05:08:31.000Z","volume":2000,"label":" ","price":126.1},{"type":"A","date":"2018-04-30T05:08:31.000Z","volume":2000,"label":" ","price":126.2},{"type":"A","date":"2018-04-30T05:08:31.000Z","volume":1000,"label":" ","price":126.2},{"type":"A","date":"2018-04-30T05:08:33.000Z","volume":1000,"label":" ","price":126.2},{"type":"A","date":"2018-04-30T05:08:39.000Z","volume":10000,"label":" ","price":126.2},{"type":"A","date":"2018-04-30T05:08:39.000Z","volume":4000,"label":" ","price":126.2},{"type":"A","date":"2018-04-30T05:08:39.000Z","volume":1000,"label":" ","price":126.2},{"type":"A","date":"2018-04-30T05:08:39.000Z","volume":3000,"label":" ","price":126.3},{"type":"A","date":"2018-04-30T05:08:39.000Z","volume":2000,"label":" ","price":126.3},{"type":"A","date":"2018-04-30T05:08:39.000Z","volume":1000,"label":" ","price":126.3},{"type":"A","date":"2018-04-30T05:08:39.000Z","volume":3000,"label":" ","price":126.3},{"type":"A","date":"2018-04-30T05:08:39.000Z","volume":4000,"label":" ","price":126.3},{"type":"A","date":"2018-04-30T05:08:39.000Z","volume":2000,"label":" ","price":126.4},{"type":"A","date":"2018-04-30T05:08:41.000Z","volume":3000,"label":" ","price":126.5},{"type":"A","date":"2018-04-30T05:08:41.000Z","volume":1000,"label":" ","price":126.5},{"type":"A","date":"2018-04-30T05:08:47.000Z","volume":2000,"label":" ","price":126.5},{"type":"A","date":"2018-04-30T05:08:47.000Z","volume":2000,"label":" ","price":126.5},{"type":"A","date":"2018-04-30T05:08:47.000Z","volume":1000,"label":" ","price":126.5},{"type":"A","date":"2018-04-30T05:08:47.000Z","volume":3000,"label":" ","price":126.5},{"type":"B","date":"2018-04-30T05:08:47.000Z","volume":1000,"label":" ","price":126.6},{"type":"A","date":"2018-04-30T05:08:47.000Z","volume":1000,"label":" ","price":126.7},{"type":"A","date":"2018-04-30T05:08:49.000Z","volume":1000,"label":" ","price":126.7},{"type":"B","date":"2018-04-30T05:08:49.000Z","volume":3000,"label":" ","price":126.5},{"type":"B","date":"2018-04-30T05:08:49.000Z","volume":1000,"label":" ","price":126.5},{"type":"B","date":"2018-04-30T05:08:49.000Z","volume":1000,"label":" ","price":126.5},{"type":"B","date":"2018-04-30T05:08:49.000Z","volume":2000,"label":" ","price":126.4},{"type":"B","date":"2018-04-30T05:08:50.000Z","volume":2000,"label":" ","price":126.4},{"type":"A","date":"2018-04-30T05:08:51.000Z","volume":1000,"label":" ","price":126.5},{"type":"B","date":"2018-04-30T05:09:26.000Z","volume":1000,"label":" ","price":126.4},{"type":"B","date":"2018-04-30T05:10:09.000Z","volume":2000,"label":" ","price":126.4},{"type":"B","date":"2018-04-30T05:10:09.000Z","volume":1000,"label":" ","price":126.4},{"type":"A","date":"2018-04-30T05:10:09.000Z","volume":6000,"label":" ","price":126.4},{"type":"A","date":"2018-04-30T05:10:09.000Z","volume":1000,"label":" ","price":126.5},{"type":"A","date":"2018-04-30T05:11:31.000Z","volume":1000,"label":" ","price":126.5},{"type":"A","date":"2018-04-30T05:11:52.000Z","volume":1000,"label":" ","price":126.5},{"type":"U","date":"2018-04-30T05:11:58.000Z","volume":1000,"label":" ","price":126.4},{"type":"A","date":"2018-04-30T05:12:23.000Z","volume":2000,"label":" ","price":126.5},{"type":"A","date":"2018-04-30T05:13:18.000Z","volume":1000,"label":" ","price":126.5},{"type":"B","date":"2018-04-30T05:13:34.000Z","volume":1000,"label":" ","price":126.4},{"type":"B","date":"2018-04-30T05:14:53.000Z","volume":1000,"label":" ","price":126.4},{"type":"A","date":"2018-04-30T05:17:05.000Z","volume":1000,"label":" ","price":126.5},{"type":"B","date":"2018-04-30T05:17:14.000Z","volume":1000,"label":" ","price":126.4},{"type":"A","date":"2018-04-30T05:17:31.000Z","volume":2000,"label":" ","price":126.5},{"type":"A","date":"2018-04-30T05:17:31.000Z","volume":1000,"label":" ","price":126.5},{"type":"A","date":"2018-04-30T05:17:32.000Z","volume":1000,"label":" ","price":126.5},{"type":"A","date":"2018-04-30T05:17:32.000Z","volume":2000,"label":" ","price":126.5},{"type":"A","date":"2018-04-30T05:17:32.000Z","volume":1000,"label":" ","price":126.5},{"type":"A","date":"2018-04-30T05:17:32.000Z","volume":1000,"label":" ","price":126.5},{"type":"U","date":"2018-04-30T05:17:42.000Z","volume":1000,"label":" ","price":126.5},{"type":"A","date":"2018-04-30T05:18:43.000Z","volume":1000,"label":" ","price":126.5},{"type":"B","date":"2018-04-30T05:19:08.000Z","volume":2000,"label":" ","price":126.4},{"type":"A","date":"2018-04-30T05:19:08.000Z","volume":1000,"label":" ","price":126.5},{"type":"A","date":"2018-04-30T05:20:17.000Z","volume":1000,"label":" ","price":126.5},{"type":"A","date":"2018-04-30T05:20:18.000Z","volume":1000,"label":" ","price":126.5},{"type":"A","date":"2018-04-30T05:20:18.000Z","volume":1000,"label":" ","price":126.5},{"type":"A","date":"2018-04-30T05:20:36.000Z","volume":1000,"label":" ","price":126.5},{"type":"A","date":"2018-04-30T05:20:36.000Z","volume":1000,"label":" ","price":126.5},{"type":"A","date":"2018-04-30T05:20:50.000Z","volume":3000,"label":" ","price":126.5},{"type":"A","date":"2018-04-30T05:21:02.000Z","volume":15000,"label":" ","price":126.6},{"type":"A","date":"2018-04-30T05:21:02.000Z","volume":3000,"label":" ","price":126.7},{"type":"A","date":"2018-04-30T05:21:02.000Z","volume":1000,"label":" ","price":126.8},{"type":"A","date":"2018-04-30T05:21:03.000Z","volume":2000,"label":" ","price":126.7},{"type":"A","date":"2018-04-30T05:21:03.000Z","volume":1000,"label":" ","price":126.8},{"type":"B","date":"2018-04-30T05:21:04.000Z","volume":3000,"label":" ","price":126.6},{"type":"B","date":"2018-04-30T05:21:04.000Z","volume":5000,"label":" ","price":126.6},{"type":"A","date":"2018-04-30T05:21:04.000Z","volume":2000,"label":" ","price":126.6},{"type":"A","date":"2018-04-30T05:21:05.000Z","volume":1000,"label":" ","price":126.7},{"type":"B","date":"2018-04-30T05:21:22.000Z","volume":1000,"label":" ","price":126.5},{"type":"A","date":"2018-04-30T05:21:54.000Z","volume":2000,"label":" ","price":126.6},{"type":"A","date":"2018-04-30T05:22:43.000Z","volume":2000,"label":" ","price":126.6},{"type":"A","date":"2018-04-30T05:23:00.000Z","volume":1000,"label":" ","price":126.6},{"type":"A","date":"2018-04-30T05:23:06.000Z","volume":2000,"label":" ","price":126.6},{"type":"A","date":"2018-04-30T05:23:07.000Z","volume":1000,"label":" ","price":126.6},{"type":"B","date":"2018-04-30T05:23:23.000Z","volume":1000,"label":" ","price":126.5},{"type":"A","date":"2018-04-30T05:23:24.000Z","volume":1000,"label":" ","price":126.7},{"type":"A","date":"2018-04-30T05:23:31.000Z","volume":1000,"label":" ","price":126.7},{"type":"B","date":"2018-04-30T05:23:41.000Z","volume":7000,"label":" ","price":126.6},{"type":"A","date":"2018-04-30T05:23:41.000Z","volume":2000,"label":" ","price":126.6},{"type":"A","date":"2018-04-30T05:23:41.000Z","volume":2000,"label":" ","price":126.6},{"type":"A","date":"2018-04-30T05:23:43.000Z","volume":1000,"label":" ","price":126.7},{"type":"B","date":"2018-04-30T05:26:17.000Z","volume":1000,"label":" ","price":126.5},{"type":"B","date":"2018-04-30T05:26:17.000Z","volume":18000,"label":" ","price":126.5},{"type":"U","date":"2018-04-30T05:27:00.000Z","volume":1000,"label":"X","price":126.5},{"type":"B","date":"2018-04-30T05:28:09.000Z","volume":5000,"label":" ","price":126.5},{"type":"A","date":"2018-04-30T05:28:09.000Z","volume":1000,"label":" ","price":126.5},{"type":"A","date":"2018-04-30T05:28:11.000Z","volume":1000,"label":" ","price":126.5},{"type":"B","date":"2018-04-30T05:28:32.000Z","volume":5000,"label":" ","price":126.4},{"type":"B","date":"2018-04-30T05:28:34.000Z","volume":4000,"label":" ","price":126.4},{"type":"A","date":"2018-04-30T05:28:34.000Z","volume":1000,"label":" ","price":126.4},{"type":"A","date":"2018-04-30T05:28:35.000Z","volume":1000,"label":" ","price":126.4},{"type":"A","date":"2018-04-30T05:28:35.000Z","volume":2000,"label":" ","price":126.4},{"type":"B","date":"2018-04-30T05:30:23.000Z","volume":1000,"label":" ","price":126.4},{"type":"B","date":"2018-04-30T05:30:31.000Z","volume":1000,"label":" ","price":126.4},{"type":"A","date":"2018-04-30T05:30:49.000Z","volume":6000,"label":" ","price":126.5},{"type":"B","date":"2018-04-30T05:31:27.000Z","volume":1000,"label":" ","price":126.4},{"type":"U","date":"2018-04-30T05:33:16.000Z","volume":1000,"label":"X","price":126.4},{"type":"A","date":"2018-04-30T05:35:11.000Z","volume":20000,"label":" ","price":126.5},{"type":"A","date":"2018-04-30T05:35:11.000Z","volume":4000,"label":" ","price":126.5},{"type":"A","date":"2018-04-30T05:35:11.000Z","volume":1000,"label":" ","price":126.5},{"type":"A","date":"2018-04-30T05:35:11.000Z","volume":3000,"label":" ","price":126.6},{"type":"A","date":"2018-04-30T05:35:11.000Z","volume":3000,"label":" ","price":126.6},{"type":"A","date":"2018-04-30T05:35:11.000Z","volume":3000,"label":" ","price":126.6},{"type":"A","date":"2018-04-30T05:35:11.000Z","volume":2000,"label":" ","price":126.6},{"type":"A","date":"2018-04-30T05:35:13.000Z","volume":4000,"label":" ","price":126.7},{"type":"A","date":"2018-04-30T05:35:13.000Z","volume":1000,"label":" ","price":126.7},{"type":"A","date":"2018-04-30T05:35:17.000Z","volume":1000,"label":" ","price":126.7},{"type":"A","date":"2018-04-30T05:35:17.000Z","volume":1000,"label":" ","price":126.7},{"type":"A","date":"2018-04-30T05:35:25.000Z","volume":1000,"label":" ","price":126.7},{"type":"A","date":"2018-04-30T05:35:25.000Z","volume":1000,"label":" ","price":126.7},{"type":"A","date":"2018-04-30T05:35:31.000Z","volume":1000,"label":" ","price":126.7},{"type":"A","date":"2018-04-30T05:35:31.000Z","volume":1000,"label":" ","price":126.7},{"type":"A","date":"2018-04-30T05:35:43.000Z","volume":1000,"label":" ","price":126.7},{"type":"B","date":"2018-04-30T05:35:46.000Z","volume":1000,"label":" ","price":126.7},{"type":"B","date":"2018-04-30T05:35:49.000Z","volume":9000,"label":" ","price":126.7},{"type":"B","date":"2018-04-30T05:35:49.000Z","volume":1000,"label":" ","price":126.7},{"type":"A","date":"2018-04-30T05:35:49.000Z","volume":1000,"label":" ","price":126.7},{"type":"A","date":"2018-04-30T05:37:48.000Z","volume":1000,"label":" ","price":126.7},{"type":"B","date":"2018-04-30T05:39:19.000Z","volume":1000,"label":" ","price":126.6},{"type":"A","date":"2018-04-30T05:39:44.000Z","volume":11000,"label":" ","price":126.7},{"type":"A","date":"2018-04-30T05:39:44.000Z","volume":37000,"label":" ","price":126.8},{"type":"A","date":"2018-04-30T05:39:44.000Z","volume":2000,"label":" ","price":126.8},{"type":"A","date":"2018-04-30T05:39:44.000Z","volume":3000,"label":" ","price":126.9},{"type":"A","date":"2018-04-30T05:39:44.000Z","volume":5000,"label":" ","price":126.9},{"type":"A","date":"2018-04-30T05:39:44.000Z","volume":1000,"label":" ","price":126.9},{"type":"A","date":"2018-04-30T05:39:45.000Z","volume":1000,"label":" ","price":127},{"type":"A","date":"2018-04-30T05:39:46.000Z","volume":6000,"label":" ","price":127},{"type":"U","date":"2018-04-30T05:39:46.000Z","volume":1000,"label":" ","price":126.9},{"type":"A","date":"2018-04-30T05:39:46.000Z","volume":1000,"label":" ","price":127},{"type":"A","date":"2018-04-30T05:39:46.000Z","volume":10000,"label":" ","price":127},{"type":"A","date":"2018-04-30T05:39:46.000Z","volume":3000,"label":" ","price":127.1},{"type":"A","date":"2018-04-30T05:39:46.000Z","volume":1000,"label":" ","price":127.1},{"type":"A","date":"2018-04-30T05:39:46.000Z","volume":3000,"label":" ","price":127.1},{"type":"A","date":"2018-04-30T05:39:46.000Z","volume":1000,"label":" ","price":127.2},{"type":"A","date":"2018-04-30T05:39:48.000Z","volume":1000,"label":" ","price":127.3},{"type":"B","date":"2018-04-30T05:39:48.000Z","volume":1000,"label":" ","price":127.1},{"type":"B","date":"2018-04-30T05:39:50.000Z","volume":5000,"label":" ","price":127},{"type":"U","date":"2018-04-30T05:39:50.000Z","volume":1000,"label":" ","price":127},{"type":"B","date":"2018-04-30T05:39:50.000Z","volume":3000,"label":" ","price":127},{"type":"A","date":"2018-04-30T05:39:50.000Z","volume":3000,"label":" ","price":127.1},{"type":"A","date":"2018-04-30T05:39:50.000Z","volume":1000,"label":" ","price":127.1},{"type":"A","date":"2018-04-30T05:39:52.000Z","volume":2000,"label":" ","price":127.1},{"type":"B","date":"2018-04-30T05:39:54.000Z","volume":1000,"label":" ","price":127},{"type":"B","date":"2018-04-30T05:39:54.000Z","volume":1000,"label":" ","price":127},{"type":"A","date":"2018-04-30T05:39:54.000Z","volume":1000,"label":" ","price":127.1},{"type":"B","date":"2018-04-30T05:39:57.000Z","volume":2000,"label":" ","price":127},{"type":"B","date":"2018-04-30T05:40:12.000Z","volume":2000,"label":"Y","price":127},{"type":"B","date":"2018-04-30T05:40:12.000Z","volume":1000,"label":" ","price":127},{"type":"B","date":"2018-04-30T05:40:12.000Z","volume":3000,"label":" ","price":126.9},{"type":"A","date":"2018-04-30T05:40:12.000Z","volume":1000,"label":" ","price":127},{"type":"A","date":"2018-04-30T05:41:36.000Z","volume":2000,"label":" ","price":127},{"type":"A","date":"2018-04-30T05:41:40.000Z","volume":1000,"label":" ","price":127},{"type":"B","date":"2018-04-30T05:41:41.000Z","volume":1000,"label":" ","price":127},{"type":"A","date":"2018-04-30T05:42:21.000Z","volume":1000,"label":" ","price":127},{"type":"A","date":"2018-04-30T05:42:23.000Z","volume":1000,"label":" ","price":127},{"type":"A","date":"2018-04-30T05:42:33.000Z","volume":2000,"label":" ","price":127},{"type":"A","date":"2018-04-30T05:43:04.000Z","volume":1000,"label":" ","price":127},{"type":"A","date":"2018-04-30T05:43:04.000Z","volume":1000,"label":" ","price":127},{"type":"A","date":"2018-04-30T05:43:04.000Z","volume":1000,"label":" ","price":127},{"type":"A","date":"2018-04-30T05:43:06.000Z","volume":1000,"label":" ","price":127},{"type":"A","date":"2018-04-30T05:43:52.000Z","volume":1000,"label":" ","price":127},{"type":"U","date":"2018-04-30T05:47:16.000Z","volume":1000,"label":"X","price":126.9},{"type":"A","date":"2018-04-30T05:47:31.000Z","volume":2000,"label":" ","price":127},{"type":"B","date":"2018-04-30T05:47:52.000Z","volume":5000,"label":" ","price":126.9},{"type":"A","date":"2018-04-30T05:47:54.000Z","volume":1000,"label":" ","price":127},{"type":"A","date":"2018-04-30T05:49:12.000Z","volume":1000,"label":" ","price":127},{"type":"A","date":"2018-04-30T05:49:48.000Z","volume":1000,"label":" ","price":127},{"type":"B","date":"2018-04-30T05:49:55.000Z","volume":1000,"label":" ","price":126.9},{"type":"A","date":"2018-04-30T05:49:55.000Z","volume":1000,"label":" ","price":127},{"type":"A","date":"2018-04-30T05:50:16.000Z","volume":2000,"label":" ","price":127},{"type":"A","date":"2018-04-30T05:50:18.000Z","volume":1000,"label":" ","price":127},{"type":"A","date":"2018-04-30T05:51:11.000Z","volume":1000,"label":" ","price":127},{"type":"B","date":"2018-04-30T05:51:49.000Z","volume":1000,"label":" ","price":126.9},{"type":"A","date":"2018-04-30T05:52:19.000Z","volume":1000,"label":" ","price":127},{"type":"A","date":"2018-04-30T05:52:20.000Z","volume":1000,"label":" ","price":127},{"type":"B","date":"2018-04-30T05:52:48.000Z","volume":1000,"label":" ","price":126.9},{"type":"U","date":"2018-04-30T05:52:50.000Z","volume":1000,"label":"X","price":126.9},{"type":"B","date":"2018-04-30T05:53:27.000Z","volume":1000,"label":" ","price":126.9},{"type":"B","date":"2018-04-30T05:53:42.000Z","volume":1000,"label":" ","price":126.9},{"type":"A","date":"2018-04-30T05:54:33.000Z","volume":1000,"label":" ","price":127},{"type":"B","date":"2018-04-30T05:54:35.000Z","volume":2000,"label":" ","price":126.9},{"type":"A","date":"2018-04-30T05:54:35.000Z","volume":1000,"label":" ","price":127},{"type":"B","date":"2018-04-30T05:55:41.000Z","volume":1000,"label":" ","price":126.9},{"type":"A","date":"2018-04-30T05:56:22.000Z","volume":1000,"label":" ","price":127},{"type":"A","date":"2018-04-30T05:57:21.000Z","volume":1000,"label":" ","price":127},{"type":"A","date":"2018-04-30T05:57:21.000Z","volume":1000,"label":" ","price":127},{"type":"A","date":"2018-04-30T05:57:49.000Z","volume":20000,"label":" ","price":127},{"type":"A","date":"2018-04-30T05:57:49.000Z","volume":7000,"label":" ","price":127},{"type":"A","date":"2018-04-30T05:57:49.000Z","volume":4000,"label":" ","price":127},{"type":"A","date":"2018-04-30T05:57:49.000Z","volume":2000,"label":" ","price":127.1},{"type":"B","date":"2018-04-30T05:57:49.000Z","volume":1000,"label":" ","price":127.1},{"type":"A","date":"2018-04-30T05:57:51.000Z","volume":3000,"label":" ","price":127.2},{"type":"U","date":"2018-04-30T05:57:51.000Z","volume":1000,"label":" ","price":127.2},{"type":"A","date":"2018-04-30T05:57:51.000Z","volume":1000,"label":" ","price":127.2},{"type":"B","date":"2018-04-30T05:57:53.000Z","volume":5000,"label":" ","price":127.2},{"type":"A","date":"2018-04-30T05:57:55.000Z","volume":1000,"label":" ","price":127.2},{"type":"B","date":"2018-04-30T05:57:57.000Z","volume":5000,"label":" ","price":127.1},{"type":"B","date":"2018-04-30T05:57:57.000Z","volume":4000,"label":" ","price":127},{"type":"A","date":"2018-04-30T05:57:57.000Z","volume":5000,"label":" ","price":127.1},{"type":"A","date":"2018-04-30T05:57:59.000Z","volume":1000,"label":" ","price":127.2},{"type":"A","date":"2018-04-30T05:58:07.000Z","volume":2000,"label":" ","price":127.1},{"type":"B","date":"2018-04-30T05:58:27.000Z","volume":1000,"label":" ","price":127},{"type":"B","date":"2018-04-30T05:58:29.000Z","volume":1000,"label":" ","price":127},{"type":"A","date":"2018-04-30T05:58:32.000Z","volume":1000,"label":" ","price":127},{"type":"A","date":"2018-04-30T05:58:32.000Z","volume":1000,"label":" ","price":127},{"type":"A","date":"2018-04-30T05:58:32.000Z","volume":1000,"label":" ","price":127},{"type":"A","date":"2018-04-30T05:58:32.000Z","volume":1000,"label":" ","price":127},{"type":"A","date":"2018-04-30T05:58:33.000Z","volume":1000,"label":" ","price":127},{"type":"A","date":"2018-04-30T05:58:33.000Z","volume":1000,"label":" ","price":127},{"type":"A","date":"2018-04-30T05:58:33.000Z","volume":2000,"label":" ","price":127},{"type":"A","date":"2018-04-30T05:58:35.000Z","volume":1000,"label":" ","price":127},{"type":"B","date":"2018-04-30T05:58:53.000Z","volume":1000,"label":" ","price":126.9},{"type":"A","date":"2018-04-30T05:59:02.000Z","volume":1000,"label":" ","price":127},{"type":"A","date":"2018-04-30T05:59:31.000Z","volume":1000,"label":" ","price":127},{"type":"A","date":"2018-04-30T06:00:21.000Z","volume":1000,"label":" ","price":127},{"type":"A","date":"2018-04-30T06:02:17.000Z","volume":1000,"label":" ","price":127},{"type":"A","date":"2018-04-30T06:02:50.000Z","volume":1000,"label":" ","price":127},{"type":"A","date":"2018-04-30T06:03:21.000Z","volume":1000,"label":" ","price":127},{"type":"A","date":"2018-04-30T06:05:31.000Z","volume":1000,"label":" ","price":127},{"type":"A","date":"2018-04-30T06:05:31.000Z","volume":1000,"label":" ","price":127},{"type":"A","date":"2018-04-30T06:07:19.000Z","volume":1000,"label":" ","price":127},{"type":"A","date":"2018-04-30T06:07:20.000Z","volume":1000,"label":" ","price":127},{"type":"B","date":"2018-04-30T06:08:23.000Z","volume":20000,"label":" ","price":126.9},{"type":"B","date":"2018-04-30T06:08:23.000Z","volume":18000,"label":" ","price":126.9},{"type":"B","date":"2018-04-30T06:08:23.000Z","volume":7000,"label":" ","price":126.8},{"type":"B","date":"2018-04-30T06:08:23.000Z","volume":5000,"label":" ","price":126.7},{"type":"U","date":"2018-04-30T06:09:55.000Z","volume":1000,"label":"X","price":126.6},{"type":"A","date":"2018-04-30T06:11:11.000Z","volume":1000,"label":" ","price":126.8},{"type":"B","date":"2018-04-30T06:12:11.000Z","volume":4000,"label":" ","price":126.7},{"type":"U","date":"2018-04-30T06:12:57.000Z","volume":1000,"label":"X","price":126.7},{"type":"U","date":"2018-04-30T06:15:40.000Z","volume":1000,"label":"X","price":126.7},{"type":"B","date":"2018-04-30T06:16:23.000Z","volume":1000,"label":" ","price":126.7},{"type":"A","date":"2018-04-30T06:17:31.000Z","volume":1000,"label":" ","price":126.8},{"type":"B","date":"2018-04-30T06:17:43.000Z","volume":1000,"label":" ","price":126.7},{"type":"B","date":"2018-04-30T06:18:04.000Z","volume":1000,"label":" ","price":126.7},{"type":"A","date":"2018-04-30T06:18:06.000Z","volume":1000,"label":" ","price":126.8},{"type":"U","date":"2018-04-30T06:18:16.000Z","volume":1000,"label":"X","price":126.7},{"type":"A","date":"2018-04-30T06:18:17.000Z","volume":1000,"label":" ","price":126.8},{"type":"A","date":"2018-04-30T06:18:49.000Z","volume":1000,"label":" ","price":126.8},{"type":"B","date":"2018-04-30T06:19:53.000Z","volume":1000,"label":" ","price":126.7},{"type":"A","date":"2018-04-30T06:20:08.000Z","volume":1000,"label":" ","price":126.8},{"type":"U","date":"2018-04-30T06:20:12.000Z","volume":330,"label":"D","price":127},{"type":"B","date":"2018-04-30T06:21:07.000Z","volume":40000,"label":" ","price":126.7},{"type":"B","date":"2018-04-30T06:21:07.000Z","volume":3000,"label":" ","price":126.7},{"type":"B","date":"2018-04-30T06:21:09.000Z","volume":6000,"label":" ","price":126.6},{"type":"B","date":"2018-04-30T06:21:11.000Z","volume":1000,"label":" ","price":126.5},{"type":"U","date":"2018-04-30T06:21:39.000Z","volume":1000,"label":" ","price":126.5},{"type":"B","date":"2018-04-30T06:21:39.000Z","volume":1000,"label":" ","price":126.4},{"type":"A","date":"2018-04-30T06:21:42.000Z","volume":3000,"label":" ","price":126.5},{"type":"A","date":"2018-04-30T06:21:42.000Z","volume":1000,"label":"Y","price":126.5},{"type":"B","date":"2018-04-30T06:25:08.000Z","volume":2000,"label":" ","price":126.4},{"type":"B","date":"2018-04-30T06:25:36.000Z","volume":3000,"label":" ","price":126.4},{"type":"B","date":"2018-04-30T06:25:39.000Z","volume":1000,"label":" ","price":126.4},{"type":"A","date":"2018-04-30T06:26:28.000Z","volume":1000,"label":" ","price":126.5},{"type":"A","date":"2018-04-30T06:26:29.000Z","volume":1000,"label":"Y","price":126.5},{"type":"U","date":"2018-04-30T06:26:33.000Z","volume":330,"label":"D","price":125.4},{"type":"B","date":"2018-04-30T06:28:11.000Z","volume":1000,"label":" ","price":126.4},{"type":"A","date":"2018-04-30T06:28:32.000Z","volume":30000,"label":" ","price":126.5},{"type":"A","date":"2018-04-30T06:28:32.000Z","volume":3000,"label":" ","price":126.5},{"type":"A","date":"2018-04-30T06:28:32.000Z","volume":5000,"label":" ","price":126.6},{"type":"A","date":"2018-04-30T06:28:32.000Z","volume":1000,"label":" ","price":126.6},{"type":"U","date":"2018-04-30T06:28:32.000Z","volume":1000,"label":" ","price":126.6},{"type":"A","date":"2018-04-30T06:28:33.000Z","volume":1000,"label":" ","price":126.7},{"type":"U","date":"2018-04-30T06:28:35.000Z","volume":1000,"label":" ","price":126.7},{"type":"A","date":"2018-04-30T06:28:35.000Z","volume":8000,"label":" ","price":126.8},{"type":"B","date":"2018-04-30T06:28:40.000Z","volume":6000,"label":" ","price":126.6},{"type":"A","date":"2018-04-30T06:28:40.000Z","volume":1000,"label":" ","price":126.7},{"type":"A","date":"2018-04-30T06:29:31.000Z","volume":1000,"label":" ","price":126.7},{"type":"U","date":"2018-04-30T06:32:18.000Z","volume":1000,"label":" ","price":126.6},{"type":"U","date":"2018-04-30T06:33:25.000Z","volume":1000,"label":" ","price":126.6},{"type":"A","date":"2018-04-30T06:33:28.000Z","volume":1000,"label":" ","price":126.6},{"type":"A","date":"2018-04-30T06:33:32.000Z","volume":1000,"label":" ","price":126.6},{"type":"A","date":"2018-04-30T06:33:32.000Z","volume":1000,"label":" ","price":126.6},{"type":"A","date":"2018-04-30T06:33:32.000Z","volume":1000,"label":" ","price":126.6},{"type":"A","date":"2018-04-30T06:33:32.000Z","volume":1000,"label":" ","price":126.6},{"type":"A","date":"2018-04-30T06:33:32.000Z","volume":1000,"label":" ","price":126.6},{"type":"A","date":"2018-04-30T06:33:32.000Z","volume":1000,"label":" ","price":126.6},{"type":"A","date":"2018-04-30T06:33:34.000Z","volume":1000,"label":" ","price":126.6},{"type":"A","date":"2018-04-30T06:33:40.000Z","volume":3000,"label":" ","price":126.6},{"type":"A","date":"2018-04-30T06:35:31.000Z","volume":1000,"label":"Y","price":126.6},{"type":"A","date":"2018-04-30T06:35:31.000Z","volume":1000,"label":"Y","price":126.6},{"type":"A","date":"2018-04-30T06:35:34.000Z","volume":1000,"label":" ","price":126.6},{"type":"A","date":"2018-04-30T06:36:22.000Z","volume":1000,"label":" ","price":126.6},{"type":"A","date":"2018-04-30T06:36:22.000Z","volume":1000,"label":" ","price":126.6},{"type":"B","date":"2018-04-30T06:37:31.000Z","volume":10000,"label":" ","price":126.5},{"type":"B","date":"2018-04-30T06:37:31.000Z","volume":53000,"label":" ","price":126.5},{"type":"B","date":"2018-04-30T06:37:31.000Z","volume":5000,"label":" ","price":126.4},{"type":"A","date":"2018-04-30T06:37:31.000Z","volume":2000,"label":" ","price":126.5},{"type":"A","date":"2018-04-30T06:37:31.000Z","volume":2000,"label":" ","price":126.5},{"type":"A","date":"2018-04-30T06:37:31.000Z","volume":2000,"label":" ","price":126.5},{"type":"A","date":"2018-04-30T06:37:31.000Z","volume":2000,"label":" ","price":126.5},{"type":"A","date":"2018-04-30T06:37:31.000Z","volume":1000,"label":" ","price":126.5},{"type":"A","date":"2018-04-30T06:37:32.000Z","volume":1000,"label":" ","price":126.5},{"type":"A","date":"2018-04-30T06:37:32.000Z","volume":11000,"label":" ","price":126.5},{"type":"A","date":"2018-04-30T06:37:33.000Z","volume":1000,"label":" ","price":126.6},{"type":"A","date":"2018-04-30T06:37:33.000Z","volume":1000,"label":" ","price":126.6},{"type":"A","date":"2018-04-30T06:37:38.000Z","volume":8000,"label":" ","price":126.5},{"type":"A","date":"2018-04-30T06:37:38.000Z","volume":1000,"label":" ","price":126.5},{"type":"A","date":"2018-04-30T06:37:38.000Z","volume":4000,"label":" ","price":126.5},{"type":"A","date":"2018-04-30T06:37:39.000Z","volume":1000,"label":"Y","price":126.6},{"type":"A","date":"2018-04-30T06:37:39.000Z","volume":1000,"label":" ","price":126.6},{"type":"U","date":"2018-04-30T06:38:31.000Z","volume":1000,"label":" ","price":126.5},{"type":"A","date":"2018-04-30T06:38:31.000Z","volume":2000,"label":" ","price":126.5},{"type":"A","date":"2018-04-30T06:38:33.000Z","volume":1000,"label":" ","price":126.6},{"type":"A","date":"2018-04-30T06:39:04.000Z","volume":32000,"label":"Y","price":126.6},{"type":"A","date":"2018-04-30T06:39:04.000Z","volume":28000,"label":" ","price":126.6},{"type":"A","date":"2018-04-30T06:39:04.000Z","volume":1000,"label":" ","price":126.6},{"type":"A","date":"2018-04-30T06:39:04.000Z","volume":1000,"label":" ","price":126.6},{"type":"A","date":"2018-04-30T06:39:04.000Z","volume":1000,"label":"Y","price":126.7},{"type":"A","date":"2018-04-30T06:39:04.000Z","volume":5000,"label":" ","price":126.7},{"type":"A","date":"2018-04-30T06:39:15.000Z","volume":1000,"label":" ","price":126.7},{"type":"A","date":"2018-04-30T06:39:34.000Z","volume":1000,"label":" ","price":126.7},{"type":"A","date":"2018-04-30T06:39:45.000Z","volume":20000,"label":" ","price":126.7},{"type":"B","date":"2018-04-30T06:40:05.000Z","volume":5000,"label":" ","price":126.7},{"type":"B","date":"2018-04-30T06:41:30.000Z","volume":1000,"label":" ","price":126.7},{"type":"U","date":"2018-04-30T06:43:38.000Z","volume":1000,"label":"X","price":126.7},{"type":"U","date":"2018-04-30T06:44:16.000Z","volume":1000,"label":"X","price":126.7},{"type":"A","date":"2018-04-30T06:45:18.000Z","volume":1000,"label":" ","price":126.8},{"type":"A","date":"2018-04-30T06:45:32.000Z","volume":1000,"label":" ","price":126.8},{"type":"A","date":"2018-04-30T06:45:47.000Z","volume":1000,"label":" ","price":126.8},{"type":"A","date":"2018-04-30T06:46:52.000Z","volume":1000,"label":" ","price":126.8},{"type":"A","date":"2018-04-30T06:47:31.000Z","volume":2000,"label":" ","price":126.8},{"type":"A","date":"2018-04-30T06:47:39.000Z","volume":1000,"label":" ","price":126.8},{"type":"B","date":"2018-04-30T06:48:07.000Z","volume":1000,"label":" ","price":126.7},{"type":"A","date":"2018-04-30T06:48:31.000Z","volume":1000,"label":" ","price":126.8},{"type":"B","date":"2018-04-30T06:48:35.000Z","volume":1000,"label":" ","price":126.7},{"type":"U","date":"2018-04-30T06:48:53.000Z","volume":1000,"label":"X","price":126.7},{"type":"B","date":"2018-04-30T06:49:16.000Z","volume":1000,"label":" ","price":126.7},{"type":"A","date":"2018-04-30T06:49:36.000Z","volume":1000,"label":"Y","price":126.8},{"type":"U","date":"2018-04-30T06:49:50.000Z","volume":1000,"label":"X","price":126.7},{"type":"B","date":"2018-04-30T06:50:17.000Z","volume":1000,"label":" ","price":126.7},{"type":"A","date":"2018-04-30T06:50:29.000Z","volume":1000,"label":" ","price":126.8},{"type":"A","date":"2018-04-30T06:50:43.000Z","volume":1000,"label":" ","price":126.8},{"type":"A","date":"2018-04-30T06:50:49.000Z","volume":1000,"label":" ","price":126.8},{"type":"A","date":"2018-04-30T06:50:58.000Z","volume":30000,"label":" ","price":126.8},{"type":"A","date":"2018-04-30T06:50:58.000Z","volume":7000,"label":" ","price":126.9},{"type":"A","date":"2018-04-30T06:51:01.000Z","volume":8000,"label":" ","price":126.9},{"type":"A","date":"2018-04-30T06:51:02.000Z","volume":10000,"label":" ","price":126.9},{"type":"A","date":"2018-04-30T06:51:05.000Z","volume":1000,"label":" ","price":126.9},{"type":"A","date":"2018-04-30T06:51:08.000Z","volume":35000,"label":" ","price":126.9},{"type":"B","date":"2018-04-30T06:51:34.000Z","volume":21000,"label":" ","price":126.9},{"type":"A","date":"2018-04-30T06:51:34.000Z","volume":1000,"label":" ","price":126.9},{"type":"A","date":"2018-04-30T06:51:34.000Z","volume":1000,"label":" ","price":126.9},{"type":"A","date":"2018-04-30T06:51:35.000Z","volume":1000,"label":" ","price":126.9},{"type":"A","date":"2018-04-30T06:51:59.000Z","volume":7000,"label":" ","price":126.9},{"type":"A","date":"2018-04-30T06:51:59.000Z","volume":1000,"label":" ","price":127},{"type":"A","date":"2018-04-30T06:51:59.000Z","volume":4000,"label":" ","price":127},{"type":"A","date":"2018-04-30T06:51:59.000Z","volume":4000,"label":" ","price":127},{"type":"A","date":"2018-04-30T06:53:31.000Z","volume":1000,"label":" ","price":127},{"type":"A","date":"2018-04-30T06:53:55.000Z","volume":1000,"label":" ","price":127},{"type":"A","date":"2018-04-30T06:54:23.000Z","volume":1000,"label":" ","price":127},{"type":"A","date":"2018-04-30T06:54:55.000Z","volume":1000,"label":" ","price":127},{"type":"A","date":"2018-04-30T06:55:03.000Z","volume":2000,"label":" ","price":127},{"type":"A","date":"2018-04-30T06:55:19.000Z","volume":1000,"label":" ","price":127},{"type":"U","date":"2018-04-30T06:55:21.000Z","volume":1000,"label":"X","price":126.9},{"type":"A","date":"2018-04-30T06:55:24.000Z","volume":1000,"label":" ","price":127},{"type":"A","date":"2018-04-30T06:56:00.000Z","volume":1000,"label":" ","price":127},{"type":"A","date":"2018-04-30T06:56:01.000Z","volume":1000,"label":" ","price":127},{"type":"B","date":"2018-04-30T06:56:24.000Z","volume":2000,"label":" ","price":126.9},{"type":"A","date":"2018-04-30T06:56:31.000Z","volume":1000,"label":" ","price":127},{"type":"B","date":"2018-04-30T06:56:49.000Z","volume":10000,"label":" ","price":126.9},{"type":"B","date":"2018-04-30T06:56:49.000Z","volume":34000,"label":" ","price":126.9},{"type":"A","date":"2018-04-30T06:57:19.000Z","volume":1000,"label":" ","price":126.9},{"type":"A","date":"2018-04-30T06:58:43.000Z","volume":1000,"label":" ","price":126.9},{"type":"A","date":"2018-04-30T06:59:15.000Z","volume":1000,"label":"Y","price":126.9},{"type":"U","date":"2018-04-30T06:59:45.000Z","volume":1000,"label":"X","price":126.8},{"type":"B","date":"2018-04-30T06:59:48.000Z","volume":1000,"label":" ","price":126.8},{"type":"A","date":"2018-04-30T06:59:55.000Z","volume":1000,"label":" ","price":126.9},{"type":"A","date":"2018-04-30T07:00:00.000Z","volume":13000,"label":" ","price":126.9},{"type":"B","date":"2018-04-30T07:00:06.000Z","volume":1000,"label":" ","price":126.9},{"type":"A","date":"2018-04-30T07:00:11.000Z","volume":1000,"label":" ","price":127},{"type":"A","date":"2018-04-30T07:00:21.000Z","volume":1000,"label":" ","price":127},{"type":"A","date":"2018-04-30T07:00:23.000Z","volume":1000,"label":"Y","price":127},{"type":"A","date":"2018-04-30T07:00:23.000Z","volume":5000,"label":" ","price":127},{"type":"B","date":"2018-04-30T07:00:34.000Z","volume":10000,"label":" ","price":126.9},{"type":"B","date":"2018-04-30T07:00:34.000Z","volume":3000,"label":" ","price":126.9},{"type":"A","date":"2018-04-30T07:01:06.000Z","volume":1000,"label":" ","price":126.9},{"type":"A","date":"2018-04-30T07:01:06.000Z","volume":3000,"label":" ","price":126.9},{"type":"B","date":"2018-04-30T07:01:36.000Z","volume":1000,"label":" ","price":126.8},{"type":"A","date":"2018-04-30T07:03:41.000Z","volume":24000,"label":" ","price":127},{"type":"A","date":"2018-04-30T07:03:41.000Z","volume":6000,"label":" ","price":127},{"type":"A","date":"2018-04-30T07:03:41.000Z","volume":4000,"label":" ","price":127},{"type":"A","date":"2018-04-30T07:03:41.000Z","volume":6000,"label":" ","price":127},{"type":"A","date":"2018-04-30T07:03:41.000Z","volume":20000,"label":" ","price":127},{"type":"B","date":"2018-04-30T07:03:53.000Z","volume":1000,"label":" ","price":127},{"type":"A","date":"2018-04-30T07:04:16.000Z","volume":5000,"label":" ","price":127.1},{"type":"A","date":"2018-04-30T07:04:16.000Z","volume":4000,"label":" ","price":127.1},{"type":"B","date":"2018-04-30T07:04:19.000Z","volume":1000,"label":" ","price":127.1},{"type":"B","date":"2018-04-30T07:04:27.000Z","volume":6000,"label":" ","price":127.1},{"type":"B","date":"2018-04-30T07:04:27.000Z","volume":10000,"label":" ","price":127.1},{"type":"A","date":"2018-04-30T07:06:03.000Z","volume":1000,"label":" ","price":127.1},{"type":"U","date":"2018-04-30T07:06:16.000Z","volume":1000,"label":"X","price":127},{"type":"A","date":"2018-04-30T07:06:32.000Z","volume":1000,"label":" ","price":127.1},{"type":"A","date":"2018-04-30T07:07:01.000Z","volume":1000,"label":" ","price":127.1},{"type":"A","date":"2018-04-30T07:07:28.000Z","volume":1000,"label":" ","price":127.1},{"type":"A","date":"2018-04-30T07:07:59.000Z","volume":1000,"label":" ","price":127.1},{"type":"A","date":"2018-04-30T07:08:17.000Z","volume":1000,"label":" ","price":127.1},{"type":"A","date":"2018-04-30T07:08:47.000Z","volume":1000,"label":" ","price":127.1},{"type":"U","date":"2018-04-30T07:09:08.000Z","volume":83,"label":"D","price":126.2},{"type":"A","date":"2018-04-30T07:09:13.000Z","volume":1000,"label":" ","price":127.1},{"type":"A","date":"2018-04-30T07:09:13.000Z","volume":1000,"label":"Y","price":127.1},{"type":"A","date":"2018-04-30T07:09:42.000Z","volume":1000,"label":" ","price":127.1},{"type":"A","date":"2018-04-30T07:10:06.000Z","volume":1000,"label":" ","price":127.1},{"type":"A","date":"2018-04-30T07:10:34.000Z","volume":1000,"label":" ","price":127.1},{"type":"A","date":"2018-04-30T07:10:36.000Z","volume":1000,"label":"Y","price":127.1},{"type":"A","date":"2018-04-30T07:10:46.000Z","volume":1000,"label":" ","price":127.1},{"type":"A","date":"2018-04-30T07:10:58.000Z","volume":1000,"label":" ","price":127.1},{"type":"A","date":"2018-04-30T07:10:58.000Z","volume":1000,"label":"Y","price":127.1},{"type":"A","date":"2018-04-30T07:11:24.000Z","volume":1000,"label":" ","price":127.1},{"type":"A","date":"2018-04-30T07:11:31.000Z","volume":1000,"label":"Y","price":127.1},{"type":"A","date":"2018-04-30T07:11:31.000Z","volume":1000,"label":" ","price":127.1},{"type":"A","date":"2018-04-30T07:11:31.000Z","volume":1000,"label":" ","price":127.1},{"type":"B","date":"2018-04-30T07:11:50.000Z","volume":1000,"label":" ","price":127},{"type":"A","date":"2018-04-30T07:11:52.000Z","volume":1000,"label":" ","price":127.1},{"type":"B","date":"2018-04-30T07:12:00.000Z","volume":1000,"label":" ","price":127},{"type":"A","date":"2018-04-30T07:12:01.000Z","volume":1000,"label":" ","price":127.1},{"type":"B","date":"2018-04-30T07:12:16.000Z","volume":1000,"label":" ","price":127},{"type":"A","date":"2018-04-30T07:12:25.000Z","volume":1000,"label":" ","price":127.1},{"type":"B","date":"2018-04-30T07:12:41.000Z","volume":1000,"label":" ","price":127},{"type":"A","date":"2018-04-30T07:12:52.000Z","volume":1000,"label":" ","price":127.1},{"type":"A","date":"2018-04-30T07:13:16.000Z","volume":1000,"label":" ","price":127.1},{"type":"B","date":"2018-04-30T07:13:31.000Z","volume":1000,"label":" ","price":127},{"type":"A","date":"2018-04-30T07:13:31.000Z","volume":1000,"label":"Y","price":127.1},{"type":"A","date":"2018-04-30T07:13:40.000Z","volume":1000,"label":" ","price":127.1},{"type":"U","date":"2018-04-30T07:13:42.000Z","volume":1000,"label":"X","price":127},{"type":"A","date":"2018-04-30T07:14:26.000Z","volume":1000,"label":" ","price":127.1},{"type":"A","date":"2018-04-30T07:14:31.000Z","volume":1000,"label":" ","price":127.1},{"type":"U","date":"2018-04-30T07:14:39.000Z","volume":1000,"label":"X","price":127},{"type":"A","date":"2018-04-30T07:14:51.000Z","volume":1000,"label":" ","price":127.1},{"type":"B","date":"2018-04-30T07:15:09.000Z","volume":1000,"label":" ","price":127},{"type":"A","date":"2018-04-30T07:15:41.000Z","volume":1000,"label":" ","price":127.1},{"type":"A","date":"2018-04-30T07:15:49.000Z","volume":1000,"label":" ","price":127.1},{"type":"A","date":"2018-04-30T07:15:51.000Z","volume":1000,"label":" ","price":127.1},{"type":"B","date":"2018-04-30T07:15:57.000Z","volume":1000,"label":" ","price":127},{"type":"B","date":"2018-04-30T07:16:13.000Z","volume":1000,"label":" ","price":127},{"type":"A","date":"2018-04-30T07:16:28.000Z","volume":1000,"label":" ","price":127.1},{"type":"A","date":"2018-04-30T07:16:52.000Z","volume":1000,"label":" ","price":127.1},{"type":"A","date":"2018-04-30T07:17:13.000Z","volume":1000,"label":" ","price":127.1},{"type":"A","date":"2018-04-30T07:17:17.000Z","volume":1000,"label":"Y","price":127.1},{"type":"A","date":"2018-04-30T07:17:17.000Z","volume":1000,"label":" ","price":127.1},{"type":"A","date":"2018-04-30T07:17:31.000Z","volume":1000,"label":" ","price":127.1},{"type":"A","date":"2018-04-30T07:17:34.000Z","volume":4000,"label":" ","price":127.1},{"type":"A","date":"2018-04-30T07:17:39.000Z","volume":1000,"label":" ","price":127.1},{"type":"A","date":"2018-04-30T07:17:39.000Z","volume":1000,"label":" ","price":127.1},{"type":"A","date":"2018-04-30T07:18:03.000Z","volume":1000,"label":" ","price":127.1},{"type":"A","date":"2018-04-30T07:18:05.000Z","volume":1000,"label":" ","price":127.1},{"type":"A","date":"2018-04-30T07:18:05.000Z","volume":1000,"label":" ","price":127.1},{"type":"A","date":"2018-04-30T07:18:07.000Z","volume":1000,"label":" ","price":127.1},{"type":"A","date":"2018-04-30T07:18:25.000Z","volume":1000,"label":" ","price":127.1},{"type":"A","date":"2018-04-30T07:18:47.000Z","volume":1000,"label":" ","price":127.1},{"type":"B","date":"2018-04-30T07:18:48.000Z","volume":1000,"label":" ","price":127},{"type":"A","date":"2018-04-30T07:18:48.000Z","volume":1000,"label":"Y","price":127.1},{"type":"A","date":"2018-04-30T07:19:09.000Z","volume":1000,"label":" ","price":127.1},{"type":"U","date":"2018-04-30T07:19:28.000Z","volume":1000,"label":"X","price":127},{"type":"A","date":"2018-04-30T07:19:33.000Z","volume":1000,"label":" ","price":127.1},{"type":"A","date":"2018-04-30T07:19:55.000Z","volume":1000,"label":" ","price":127.1},{"type":"U","date":"2018-04-30T07:20:03.000Z","volume":1000,"label":"X","price":127},{"type":"A","date":"2018-04-30T07:20:15.000Z","volume":1000,"label":" ","price":127.1},{"type":"A","date":"2018-04-30T07:20:18.000Z","volume":2000,"label":" ","price":127.1},{"type":"A","date":"2018-04-30T07:20:19.000Z","volume":1000,"label":"Y","price":127.1},{"type":"A","date":"2018-04-30T07:20:32.000Z","volume":1000,"label":" ","price":127.1},{"type":"A","date":"2018-04-30T07:20:37.000Z","volume":1000,"label":"Y","price":127.1},{"type":"A","date":"2018-04-30T07:20:37.000Z","volume":1000,"label":" ","price":127.1},{"type":"A","date":"2018-04-30T07:20:47.000Z","volume":1000,"label":" ","price":127.1},{"type":"B","date":"2018-04-30T07:20:50.000Z","volume":1000,"label":" ","price":127},{"type":"B","date":"2018-04-30T07:21:01.000Z","volume":1000,"label":" ","price":127},{"type":"A","date":"2018-04-30T07:21:01.000Z","volume":1000,"label":" ","price":127.1},{"type":"A","date":"2018-04-30T07:21:03.000Z","volume":1000,"label":"Y","price":127.1},{"type":"A","date":"2018-04-30T07:21:21.000Z","volume":1000,"label":" ","price":127.1},{"type":"B","date":"2018-04-30T07:21:29.000Z","volume":1000,"label":" ","price":127},{"type":"A","date":"2018-04-30T07:21:43.000Z","volume":1000,"label":" ","price":127.1},{"type":"B","date":"2018-04-30T07:21:49.000Z","volume":2000,"label":" ","price":127},{"type":"A","date":"2018-04-30T07:22:03.000Z","volume":1000,"label":" ","price":127.1},{"type":"A","date":"2018-04-30T07:22:03.000Z","volume":1000,"label":" ","price":127.1},{"type":"U","date":"2018-04-30T07:22:23.000Z","volume":1000,"label":"X","price":127},{"type":"U","date":"2018-04-30T07:22:24.000Z","volume":713,"label":"D","price":127.1},{"type":"A","date":"2018-04-30T07:22:26.000Z","volume":1000,"label":" ","price":127.1},{"type":"B","date":"2018-04-30T07:22:32.000Z","volume":1000,"label":" ","price":127},{"type":"A","date":"2018-04-30T07:22:45.000Z","volume":1000,"label":" ","price":127.1},{"type":"U","date":"2018-04-30T07:22:45.000Z","volume":1000,"label":"X","price":127},{"type":"A","date":"2018-04-30T07:22:53.000Z","volume":8000,"label":" ","price":127.1},{"type":"A","date":"2018-04-30T07:22:53.000Z","volume":1000,"label":"Y","price":127.1},{"type":"B","date":"2018-04-30T07:23:08.000Z","volume":1000,"label":" ","price":127},{"type":"A","date":"2018-04-30T07:23:09.000Z","volume":1000,"label":" ","price":127.1},{"type":"A","date":"2018-04-30T07:23:10.000Z","volume":1000,"label":"Y","price":127.1},{"type":"A","date":"2018-04-30T07:23:27.000Z","volume":1000,"label":" ","price":127.1},{"type":"A","date":"2018-04-30T07:23:31.000Z","volume":1000,"label":" ","price":127.1},{"type":"A","date":"2018-04-30T07:23:35.000Z","volume":1000,"label":" ","price":127.1},{"type":"B","date":"2018-04-30T07:23:42.000Z","volume":1000,"label":" ","price":127},{"type":"A","date":"2018-04-30T07:23:49.000Z","volume":1000,"label":" ","price":127.1},{"type":"A","date":"2018-04-30T07:24:09.000Z","volume":1000,"label":"Y","price":127.1},{"type":"A","date":"2018-04-30T07:24:10.000Z","volume":1000,"label":"Y","price":127.1},{"type":"A","date":"2018-04-30T07:24:30.000Z","volume":1000,"label":" ","price":127.1},{"type":"A","date":"2018-04-30T07:24:38.000Z","volume":1000,"label":" ","price":127.1},{"type":"A","date":"2018-04-30T07:24:47.000Z","volume":1000,"label":" ","price":127.1},{"type":"A","date":"2018-04-30T07:24:47.000Z","volume":50000,"label":" ","price":127.1},{"type":"A","date":"2018-04-30T07:24:47.000Z","volume":9000,"label":" ","price":127.1},{"type":"A","date":"2018-04-30T07:24:47.000Z","volume":3000,"label":" ","price":127.1},{"type":"A","date":"2018-04-30T07:24:47.000Z","volume":3000,"label":" ","price":127.1},{"type":"A","date":"2018-04-30T07:24:47.000Z","volume":2000,"label":" ","price":127.1},{"type":"A","date":"2018-04-30T07:24:47.000Z","volume":5000,"label":" ","price":127.2},{"type":"A","date":"2018-04-30T07:25:17.000Z","volume":1000,"label":" ","price":127.2},{"type":"A","date":"2018-04-30T07:25:21.000Z","volume":2000,"label":" ","price":127.2},{"type":"A","date":"2018-04-30T07:25:44.000Z","volume":4000,"label":" ","price":127.2},{"type":"A","date":"2018-04-30T07:25:47.000Z","volume":1000,"label":" ","price":127.2},{"type":"A","date":"2018-04-30T07:25:50.000Z","volume":32000,"label":" ","price":127.2},{"type":"A","date":"2018-04-30T07:26:35.000Z","volume":8000,"label":" ","price":127.3},{"type":"A","date":"2018-04-30T07:26:35.000Z","volume":9000,"label":" ","price":127.3},{"type":"A","date":"2018-04-30T07:26:35.000Z","volume":5000,"label":" ","price":127.3},{"type":"A","date":"2018-04-30T07:26:35.000Z","volume":6000,"label":" ","price":127.3},{"type":"A","date":"2018-04-30T07:26:46.000Z","volume":10000,"label":" ","price":127.4},{"type":"A","date":"2018-04-30T07:26:46.000Z","volume":1000,"label":" ","price":127.4},{"type":"A","date":"2018-04-30T07:26:47.000Z","volume":1000,"label":" ","price":127.4},{"type":"A","date":"2018-04-30T07:26:47.000Z","volume":1000,"label":" ","price":127.4},{"type":"A","date":"2018-04-30T07:26:47.000Z","volume":1000,"label":" ","price":127.4},{"type":"A","date":"2018-04-30T07:26:47.000Z","volume":12000,"label":" ","price":127.5},{"type":"B","date":"2018-04-30T07:26:50.000Z","volume":12000,"label":" ","price":127.4},{"type":"B","date":"2018-04-30T07:26:56.000Z","volume":5000,"label":" ","price":127.3},{"type":"B","date":"2018-04-30T07:27:04.000Z","volume":2000,"label":"Y","price":127.3},{"type":"B","date":"2018-04-30T07:27:04.000Z","volume":1000,"label":" ","price":127.3},{"type":"B","date":"2018-04-30T07:27:04.000Z","volume":3000,"label":" ","price":127.3},{"type":"B","date":"2018-04-30T07:27:19.000Z","volume":2000,"label":" ","price":127.2},{"type":"B","date":"2018-04-30T07:27:54.000Z","volume":20000,"label":" ","price":127.2},{"type":"B","date":"2018-04-30T07:27:54.000Z","volume":9000,"label":" ","price":127.2},{"type":"A","date":"2018-04-30T07:28:06.000Z","volume":14000,"label":" ","price":127.2},{"type":"A","date":"2018-04-30T07:28:07.000Z","volume":1000,"label":" ","price":127.3},{"type":"A","date":"2018-04-30T07:28:07.000Z","volume":1000,"label":" ","price":127.3},{"type":"B","date":"2018-04-30T07:28:09.000Z","volume":10000,"label":" ","price":127.2},{"type":"A","date":"2018-04-30T07:28:09.000Z","volume":1000,"label":" ","price":127.2},{"type":"A","date":"2018-04-30T07:28:11.000Z","volume":10000,"label":" ","price":127.2},{"type":"A","date":"2018-04-30T07:28:11.000Z","volume":2000,"label":" ","price":127.2},{"type":"B","date":"2018-04-30T07:29:23.000Z","volume":1000,"label":" ","price":127.1},{"type":"B","date":"2018-04-30T07:29:30.000Z","volume":10000,"label":" ","price":127.1},{"type":"A","date":"2018-04-30T07:29:31.000Z","volume":1000,"label":" ","price":127.2},{"type":"B","date":"2018-04-30T07:29:55.000Z","volume":20000,"label":" ","price":127.1},{"type":"B","date":"2018-04-30T07:29:55.000Z","volume":2000,"label":" ","price":127.1},{"type":"A","date":"2018-04-30T07:29:59.000Z","volume":3000,"label":"Y","price":127.1},{"type":"A","date":"2018-04-30T07:29:59.000Z","volume":8000,"label":" ","price":127.1},{"type":"A","date":"2018-04-30T07:30:21.000Z","volume":12000,"label":" ","price":127.1},{"type":"B","date":"2018-04-30T07:30:21.000Z","volume":3000,"label":" ","price":127.1},{"type":"B","date":"2018-04-30T07:31:24.000Z","volume":2000,"label":" ","price":127.1},{"type":"A","date":"2018-04-30T07:32:23.000Z","volume":11000,"label":" ","price":127.2},{"type":"A","date":"2018-04-30T07:32:23.000Z","volume":18000,"label":" ","price":127.2},{"type":"A","date":"2018-04-30T07:32:23.000Z","volume":7000,"label":" ","price":127.2},{"type":"A","date":"2018-04-30T07:32:23.000Z","volume":5000,"label":" ","price":127.2},{"type":"A","date":"2018-04-30T07:32:23.000Z","volume":1000,"label":" ","price":127.2},{"type":"U","date":"2018-04-30T07:32:44.000Z","volume":500,"label":"D","price":126.8},{"type":"A","date":"2018-04-30T07:32:52.000Z","volume":1000,"label":" ","price":127.3},{"type":"A","date":"2018-04-30T07:32:58.000Z","volume":1000,"label":" ","price":127.3},{"type":"A","date":"2018-04-30T07:33:08.000Z","volume":1000,"label":" ","price":127.3},{"type":"A","date":"2018-04-30T07:33:10.000Z","volume":10000,"label":" ","price":127.3},{"type":"A","date":"2018-04-30T07:33:20.000Z","volume":1000,"label":" ","price":127.3},{"type":"A","date":"2018-04-30T07:33:33.000Z","volume":1000,"label":" ","price":127.3},{"type":"U","date":"2018-04-30T07:33:34.000Z","volume":1000,"label":"X","price":127.2},{"type":"A","date":"2018-04-30T07:33:43.000Z","volume":20000,"label":" ","price":127.3},{"type":"A","date":"2018-04-30T07:33:44.000Z","volume":1000,"label":" ","price":127.3},{"type":"A","date":"2018-04-30T07:33:44.000Z","volume":10000,"label":" ","price":127.3},{"type":"A","date":"2018-04-30T07:33:44.000Z","volume":6000,"label":" ","price":127.3},{"type":"A","date":"2018-04-30T07:33:46.000Z","volume":1000,"label":"Y","price":127.4},{"type":"A","date":"2018-04-30T07:34:32.000Z","volume":1000,"label":" ","price":127.4},{"type":"A","date":"2018-04-30T07:34:38.000Z","volume":1000,"label":" ","price":127.4},{"type":"A","date":"2018-04-30T07:34:47.000Z","volume":1000,"label":"Y","price":127.4},{"type":"A","date":"2018-04-30T07:34:47.000Z","volume":4000,"label":" ","price":127.4},{"type":"A","date":"2018-04-30T07:34:47.000Z","volume":1000,"label":" ","price":127.4},{"type":"A","date":"2018-04-30T07:34:47.000Z","volume":1000,"label":" ","price":127.4},{"type":"A","date":"2018-04-30T07:34:47.000Z","volume":1000,"label":" ","price":127.4},{"type":"A","date":"2018-04-30T07:34:47.000Z","volume":1000,"label":" ","price":127.4},{"type":"A","date":"2018-04-30T07:34:47.000Z","volume":1000,"label":" ","price":127.4},{"type":"A","date":"2018-04-30T07:34:47.000Z","volume":1000,"label":"Y","price":127.4},{"type":"A","date":"2018-04-30T07:34:49.000Z","volume":2000,"label":" ","price":127.5},{"type":"A","date":"2018-04-30T07:35:13.000Z","volume":2000,"label":"Y","price":127.5},{"type":"A","date":"2018-04-30T07:35:13.000Z","volume":18000,"label":" ","price":127.5},{"type":"A","date":"2018-04-30T07:35:13.000Z","volume":1000,"label":" ","price":127.5},{"type":"U","date":"2018-04-30T07:35:16.000Z","volume":3000,"label":" ","price":127.5},{"type":"A","date":"2018-04-30T07:35:19.000Z","volume":2000,"label":" ","price":127.6},{"type":"A","date":"2018-04-30T07:35:19.000Z","volume":6000,"label":" ","price":127.6},{"type":"A","date":"2018-04-30T07:35:21.000Z","volume":1000,"label":" ","price":127.6},{"type":"B","date":"2018-04-30T07:35:34.000Z","volume":20000,"label":" ","price":127.5},{"type":"B","date":"2018-04-30T07:35:34.000Z","volume":10000,"label":" ","price":127.5},{"type":"B","date":"2018-04-30T07:35:34.000Z","volume":4000,"label":" ","price":127.5},{"type":"B","date":"2018-04-30T07:35:34.000Z","volume":10000,"label":" ","price":127.5},{"type":"B","date":"2018-04-30T07:35:34.000Z","volume":5000,"label":" ","price":127.5},{"type":"A","date":"2018-04-30T07:35:34.000Z","volume":1000,"label":" ","price":127.5},{"type":"A","date":"2018-04-30T07:35:42.000Z","volume":15000,"label":" ","price":127.5},{"type":"A","date":"2018-04-30T07:35:42.000Z","volume":4000,"label":" ","price":127.5},{"type":"B","date":"2018-04-30T07:35:42.000Z","volume":2000,"label":" ","price":127.5},{"type":"A","date":"2018-04-30T07:35:56.000Z","volume":1000,"label":" ","price":127.6},{"type":"A","date":"2018-04-30T07:36:02.000Z","volume":10000,"label":" ","price":127.6},{"type":"A","date":"2018-04-30T07:36:02.000Z","volume":2000,"label":" ","price":127.6},{"type":"B","date":"2018-04-30T07:36:07.000Z","volume":7000,"label":" ","price":127.6},{"type":"B","date":"2018-04-30T07:36:15.000Z","volume":3000,"label":" ","price":127.6},{"type":"B","date":"2018-04-30T07:36:15.000Z","volume":4000,"label":" ","price":127.6},{"type":"B","date":"2018-04-30T07:36:18.000Z","volume":7000,"label":" ","price":127.6},{"type":"B","date":"2018-04-30T07:36:18.000Z","volume":1000,"label":" ","price":127.6},{"type":"B","date":"2018-04-30T07:36:18.000Z","volume":31000,"label":" ","price":127.5},{"type":"A","date":"2018-04-30T07:36:29.000Z","volume":10000,"label":" ","price":127.5},{"type":"A","date":"2018-04-30T07:36:29.000Z","volume":2000,"label":" ","price":127.5},{"type":"A","date":"2018-04-30T07:36:29.000Z","volume":2000,"label":" ","price":127.5},{"type":"B","date":"2018-04-30T07:37:12.000Z","volume":2000,"label":" ","price":127.5},{"type":"B","date":"2018-04-30T07:37:35.000Z","volume":6000,"label":" ","price":127.5},{"type":"B","date":"2018-04-30T07:37:36.000Z","volume":10000,"label":" ","price":127.5},{"type":"B","date":"2018-04-30T07:37:36.000Z","volume":3000,"label":" ","price":127.5},{"type":"B","date":"2018-04-30T07:37:37.000Z","volume":4000,"label":" ","price":127.4},{"type":"B","date":"2018-04-30T07:37:57.000Z","volume":2000,"label":" ","price":127.4},{"type":"B","date":"2018-04-30T07:37:57.000Z","volume":1000,"label":" ","price":127.4},{"type":"B","date":"2018-04-30T07:38:04.000Z","volume":3000,"label":" ","price":127.4},{"type":"A","date":"2018-04-30T07:38:16.000Z","volume":20000,"label":" ","price":127.5},{"type":"A","date":"2018-04-30T07:38:16.000Z","volume":3000,"label":" ","price":127.5}