[{"type":"A","date":"2018-03-21T07:59:18.000Z","volume":10000,"price":76.9,"category":"ubbull"},{"type":"A","date":"2018-03-21T07:59:05.000Z","volume":10000,"price":76.9,"category":"ubbull"},{"type":"A","date":"2018-03-21T07:56:28.000Z","volume":16400,"price":76.85,"category":"ubbull"},{"type":"A","date":"2018-03-21T07:56:01.000Z","volume":12400,"price":76.85,"category":"ubbull"},{"type":"A","date":"2018-03-21T07:55:08.000Z","volume":23200,"price":76.85,"category":"ubbull"},{"type":"A","date":"2018-03-21T07:55:08.000Z","volume":35200,"price":76.85,"category":"ubbull"},{"type":"A","date":"2018-03-21T07:52:55.000Z","volume":10800,"price":76.85,"category":"ubbull"},{"type":"A","date":"2018-03-21T07:49:51.000Z","volume":41200,"price":76.85,"category":"ubbull"},{"type":"A","date":"2018-03-21T07:47:25.000Z","volume":20000,"price":76.95,"category":"ubbull"},{"type":"A","date":"2018-03-21T07:43:01.000Z","volume":10000,"price":77,"category":"ubbull"},{"type":"A","date":"2018-03-21T07:35:29.000Z","volume":18400,"price":77.05,"category":"ubbull"},{"type":"A","date":"2018-03-21T07:33:26.000Z","volume":38400,"price":77.1,"category":"ubbull"},{"type":"A","date":"2018-03-21T07:33:26.000Z","volume":20000,"price":77.1,"category":"ubbull"},{"type":"A","date":"2018-03-21T07:32:42.000Z","volume":48000,"price":77.15,"category":"ubbull"},{"type":"A","date":"2018-03-21T07:32:22.000Z","volume":15200,"price":77.1,"category":"ubbull"},{"type":"A","date":"2018-03-21T07:32:22.000Z","volume":62800,"price":77.1,"category":"ubbull"},{"type":"A","date":"2018-03-21T07:30:18.000Z","volume":76400,"price":77.05,"category":"ubbull"},{"type":"A","date":"2018-03-21T07:30:18.000Z","volume":40000,"price":77.05,"category":"ubbull"},{"type":"A","date":"2018-03-21T07:29:55.000Z","volume":40000,"price":77.05,"category":"ubbull"},{"type":"A","date":"2018-03-21T07:27:52.000Z","volume":16000,"price":77.05,"category":"ubbull"},{"type":"A","date":"2018-03-21T07:27:02.000Z","volume":10000,"price":77.05,"category":"ubbull"},{"type":"A","date":"2018-03-21T07:25:41.000Z","volume":10000,"price":77.05,"category":"ubbull"},{"type":"A","date":"2018-03-21T07:23:11.000Z","volume":9600,"price":77.1,"category":"ubbull"},{"type":"A","date":"2018-03-21T07:15:41.000Z","volume":10400,"price":77.05,"category":"ubbull"},{"type":"A","date":"2018-03-21T07:14:53.000Z","volume":10800,"price":77.05,"category":"ubbull"},{"type":"A","date":"2018-03-21T07:13:11.000Z","volume":60000,"price":77.1,"category":"ubbull"},{"type":"A","date":"2018-03-21T07:11:26.000Z","volume":16000,"price":77.1,"category":"ubbull"},{"type":"A","date":"2018-03-21T07:10:40.000Z","volume":28800,"price":77.05,"category":"ubbull"},{"type":"A","date":"2018-03-21T07:08:40.000Z","volume":10000,"price":77.1,"category":"ubbull"},{"type":"A","date":"2018-03-21T07:03:37.000Z","volume":16000,"price":77.1,"category":"ubbull"},{"type":"A","date":"2018-03-21T07:02:53.000Z","volume":10000,"price":77.1,"category":"ubbull"},{"type":"A","date":"2018-03-21T06:56:09.000Z","volume":10000,"price":77.2,"category":"ubbull"},{"type":"A","date":"2018-03-21T06:51:57.000Z","volume":12000,"price":77.2,"category":"ubbull"},{"type":"A","date":"2018-03-21T06:50:55.000Z","volume":15600,"price":77.2,"category":"ubbull"},{"type":"A","date":"2018-03-21T06:50:13.000Z","volume":10800,"price":77.2,"category":"ubbull"},{"type":"A","date":"2018-03-21T06:50:13.000Z","volume":15200,"price":77.2,"category":"ubbull"},{"type":"A","date":"2018-03-21T06:48:57.000Z","volume":32000,"price":77.2,"category":"ubbull"},{"type":"A","date":"2018-03-21T06:48:55.000Z","volume":9600,"price":77.15,"category":"ubbull"},{"type":"A","date":"2018-03-21T06:48:53.000Z","volume":200000,"price":77.1,"category":"ubbull"},{"type":"A","date":"2018-03-21T06:48:24.000Z","volume":20000,"price":77.1,"category":"ubbull"},{"type":"A","date":"2018-03-21T06:47:38.000Z","volume":14400,"price":77.05,"category":"ubbull"},{"type":"A","date":"2018-03-21T06:46:39.000Z","volume":14000,"price":77.1,"category":"ubbull"},{"type":"A","date":"2018-03-21T06:41:37.000Z","volume":27600,"price":77.15,"category":"ubbull"},{"type":"A","date":"2018-03-21T06:37:51.000Z","volume":18800,"price":77.15,"category":"ubbull"},{"type":"A","date":"2018-03-21T06:37:32.000Z","volume":16800,"price":77.15,"category":"ubbull"},{"type":"A","date":"2018-03-21T06:36:50.000Z","volume":26000,"price":77.15,"category":"ubbull"},{"type":"A","date":"2018-03-21T06:36:42.000Z","volume":11200,"price":77.1,"category":"ubbull"},{"type":"A","date":"2018-03-21T06:35:45.000Z","volume":12000,"price":77.05,"category":"ubbull"},{"type":"A","date":"2018-03-21T06:35:45.000Z","volume":33200,"price":77.05,"category":"ubbull"},{"type":"A","date":"2018-03-21T06:35:26.000Z","volume":12400,"price":77.15,"category":"ubbull"},{"type":"A","date":"2018-03-21T06:32:00.000Z","volume":50000,"price":77.3,"category":"ubbull"},{"type":"A","date":"2018-03-21T06:31:55.000Z","volume":13200,"price":77.3,"category":"ubbull"},{"type":"A","date":"2018-03-21T06:24:36.000Z","volume":24800,"price":77.4,"category":"ubbull"},{"type":"A","date":"2018-03-21T06:24:29.000Z","volume":9600,"price":77.4,"category":"ubbull"},{"type":"A","date":"2018-03-21T06:24:29.000Z","volume":16400,"price":77.4,"category":"ubbull"},{"type":"A","date":"2018-03-21T06:23:34.000Z","volume":20000,"price":77.4,"category":"ubbull"},{"type":"A","date":"2018-03-21T06:21:51.000Z","volume":12800,"price":77.35,"category":"ubbull"},{"type":"A","date":"2018-03-21T06:21:30.000Z","volume":28800,"price":77.35,"category":"ubbull"},{"type":"A","date":"2018-03-21T06:20:42.000Z","volume":50000,"price":77.35,"category":"ubbull"},{"type":"A","date":"2018-03-21T06:20:20.000Z","volume":13200,"price":77.3,"category":"ubbull"},{"type":"A","date":"2018-03-21T06:19:48.000Z","volume":24000,"price":77.25,"category":"ubbull"},{"type":"A","date":"2018-03-21T06:19:09.000Z","volume":46400,"price":77.2,"category":"ubbull"},{"type":"A","date":"2018-03-21T06:19:09.000Z","volume":40800,"price":77.2,"category":"ubbull"},{"type":"A","date":"2018-03-21T06:19:06.000Z","volume":34000,"price":77.2,"category":"ubbull"},{"type":"A","date":"2018-03-21T06:18:18.000Z","volume":13200,"price":77.3,"category":"ubbull"},{"type":"A","date":"2018-03-21T06:18:18.000Z","volume":99200,"price":77.3,"category":"ubbull"},{"type":"A","date":"2018-03-21T06:17:21.000Z","volume":22400,"price":77.3,"category":"ubbull"},{"type":"A","date":"2018-03-21T06:15:11.000Z","volume":40000,"price":77.35,"category":"ubbull"},{"type":"A","date":"2018-03-21T06:14:40.000Z","volume":45600,"price":77.4,"category":"ubbull"},{"type":"A","date":"2018-03-21T06:12:02.000Z","volume":28400,"price":77.5,"category":"ubbull"},{"type":"A","date":"2018-03-21T06:11:43.000Z","volume":12800,"price":77.5,"category":"ubbull"},{"type":"A","date":"2018-03-21T06:11:13.000Z","volume":10000,"price":77.55,"category":"ubbull"},{"type":"A","date":"2018-03-21T06:10:33.000Z","volume":10000,"price":77.55,"category":"ubbull"},{"type":"A","date":"2018-03-21T06:10:24.000Z","volume":43200,"price":77.55,"category":"ubbull"},{"type":"A","date":"2018-03-21T06:08:39.000Z","volume":15200,"price":77.7,"category":"ubbull"},{"type":"A","date":"2018-03-21T06:07:51.000Z","volume":13600,"price":77.75,"category":"ubbull"},{"type":"A","date":"2018-03-21T06:07:47.000Z","volume":12000,"price":77.75,"category":"ubbull"},{"type":"A","date":"2018-03-21T06:07:22.000Z","volume":23200,"price":77.75,"category":"ubbull"},{"type":"A","date":"2018-03-21T06:07:20.000Z","volume":60000,"price":77.75,"category":"ubbull"},{"type":"A","date":"2018-03-21T06:07:00.000Z","volume":20000,"price":77.8,"category":"ubbull"},{"type":"A","date":"2018-03-21T06:05:33.000Z","volume":19200,"price":77.85,"category":"ubbull"},{"type":"A","date":"2018-03-21T06:05:30.000Z","volume":40000,"price":77.85,"category":"ubbull"},{"type":"A","date":"2018-03-21T06:05:28.000Z","volume":12000,"price":77.85,"category":"ubbull"},{"type":"A","date":"2018-03-21T06:05:19.000Z","volume":22800,"price":77.85,"category":"ubbull"},{"type":"A","date":"2018-03-21T06:05:15.000Z","volume":12000,"price":77.85,"category":"ubbull"},{"type":"A","date":"2018-03-21T06:04:36.000Z","volume":16400,"price":77.8,"category":"ubbull"},{"type":"A","date":"2018-03-21T06:04:15.000Z","volume":10000,"price":77.8,"category":"ubbull"},{"type":"A","date":"2018-03-21T06:04:11.000Z","volume":20000,"price":77.8,"category":"ubbull"},{"type":"A","date":"2018-03-21T06:04:10.000Z","volume":20000,"price":77.8,"category":"ubbull"},{"type":"A","date":"2018-03-21T06:04:09.000Z","volume":19600,"price":77.8,"category":"ubbull"},{"type":"A","date":"2018-03-21T06:04:05.000Z","volume":40000,"price":77.8,"category":"ubbull"},{"type":"A","date":"2018-03-21T06:03:39.000Z","volume":13200,"price":77.75,"category":"ubbull"},{"type":"A","date":"2018-03-21T06:03:38.000Z","volume":10000,"price":77.75,"category":"ubbull"},{"type":"A","date":"2018-03-21T06:03:28.000Z","volume":48000,"price":77.7,"category":"ubbull"},{"type":"A","date":"2018-03-21T06:03:28.000Z","volume":34400,"price":77.7,"category":"ubbull"},{"type":"A","date":"2018-03-21T06:03:28.000Z","volume":20000,"price":77.7,"category":"ubbull"},{"type":"A","date":"2018-03-21T06:03:25.000Z","volume":59600,"price":77.7,"category":"ubbull"},{"type":"A","date":"2018-03-21T06:03:24.000Z","volume":20000,"price":77.7,"category":"ubbull"},{"type":"A","date":"2018-03-21T06:03:21.000Z","volume":13200,"price":77.7,"category":"ubbull"},{"type":"A","date":"2018-03-21T06:03:21.000Z","volume":17600,"price":77.7,"category":"ubbull"},{"type":"A","date":"2018-03-21T06:03:08.000Z","volume":19200,"price":77.7,"category":"ubbull"},{"type":"A","date":"2018-03-21T06:02:06.000Z","volume":36000,"price":77.65,"category":"ubbull"},{"type":"A","date":"2018-03-21T06:02:03.000Z","volume":40000,"price":77.65,"category":"ubbull"},{"type":"A","date":"2018-03-21T06:02:02.000Z","volume":20000,"price":77.65,"category":"ubbull"},{"type":"A","date":"2018-03-21T06:01:59.000Z","volume":40000,"price":77.65,"category":"ubbull"},{"type":"A","date":"2018-03-21T06:01:52.000Z","volume":40000,"price":77.65,"category":"ubbull"},{"type":"A","date":"2018-03-21T06:01:39.000Z","volume":30400,"price":77.65,"category":"ubbull"},{"type":"A","date":"2018-03-21T06:00:50.000Z","volume":16000,"price":77.65,"category":"ubbull"},{"type":"A","date":"2018-03-21T06:00:33.000Z","volume":16000,"price":77.65,"category":"ubbull"},{"type":"A","date":"2018-03-21T05:59:45.000Z","volume":27600,"price":77.65,"category":"ubbull"},{"type":"A","date":"2018-03-21T05:59:27.000Z","volume":60000,"price":77.6,"category":"ubbull"},{"type":"A","date":"2018-03-21T05:59:27.000Z","volume":149200,"price":77.6,"category":"ubbull"},{"type":"A","date":"2018-03-21T05:55:09.000Z","volume":50000,"price":77.55,"category":"ubbull"},{"type":"A","date":"2018-03-21T05:55:09.000Z","volume":125200,"price":77.55,"category":"ubbull"},{"type":"A","date":"2018-03-21T05:54:49.000Z","volume":29200,"price":77.5,"category":"ubbull"},{"type":"A","date":"2018-03-21T05:54:49.000Z","volume":36400,"price":77.5,"category":"ubbull"},{"type":"A","date":"2018-03-21T05:54:49.000Z","volume":68000,"price":77.5,"category":"ubbull"},{"type":"A","date":"2018-03-21T05:54:49.000Z","volume":200000,"price":77.5,"category":"ubbull"},{"type":"A","date":"2018-03-21T05:53:00.000Z","volume":10000,"price":77.5,"category":"ubbull"},{"type":"A","date":"2018-03-21T05:52:45.000Z","volume":100000,"price":77.5,"category":"ubbull"},{"type":"A","date":"2018-03-21T05:50:38.000Z","volume":30000,"price":77.5,"category":"ubbull"},{"type":"A","date":"2018-03-21T05:50:03.000Z","volume":18000,"price":77.5,"category":"ubbull"},{"type":"A","date":"2018-03-21T05:49:38.000Z","volume":12000,"price":77.5,"category":"ubbull"},{"type":"A","date":"2018-03-21T05:49:34.000Z","volume":127600,"price":77.5,"category":"ubbull"},{"type":"A","date":"2018-03-21T05:49:34.000Z","volume":40000,"price":77.5,"category":"ubbull"},{"type":"A","date":"2018-03-21T05:49:32.000Z","volume":63200,"price":77.5,"category":"ubbull"},{"type":"A","date":"2018-03-21T05:49:05.000Z","volume":21600,"price":77.5,"category":"ubbull"},{"type":"A","date":"2018-03-21T05:49:05.000Z","volume":110800,"price":77.5,"category":"ubbull"},{"type":"A","date":"2018-03-21T05:48:59.000Z","volume":10000,"price":77.5,"category":"ubbull"},{"type":"A","date":"2018-03-21T05:48:21.000Z","volume":71200,"price":77.5,"category":"ubbull"},{"type":"A","date":"2018-03-21T05:46:27.000Z","volume":45600,"price":77.5,"category":"ubbull"},{"type":"A","date":"2018-03-21T05:44:30.000Z","volume":33600,"price":77.45,"category":"ubbull"},{"type":"A","date":"2018-03-21T05:44:21.000Z","volume":20000,"price":77.45,"category":"ubbull"},{"type":"A","date":"2018-03-21T05:43:21.000Z","volume":10000,"price":77.45,"category":"ubbull"},{"type":"A","date":"2018-03-21T05:41:39.000Z","volume":10800,"price":77.45,"category":"ubbull"},{"type":"A","date":"2018-03-21T05:39:27.000Z","volume":48400,"price":77.45,"category":"ubbull"},{"type":"A","date":"2018-03-21T05:39:27.000Z","volume":11600,"price":77.45,"category":"ubbull"},{"type":"A","date":"2018-03-21T05:39:22.000Z","volume":15200,"price":77.45,"category":"ubbull"},{"type":"A","date":"2018-03-21T05:39:21.000Z","volume":29600,"price":77.45,"category":"ubbull"},{"type":"A","date":"2018-03-21T05:37:58.000Z","volume":33600,"price":77.45,"category":"ubbull"},{"type":"A","date":"2018-03-21T05:37:33.000Z","volume":19200,"price":77.45,"category":"ubbull"},{"type":"A","date":"2018-03-21T05:34:42.000Z","volume":16800,"price":77.45,"category":"ubbull"},{"type":"A","date":"2018-03-21T05:32:20.000Z","volume":46000,"price":77.45,"category":"ubbull"},{"type":"A","date":"2018-03-21T05:26:43.000Z","volume":48400,"price":77.45,"category":"ubbull"},{"type":"A","date":"2018-03-21T05:24:50.000Z","volume":17200,"price":77.4,"category":"ubbull"},{"type":"A","date":"2018-03-21T05:24:13.000Z","volume":16000,"price":77.4,"category":"ubbull"},{"type":"A","date":"2018-03-21T05:11:50.000Z","volume":16800,"price":77.4,"category":"ubbull"},{"type":"A","date":"2018-03-21T05:11:50.000Z","volume":150000,"price":77.4,"category":"ubbull"},{"type":"A","date":"2018-03-21T05:09:03.000Z","volume":47600,"price":77.4,"category":"ubbull"},{"type":"A","date":"2018-03-21T05:03:33.000Z","volume":83200,"price":77.35,"category":"ubbull"},{"type":"A","date":"2018-03-21T05:03:08.000Z","volume":52400,"price":77.3,"category":"ubbull"},{"type":"A","date":"2018-03-21T05:01:10.000Z","volume":27600,"price":77.3,"category":"ubbull"},{"type":"A","date":"2018-03-21T05:01:10.000Z","volume":16000,"price":77.3,"category":"ubbull"},{"type":"A","date":"2018-03-21T05:00:55.000Z","volume":16000,"price":77.3,"category":"ubbull"},{"type":"A","date":"2018-03-21T05:00:01.000Z","volume":13200,"price":77.35,"category":"ubbull"},{"type":"A","date":"2018-03-21T03:57:15.000Z","volume":100000,"price":77.35,"category":"ubbull"},{"type":"A","date":"2018-03-21T03:55:55.000Z","volume":30000,"price":77.35,"category":"ubbull"},{"type":"A","date":"2018-03-21T03:51:05.000Z","volume":25200,"price":77.4,"category":"ubbull"},{"type":"A","date":"2018-03-21T03:51:05.000Z","volume":49200,"price":77.4,"category":"ubbull"},{"type":"A","date":"2018-03-21T03:49:59.000Z","volume":86000,"price":77.35,"category":"ubbull"},{"type":"A","date":"2018-03-21T03:49:58.000Z","volume":10000,"price":77.35,"category":"ubbull"},{"type":"A","date":"2018-03-21T03:47:09.000Z","volume":28400,"price":77.3,"category":"ubbull"},{"type":"A","date":"2018-03-21T03:47:09.000Z","volume":9600,"price":77.3,"category":"ubbull"},{"type":"A","date":"2018-03-21T03:45:22.000Z","volume":46400,"price":77.3,"category":"ubbull"},{"type":"A","date":"2018-03-21T03:40:41.000Z","volume":29600,"price":77.25,"category":"ubbull"},{"type":"A","date":"2018-03-21T03:40:41.000Z","volume":10000,"price":77.25,"category":"ubbull"},{"type":"A","date":"2018-03-21T03:40:23.000Z","volume":20000,"price":77.25,"category":"ubbull"},{"type":"A","date":"2018-03-21T03:37:10.000Z","volume":42000,"price":77.25,"category":"ubbull"},{"type":"A","date":"2018-03-21T03:33:51.000Z","volume":20000,"price":77.25,"category":"ubbull"},{"type":"A","date":"2018-03-21T03:30:51.000Z","volume":12800,"price":77.3,"category":"ubbull"},{"type":"A","date":"2018-03-21T03:30:21.000Z","volume":40000,"price":77.3,"category":"ubbull"},{"type":"A","date":"2018-03-21T03:26:32.000Z","volume":10000,"price":77.25,"category":"ubbull"},{"type":"A","date":"2018-03-21T03:23:23.000Z","volume":13200,"price":77.25,"category":"ubbull"},{"type":"A","date":"2018-03-21T03:23:23.000Z","volume":24800,"price":77.25,"category":"ubbull"},{"type":"A","date":"2018-03-21T03:23:23.000Z","volume":10000,"price":77.25,"category":"ubbull"},{"type":"A","date":"2018-03-21T03:10:25.000Z","volume":24000,"price":77.3,"category":"ubbull"},{"type":"A","date":"2018-03-21T03:08:32.000Z","volume":10000,"price":77.3,"category":"ubbull"},{"type":"A","date":"2018-03-21T03:05:15.000Z","volume":12400,"price":77.3,"category":"ubbull"},{"type":"A","date":"2018-03-21T03:05:15.000Z","volume":72800,"price":77.3,"category":"ubbull"},{"type":"A","date":"2018-03-21T03:03:10.000Z","volume":10000,"price":77.3,"category":"ubbull"},{"type":"A","date":"2018-03-21T03:02:46.000Z","volume":20000,"price":77.3,"category":"ubbull"},{"type":"A","date":"2018-03-21T03:01:06.000Z","volume":28400,"price":77.25,"category":"ubbull"},{"type":"A","date":"2018-03-21T03:01:06.000Z","volume":24800,"price":77.25,"category":"ubbull"},{"type":"A","date":"2018-03-21T02:55:48.000Z","volume":10000,"price":77.25,"category":"ubbull"},{"type":"A","date":"2018-03-21T02:53:25.000Z","volume":39200,"price":77.25,"category":"ubbull"},{"type":"A","date":"2018-03-21T02:40:59.000Z","volume":16000,"price":77.25,"category":"ubbull"},{"type":"A","date":"2018-03-21T02:40:58.000Z","volume":50800,"price":77.25,"category":"ubbull"},{"type":"A","date":"2018-03-21T02:40:10.000Z","volume":23600,"price":77.2,"category":"ubbull"},{"type":"A","date":"2018-03-21T02:40:10.000Z","volume":40000,"price":77.2,"category":"ubbull"},{"type":"A","date":"2018-03-21T02:38:43.000Z","volume":13600,"price":77.15,"category":"ubbull"},{"type":"A","date":"2018-03-21T02:38:43.000Z","volume":43200,"price":77.15,"category":"ubbull"},{"type":"A","date":"2018-03-21T02:32:44.000Z","volume":60000,"price":77.1,"category":"ubbull"},{"type":"A","date":"2018-03-21T02:31:56.000Z","volume":10000,"price":77.2,"category":"ubbull"},{"type":"A","date":"2018-03-21T02:30:21.000Z","volume":20000,"price":77.25,"category":"ubbull"},{"type":"A","date":"2018-03-21T02:30:12.000Z","volume":40000,"price":77.25,"category":"ubbull"},{"type":"A","date":"2018-03-21T02:24:33.000Z","volume":74000,"price":77.25,"category":"ubbull"},{"type":"A","date":"2018-03-21T02:23:32.000Z","volume":10000,"price":77.2,"category":"ubbull"},{"type":"A","date":"2018-03-21T02:22:52.000Z","volume":20000,"price":77.2,"category":"ubbull"},{"type":"A","date":"2018-03-21T02:20:23.000Z","volume":10000,"price":77.2,"category":"ubbull"},{"type":"A","date":"2018-03-21T02:17:54.000Z","volume":12000,"price":77.2,"category":"ubbull"},{"type":"A","date":"2018-03-21T02:14:15.000Z","volume":18400,"price":77.2,"category":"ubbull"},{"type":"A","date":"2018-03-21T02:12:19.000Z","volume":13200,"price":77.2,"category":"ubbull"},{"type":"A","date":"2018-03-21T02:06:40.000Z","volume":30000,"price":77.3,"category":"ubbull"},{"type":"A","date":"2018-03-21T02:05:56.000Z","volume":10000,"price":77.3,"category":"ubbull"},{"type":"A","date":"2018-03-21T02:05:09.000Z","volume":13200,"price":77.25,"category":"ubbull"},{"type":"A","date":"2018-03-21T02:05:09.000Z","volume":13200,"price":77.25,"category":"ubbull"},{"type":"A","date":"2018-03-21T02:05:09.000Z","volume":10000,"price":77.25,"category":"ubbull"},{"type":"A","date":"2018-03-21T02:01:46.000Z","volume":13200,"price":77.25,"category":"ubbull"},{"type":"A","date":"2018-03-21T02:01:03.000Z","volume":10000,"price":77.3,"category":"ubbull"},{"type":"A","date":"2018-03-21T01:57:00.000Z","volume":10000,"price":77.3,"category":"ubbull"},{"type":"A","date":"2018-03-21T01:56:30.000Z","volume":20000,"price":77.3,"category":"ubbull"},{"type":"A","date":"2018-03-21T01:54:51.000Z","volume":18000,"price":77.3,"category":"ubbull"},{"type":"A","date":"2018-03-21T01:54:35.000Z","volume":89600,"price":77.25,"category":"ubbull"},{"type":"A","date":"2018-03-21T01:54:19.000Z","volume":12400,"price":77.25,"category":"ubbull"},{"type":"A","date":"2018-03-21T01:53:22.000Z","volume":13200,"price":77.25,"category":"ubbull"},{"type":"A","date":"2018-03-21T01:50:21.000Z","volume":16000,"price":77.2,"category":"ubbull"},{"type":"A","date":"2018-03-21T01:49:31.000Z","volume":9600,"price":77.2,"category":"ubbull"},{"type":"A","date":"2018-03-21T01:49:31.000Z","volume":40000,"price":77.2,"category":"ubbull"},{"type":"A","date":"2018-03-21T01:49:06.000Z","volume":25200,"price":77.2,"category":"ubbull"},{"type":"A","date":"2018-03-21T01:44:52.000Z","volume":10000,"price":77.2,"category":"ubbull"},{"type":"A","date":"2018-03-21T01:44:41.000Z","volume":20400,"price":77.2,"category":"ubbull"},{"type":"A","date":"2018-03-21T01:42:47.000Z","volume":13600,"price":77.15,"category":"ubbull"},{"type":"A","date":"2018-03-21T01:42:44.000Z","volume":10000,"price":77.15,"category":"ubbull"},{"type":"A","date":"2018-03-21T01:41:34.000Z","volume":14400,"price":77.15,"category":"ubbull"},{"type":"A","date":"2018-03-21T01:41:09.000Z","volume":15200,"price":77.15,"category":"ubbull"},{"type":"A","date":"2018-03-21T01:39:27.000Z","volume":9600,"price":77.15,"category":"ubbull"},{"type":"A","date":"2018-03-21T01:39:27.000Z","volume":10400,"price":77.1,"category":"ubbull"},{"type":"A","date":"2018-03-21T01:35:18.000Z","volume":31200,"price":77.1,"category":"ubbull"},{"type":"A","date":"2018-03-21T01:32:09.000Z","volume":20000,"price":77.1,"category":"ubbull"},{"type":"A","date":"2018-03-21T01:31:02.000Z","volume":41200,"price":77.1,"category":"ubbull"},{"type":"A","date":"2018-03-21T01:31:02.000Z","volume":28400,"price":77.1,"category":"ubbull"},{"type":"A","date":"2018-03-21T01:30:29.000Z","volume":10000,"price":77.05,"category":"ubbull"},{"type":"A","date":"2018-03-21T07:59:38.000Z","volume":8000,"price":76.9,"category":"bbull"},{"type":"A","date":"2018-03-21T07:59:18.000Z","volume":4400,"price":76.9,"category":"bbull"},{"type":"A","date":"2018-03-21T07:56:46.000Z","volume":7200,"price":76.9,"category":"bbull"},{"type":"A","date":"2018-03-21T07:56:44.000Z","volume":5600,"price":76.85,"category":"bbull"},{"type":"A","date":"2018-03-21T07:56:29.000Z","volume":6400,"price":76.85,"category":"bbull"},{"type":"A","date":"2018-03-21T07:56:00.000Z","volume":2800,"price":76.85,"category":"bbull"},{"type":"A","date":"2018-03-21T07:55:59.000Z","volume":3200,"price":76.85,"category":"bbull"},{"type":"A","date":"2018-03-21T07:55:46.000Z","volume":2800,"price":76.85,"category":"bbull"},{"type":"A","date":"2018-03-21T07:55:33.000Z","volume":2800,"price":76.85,"category":"bbull"},{"type":"A","date":"2018-03-21T07:55:28.000Z","volume":2800,"price":76.85,"category":"bbull"},{"type":"A","date":"2018-03-21T07:55:20.000Z","volume":3200,"price":76.85,"category":"bbull"},{"type":"A","date":"2018-03-21T07:55:16.000Z","volume":6800,"price":76.85,"category":"bbull"},{"type":"A","date":"2018-03-21T07:54:54.000Z","volume":2800,"price":76.85,"category":"bbull"},{"type":"A","date":"2018-03-21T07:54:02.000Z","volume":3200,"price":76.9,"category":"bbull"},{"type":"A","date":"2018-03-21T07:53:56.000Z","volume":7600,"price":76.85,"category":"bbull"},{"type":"A","date":"2018-03-21T07:53:47.000Z","volume":2800,"price":76.85,"category":"bbull"},{"type":"A","date":"2018-03-21T07:53:26.000Z","volume":5200,"price":76.9,"category":"bbull"},{"type":"A","date":"2018-03-21T07:51:47.000Z","volume":8000,"price":76.85,"category":"bbull"},{"type":"A","date":"2018-03-21T07:51:30.000Z","volume":4800,"price":76.85,"category":"bbull"},{"type":"A","date":"2018-03-21T07:51:19.000Z","volume":3200,"price":76.85,"category":"bbull"},{"type":"A","date":"2018-03-21T07:41:39.000Z","volume":3200,"price":77,"category":"bbull"},{"type":"A","date":"2018-03-21T07:38:42.000Z","volume":6400,"price":77.05,"category":"bbull"},{"type":"A","date":"2018-03-21T07:14:51.000Z","volume":2800,"price":77.05,"category":"bbull"},{"type":"A","date":"2018-03-21T07:09:29.000Z","volume":5200,"price":77.1,"category":"bbull"},{"type":"A","date":"2018-03-21T07:09:25.000Z","volume":4000,"price":77.1,"category":"bbull"},{"type":"A","date":"2018-03-21T06:57:24.000Z","volume":3200,"price":77.15,"category":"bbull"},{"type":"A","date":"2018-03-21T06:56:42.000Z","volume":4000,"price":77.15,"category":"bbull"},{"type":"A","date":"2018-03-21T06:54:14.000Z","volume":2800,"price":77.25,"category":"bbull"},{"type":"A","date":"2018-03-21T06:54:14.000Z","volume":4000,"price":77.2,"category":"bbull"},{"type":"A","date":"2018-03-21T06:54:13.000Z","volume":4400,"price":77.2,"category":"bbull"},{"type":"A","date":"2018-03-21T06:54:13.000Z","volume":3600,"price":77.2,"category":"bbull"},{"type":"A","date":"2018-03-21T06:54:13.000Z","volume":6000,"price":77.2,"category":"bbull"},{"type":"A","date":"2018-03-21T06:53:19.000Z","volume":4000,"price":77.2,"category":"bbull"},{"type":"A","date":"2018-03-21T06:51:57.000Z","volume":8000,"price":77.2,"category":"bbull"},{"type":"A","date":"2018-03-21T06:51:57.000Z","volume":4800,"price":77.2,"category":"bbull"},{"type":"A","date":"2018-03-21T06:50:55.000Z","volume":3200,"price":77.25,"category":"bbull"},{"type":"A","date":"2018-03-21T06:48:53.000Z","volume":3200,"price":77.1,"category":"bbull"},{"type":"A","date":"2018-03-21T06:48:25.000Z","volume":5200,"price":77.1,"category":"bbull"},{"type":"A","date":"2018-03-21T06:47:57.000Z","volume":4000,"price":77.1,"category":"bbull"},{"type":"A","date":"2018-03-21T06:47:33.000Z","volume":3600,"price":77.05,"category":"bbull"},{"type":"A","date":"2018-03-21T06:46:49.000Z","volume":4400,"price":77.1,"category":"bbull"},{"type":"A","date":"2018-03-21T06:46:39.000Z","volume":6000,"price":77.1,"category":"bbull"},{"type":"A","date":"2018-03-21T06:46:39.000Z","volume":6000,"price":77.1,"category":"bbull"},{"type":"A","date":"2018-03-21T06:46:39.000Z","volume":6000,"price":77.1,"category":"bbull"},{"type":"A","date":"2018-03-21T06:43:14.000Z","volume":5200,"price":77.15,"category":"bbull"},{"type":"A","date":"2018-03-21T06:42:07.000Z","volume":4800,"price":77.15,"category":"bbull"},{"type":"A","date":"2018-03-21T06:38:20.000Z","volume":6400,"price":77.2,"category":"bbull"},{"type":"A","date":"2018-03-21T06:38:20.000Z","volume":3600,"price":77.2,"category":"bbull"},{"type":"A","date":"2018-03-21T06:38:11.000Z","volume":2800,"price":77.2,"category":"bbull"},{"type":"A","date":"2018-03-21T06:37:32.000Z","volume":8400,"price":77.15,"category":"bbull"},{"type":"A","date":"2018-03-21T06:34:40.000Z","volume":4000,"price":77.15,"category":"bbull"},{"type":"A","date":"2018-03-21T06:32:00.000Z","volume":5200,"price":77.3,"category":"bbull"},{"type":"A","date":"2018-03-21T06:30:55.000Z","volume":4400,"price":77.3,"category":"bbull"},{"type":"A","date":"2018-03-21T06:28:45.000Z","volume":7600,"price":77.35,"category":"bbull"},{"type":"A","date":"2018-03-21T06:27:05.000Z","volume":4000,"price":77.4,"category":"bbull"},{"type":"A","date":"2018-03-21T06:22:48.000Z","volume":3600,"price":77.4,"category":"bbull"},{"type":"A","date":"2018-03-21T06:21:51.000Z","volume":6000,"price":77.35,"category":"bbull"},{"type":"A","date":"2018-03-21T06:18:18.000Z","volume":6400,"price":77.3,"category":"bbull"},{"type":"A","date":"2018-03-21T06:18:18.000Z","volume":8400,"price":77.3,"category":"bbull"},{"type":"A","date":"2018-03-21T06:17:16.000Z","volume":6000,"price":77.3,"category":"bbull"},{"type":"A","date":"2018-03-21T06:16:05.000Z","volume":6000,"price":77.35,"category":"bbull"},{"type":"A","date":"2018-03-21T06:12:11.000Z","volume":8000,"price":77.5,"category":"bbull"},{"type":"A","date":"2018-03-21T06:10:03.000Z","volume":4000,"price":77.65,"category":"bbull"},{"type":"A","date":"2018-03-21T06:06:24.000Z","volume":2800,"price":77.8,"category":"bbull"},{"type":"A","date":"2018-03-21T06:06:17.000Z","volume":4400,"price":77.8,"category":"bbull"},{"type":"A","date":"2018-03-21T06:05:22.000Z","volume":4400,"price":77.85,"category":"bbull"},{"type":"A","date":"2018-03-21T06:05:19.000Z","volume":7200,"price":77.85,"category":"bbull"},{"type":"A","date":"2018-03-21T06:04:19.000Z","volume":6000,"price":77.8,"category":"bbull"},{"type":"A","date":"2018-03-21T06:04:19.000Z","volume":4400,"price":77.8,"category":"bbull"},{"type":"A","date":"2018-03-21T06:04:19.000Z","volume":4800,"price":77.8,"category":"bbull"},{"type":"A","date":"2018-03-21T06:04:04.000Z","volume":3200,"price":77.8,"category":"bbull"},{"type":"A","date":"2018-03-21T06:04:03.000Z","volume":4000,"price":77.8,"category":"bbull"},{"type":"A","date":"2018-03-21T06:03:57.000Z","volume":4000,"price":77.8,"category":"bbull"},{"type":"A","date":"2018-03-21T06:03:39.000Z","volume":8800,"price":77.75,"category":"bbull"},{"type":"A","date":"2018-03-21T06:03:39.000Z","volume":8000,"price":77.75,"category":"bbull"},{"type":"A","date":"2018-03-21T06:03:28.000Z","volume":8000,"price":77.7,"category":"bbull"},{"type":"A","date":"2018-03-21T06:03:26.000Z","volume":6000,"price":77.7,"category":"bbull"},{"type":"A","date":"2018-03-21T06:02:54.000Z","volume":3200,"price":77.7,"category":"bbull"},{"type":"A","date":"2018-03-21T06:02:51.000Z","volume":4800,"price":77.7,"category":"bbull"},{"type":"A","date":"2018-03-21T06:02:20.000Z","volume":8000,"price":77.65,"category":"bbull"},{"type":"A","date":"2018-03-21T06:02:05.000Z","volume":4000,"price":77.65,"category":"bbull"},{"type":"A","date":"2018-03-21T06:01:54.000Z","volume":9200,"price":77.65,"category":"bbull"},{"type":"A","date":"2018-03-21T06:00:57.000Z","volume":3600,"price":77.65,"category":"bbull"},{"type":"A","date":"2018-03-21T05:57:32.000Z","volume":3200,"price":77.6,"category":"bbull"},{"type":"A","date":"2018-03-21T05:55:09.000Z","volume":5200,"price":77.55,"category":"bbull"},{"type":"A","date":"2018-03-21T05:54:29.000Z","volume":2800,"price":77.5,"category":"bbull"},{"type":"A","date":"2018-03-21T05:53:43.000Z","volume":8800,"price":77.5,"category":"bbull"},{"type":"A","date":"2018-03-21T05:51:27.000Z","volume":3600,"price":77.5,"category":"bbull"},{"type":"A","date":"2018-03-21T05:50:28.000Z","volume":4800,"price":77.5,"category":"bbull"},{"type":"A","date":"2018-03-21T05:48:26.000Z","volume":2800,"price":77.5,"category":"bbull"},{"type":"A","date":"2018-03-21T05:40:57.000Z","volume":8000,"price":77.45,"category":"bbull"},{"type":"A","date":"2018-03-21T05:40:49.000Z","volume":2800,"price":77.45,"category":"bbull"},{"type":"A","date":"2018-03-21T05:40:39.000Z","volume":4000,"price":77.45,"category":"bbull"},{"type":"A","date":"2018-03-21T05:40:09.000Z","volume":4400,"price":77.45,"category":"bbull"},{"type":"A","date":"2018-03-21T05:40:00.000Z","volume":4400,"price":77.45,"category":"bbull"},{"type":"A","date":"2018-03-21T05:39:40.000Z","volume":2800,"price":77.45,"category":"bbull"},{"type":"A","date":"2018-03-21T05:39:38.000Z","volume":4400,"price":77.45,"category":"bbull"},{"type":"A","date":"2018-03-21T05:39:25.000Z","volume":3600,"price":77.45,"category":"bbull"},{"type":"A","date":"2018-03-21T05:38:02.000Z","volume":7600,"price":77.4,"category":"bbull"},{"type":"A","date":"2018-03-21T05:35:47.000Z","volume":3200,"price":77.45,"category":"bbull"},{"type":"A","date":"2018-03-21T05:35:28.000Z","volume":4800,"price":77.45,"category":"bbull"},{"type":"A","date":"2018-03-21T05:32:24.000Z","volume":3200,"price":77.45,"category":"bbull"},{"type":"A","date":"2018-03-21T05:32:24.000Z","volume":2800,"price":77.45,"category":"bbull"},{"type":"A","date":"2018-03-21T05:29:16.000Z","volume":3600,"price":77.45,"category":"bbull"},{"type":"A","date":"2018-03-21T05:27:26.000Z","volume":3200,"price":77.45,"category":"bbull"},{"type":"A","date":"2018-03-21T05:26:43.000Z","volume":9200,"price":77.45,"category":"bbull"},{"type":"A","date":"2018-03-21T05:26:11.000Z","volume":3200,"price":77.45,"category":"bbull"},{"type":"A","date":"2018-03-21T05:25:04.000Z","volume":6000,"price":77.45,"category":"bbull"},{"type":"A","date":"2018-03-21T05:23:07.000Z","volume":2800,"price":77.4,"category":"bbull"},{"type":"A","date":"2018-03-21T05:21:28.000Z","volume":2800,"price":77.4,"category":"bbull"},{"type":"A","date":"2018-03-21T05:17:44.000Z","volume":2800,"price":77.45,"category":"bbull"},{"type":"A","date":"2018-03-21T05:15:36.000Z","volume":6000,"price":77.4,"category":"bbull"},{"type":"A","date":"2018-03-21T05:14:50.000Z","volume":4400,"price":77.4,"category":"bbull"},{"type":"A","date":"2018-03-21T05:14:14.000Z","volume":3600,"price":77.45,"category":"bbull"},{"type":"A","date":"2018-03-21T05:10:56.000Z","volume":3200,"price":77.4,"category":"bbull"},{"type":"A","date":"2018-03-21T05:07:45.000Z","volume":3200,"price":77.4,"category":"bbull"},{"type":"A","date":"2018-03-21T05:07:20.000Z","volume":3200,"price":77.4,"category":"bbull"},{"type":"A","date":"2018-03-21T05:04:43.000Z","volume":2800,"price":77.4,"category":"bbull"},{"type":"A","date":"2018-03-21T05:03:19.000Z","volume":3200,"price":77.35,"category":"bbull"},{"type":"A","date":"2018-03-21T05:02:47.000Z","volume":4000,"price":77.35,"category":"bbull"},{"type":"A","date":"2018-03-21T05:00:02.000Z","volume":8400,"price":77.3,"category":"bbull"},{"type":"A","date":"2018-03-21T03:59:10.000Z","volume":3600,"price":77.35,"category":"bbull"},{"type":"A","date":"2018-03-21T03:55:56.000Z","volume":8000,"price":77.35,"category":"bbull"},{"type":"A","date":"2018-03-21T03:55:56.000Z","volume":5600,"price":77.35,"category":"bbull"},{"type":"A","date":"2018-03-21T03:49:17.000Z","volume":5600,"price":77.35,"category":"bbull"},{"type":"A","date":"2018-03-21T03:48:51.000Z","volume":6000,"price":77.35,"category":"bbull"},{"type":"A","date":"2018-03-21T03:47:09.000Z","volume":3200,"price":77.3,"category":"bbull"},{"type":"A","date":"2018-03-21T03:46:51.000Z","volume":4000,"price":77.3,"category":"bbull"},{"type":"A","date":"2018-03-21T03:40:24.000Z","volume":6000,"price":77.25,"category":"bbull"},{"type":"A","date":"2018-03-21T03:33:51.000Z","volume":5200,"price":77.25,"category":"bbull"},{"type":"A","date":"2018-03-21T03:33:51.000Z","volume":6800,"price":77.25,"category":"bbull"},{"type":"A","date":"2018-03-21T03:33:02.000Z","volume":4000,"price":77.3,"category":"bbull"},{"type":"A","date":"2018-03-21T03:32:16.000Z","volume":4800,"price":77.3,"category":"bbull"},{"type":"A","date":"2018-03-21T03:32:06.000Z","volume":6000,"price":77.3,"category":"bbull"},{"type":"A","date":"2018-03-21T03:30:05.000Z","volume":3200,"price":77.3,"category":"bbull"},{"type":"A","date":"2018-03-21T03:29:48.000Z","volume":7200,"price":77.3,"category":"bbull"},{"type":"A","date":"2018-03-21T03:23:17.000Z","volume":3200,"price":77.25,"category":"bbull"},{"type":"A","date":"2018-03-21T03:23:14.000Z","volume":5200,"price":77.25,"category":"bbull"},{"type":"A","date":"2018-03-21T03:18:07.000Z","volume":4800,"price":77.25,"category":"bbull"},{"type":"A","date":"2018-03-21T03:13:25.000Z","volume":4000,"price":77.25,"category":"bbull"},{"type":"A","date":"2018-03-21T03:10:42.000Z","volume":2800,"price":77.3,"category":"bbull"},{"type":"A","date":"2018-03-21T03:07:26.000Z","volume":6800,"price":77.3,"category":"bbull"},{"type":"A","date":"2018-03-21T03:06:23.000Z","volume":8000,"price":77.3,"category":"bbull"},{"type":"A","date":"2018-03-21T03:06:12.000Z","volume":2800,"price":77.3,"category":"bbull"},{"type":"A","date":"2018-03-21T03:05:55.000Z","volume":8000,"price":77.35,"category":"bbull"},{"type":"A","date":"2018-03-21T03:02:00.000Z","volume":6800,"price":77.3,"category":"bbull"},{"type":"A","date":"2018-03-21T03:01:06.000Z","volume":5600,"price":77.25,"category":"bbull"},{"type":"A","date":"2018-03-21T03:01:06.000Z","volume":6000,"price":77.25,"category":"bbull"},{"type":"A","date":"2018-03-21T03:00:37.000Z","volume":4000,"price":77.25,"category":"bbull"},{"type":"A","date":"2018-03-21T02:59:56.000Z","volume":8000,"price":77.25,"category":"bbull"},{"type":"A","date":"2018-03-21T02:53:52.000Z","volume":4000,"price":77.25,"category":"bbull"},{"type":"A","date":"2018-03-21T02:50:17.000Z","volume":4000,"price":77.25,"category":"bbull"},{"type":"A","date":"2018-03-21T02:46:58.000Z","volume":6000,"price":77.25,"category":"bbull"},{"type":"A","date":"2018-03-21T02:35:33.000Z","volume":4800,"price":77.15,"category":"bbull"},{"type":"A","date":"2018-03-21T02:32:44.000Z","volume":3200,"price":77.1,"category":"bbull"},{"type":"A","date":"2018-03-21T02:29:40.000Z","volume":3200,"price":77.25,"category":"bbull"},{"type":"A","date":"2018-03-21T02:29:01.000Z","volume":4000,"price":77.25,"category":"bbull"},{"type":"A","date":"2018-03-21T02:28:48.000Z","volume":8000,"price":77.25,"category":"bbull"},{"type":"A","date":"2018-03-21T02:27:26.000Z","volume":4800,"price":77.25,"category":"bbull"},{"type":"A","date":"2018-03-21T02:24:18.000Z","volume":4000,"price":77.25,"category":"bbull"},{"type":"A","date":"2018-03-21T02:24:00.000Z","volume":8800,"price":77.25,"category":"bbull"},{"type":"A","date":"2018-03-21T02:23:37.000Z","volume":6800,"price":77.2,"category":"bbull"},{"type":"A","date":"2018-03-21T02:20:30.000Z","volume":6400,"price":77.2,"category":"bbull"},{"type":"A","date":"2018-03-21T02:19:22.000Z","volume":6000,"price":77.2,"category":"bbull"},{"type":"A","date":"2018-03-21T02:19:13.000Z","volume":5600,"price":77.2,"category":"bbull"},{"type":"A","date":"2018-03-21T02:18:50.000Z","volume":4000,"price":77.2,"category":"bbull"},{"type":"A","date":"2018-03-21T02:16:54.000Z","volume":3600,"price":77.2,"category":"bbull"},{"type":"A","date":"2018-03-21T02:16:45.000Z","volume":5200,"price":77.2,"category":"bbull"},{"type":"A","date":"2018-03-21T02:14:35.000Z","volume":8000,"price":77.2,"category":"bbull"},{"type":"A","date":"2018-03-21T02:14:15.000Z","volume":6400,"price":77.25,"category":"bbull"},{"type":"A","date":"2018-03-21T02:11:05.000Z","volume":4800,"price":77.25,"category":"bbull"},{"type":"A","date":"2018-03-21T02:09:38.000Z","volume":5600,"price":77.25,"category":"bbull"},{"type":"A","date":"2018-03-21T02:08:18.000Z","volume":2800,"price":77.25,"category":"bbull"},{"type":"A","date":"2018-03-21T02:08:00.000Z","volume":5600,"price":77.25,"category":"bbull"},{"type":"A","date":"2018-03-21T02:07:52.000Z","volume":8400,"price":77.25,"category":"bbull"},{"type":"A","date":"2018-03-21T02:07:42.000Z","volume":2800,"price":77.25,"category":"bbull"},{"type":"A","date":"2018-03-21T02:05:10.000Z","volume":2800,"price":77.25,"category":"bbull"},{"type":"A","date":"2018-03-21T01:58:05.000Z","volume":2800,"price":77.3,"category":"bbull"},{"type":"A","date":"2018-03-21T01:57:00.000Z","volume":8400,"price":77.3,"category":"bbull"},{"type":"A","date":"2018-03-21T01:53:22.000Z","volume":8800,"price":77.25,"category":"bbull"},{"type":"A","date":"2018-03-21T01:53:22.000Z","volume":8800,"price":77.25,"category":"bbull"},{"type":"A","date":"2018-03-21T01:53:20.000Z","volume":8800,"price":77.25,"category":"bbull"},{"type":"A","date":"2018-03-21T01:53:20.000Z","volume":8800,"price":77.25,"category":"bbull"},{"type":"A","date":"2018-03-21T01:49:47.000Z","volume":2800,"price":77.2,"category":"bbull"},{"type":"A","date":"2018-03-21T01:44:13.000Z","volume":4000,"price":77.15,"category":"bbull"},{"type":"A","date":"2018-03-21T01:44:13.000Z","volume":4400,"price":77.15,"category":"bbull"},{"type":"A","date":"2018-03-21T01:42:45.000Z","volume":2800,"price":77.15,"category":"bbull"},{"type":"A","date":"2018-03-21T01:41:38.000Z","volume":4800,"price":77.15,"category":"bbull"},{"type":"A","date":"2018-03-21T01:41:34.000Z","volume":5600,"price":77.15,"category":"bbull"},{"type":"A","date":"2018-03-21T01:39:12.000Z","volume":8800,"price":77.15,"category":"bbull"},{"type":"A","date":"2018-03-21T01:38:49.000Z","volume":4000,"price":77.1,"category":"bbull"},{"type":"A","date":"2018-03-21T01:38:41.000Z","volume":4000,"price":77.1,"category":"bbull"},{"type":"A","date":"2018-03-21T01:37:06.000Z","volume":4000,"price":77.15,"category":"bbull"},{"type":"A","date":"2018-03-21T01:36:07.000Z","volume":7600,"price":77.15,"category":"bbull"},{"type":"A","date":"2018-03-21T01:34:43.000Z","volume":9200,"price":77.1,"category":"bbull"},{"type":"A","date":"2018-03-21T01:32:51.000Z","volume":8400,"price":77.1,"category":"bbull"},{"type":"A","date":"2018-03-21T01:31:26.000Z","volume":4800,"price":77.1,"category":"bbull"},{"type":"A","date":"2018-03-21T01:31:14.000Z","volume":6000,"price":77.1,"category":"bbull"},{"type":"A","date":"2018-03-21T01:31:04.000Z","volume":3600,"price":77.1,"category":"bbull"},{"type":"A","date":"2018-03-21T01:31:02.000Z","volume":9200,"price":77.1,"category":"bbull"},{"type":"A","date":"2018-03-21T01:30:40.000Z","volume":3200,"price":77.1,"category":"bbull"},{"type":"A","date":"2018-03-21T01:30:34.000Z","volume":8000,"price":77.05,"category":"bbull"},{"type":"A","date":"2018-03-21T01:30:03.000Z","volume":3200,"price":77.2,"category":"bbull"},{"type":"A","date":"2018-03-21T01:30:03.000Z","volume":4800,"price":77.15,"category":"bbull"},{"type":"A","date":"2018-03-21T01:30:00.000Z","volume":6400,"price":77,"category":"bbull"},{"type":"A","date":"2018-03-21T07:59:52.000Z","volume":400,"price":76.9,"category":"rbull"},{"type":"A","date":"2018-03-21T07:59:33.000Z","volume":400,"price":76.9,"category":"rbull"},{"type":"A","date":"2018-03-21T07:59:32.000Z","volume":400,"price":76.9,"category":"rbull"},{"type":"A","date":"2018-03-21T07:59:32.000Z","volume":400,"price":76.9,"category":"rbull"},{"type":"A","date":"2018-03-21T07:59:31.000Z","volume":400,"price":76.9,"category":"rbull"},{"type":"A","date":"2018-03-21T07:59:29.000Z","volume":400,"price":76.9,"category":"rbull"},{"type":"A","date":"2018-03-21T07:59:10.000Z","volume":400,"price":76.9,"category":"rbull"},{"type":"A","date":"2018-03-21T07:59:07.000Z","volume":400,"price":76.9,"category":"rbull"},{"type":"A","date":"2018-03-21T07:59:07.000Z","volume":400,"price":76.9,"category":"rbull"},{"type":"A","date":"2018-03-21T07:59:01.000Z","volume":400,"price":76.9,"category":"rbull"},{"type":"A","date":"2018-03-21T07:58:52.000Z","volume":400,"price":76.9,"category":"rbull"},{"type":"A","date":"2018-03-21T07:58:51.000Z","volume":400,"price":76.9,"category":"rbull"},{"type":"A","date":"2018-03-21T07:58:51.000Z","volume":400,"price":76.9,"category":"rbull"},{"type":"A","date":"2018-03-21T07:58:49.000Z","volume":400,"price":76.9,"category":"rbull"},{"type":"A","date":"2018-03-21T07:58:47.000Z","volume":400,"price":76.9,"category":"rbull"},{"type":"A","date":"2018-03-21T07:58:46.000Z","volume":400,"price":76.9,"category":"rbull"},{"type":"A","date":"2018-03-21T07:58:37.000Z","volume":400,"price":76.9,"category":"rbull"},{"type":"A","date":"2018-03-21T07:58:37.000Z","volume":400,"price":76.9,"category":"rbull"},{"type":"A","date":"2018-03-21T07:58:17.000Z","volume":400,"price":76.9,"category":"rbull"},{"type":"A","date":"2018-03-21T07:57:48.000Z","volume":400,"price":76.9,"category":"rbull"},{"type":"A","date":"2018-03-21T07:57:25.000Z","volume":400,"price":76.9,"category":"rbull"},{"type":"A","date":"2018-03-21T07:57:22.000Z","volume":400,"price":76.9,"category":"rbull"},{"type":"A","date":"2018-03-21T07:56:44.000Z","volume":400,"price":76.85,"category":"rbull"},{"type":"A","date":"2018-03-21T07:56:22.000Z","volume":400,"price":76.85,"category":"rbull"},{"type":"A","date":"2018-03-21T07:55:34.000Z","volume":400,"price":76.85,"category":"rbull"},{"type":"A","date":"2018-03-21T07:55:33.000Z","volume":400,"price":76.85,"category":"rbull"},{"type":"A","date":"2018-03-21T07:55:28.000Z","volume":400,"price":76.85,"category":"rbull"},{"type":"A","date":"2018-03-21T07:55:17.000Z","volume":400,"price":76.85,"category":"rbull"},{"type":"A","date":"2018-03-21T07:55:08.000Z","volume":400,"price":76.85,"category":"rbull"},{"type":"A","date":"2018-03-21T07:54:48.000Z","volume":400,"price":76.85,"category":"rbull"},{"type":"A","date":"2018-03-21T07:54:40.000Z","volume":400,"price":76.85,"category":"rbull"},{"type":"A","date":"2018-03-21T07:54:33.000Z","volume":400,"price":76.85,"category":"rbull"},{"type":"A","date":"2018-03-21T07:54:21.000Z","volume":400,"price":76.85,"category":"rbull"},{"type":"A","date":"2018-03-21T07:54:20.000Z","volume":400,"price":76.85,"category":"rbull"},{"type":"A","date":"2018-03-21T07:54:02.000Z","volume":400,"price":76.9,"category":"rbull"},{"type":"A","date":"2018-03-21T07:53:56.000Z","volume":400,"price":76.9,"category":"rbull"},{"type":"A","date":"2018-03-21T07:53:56.000Z","volume":400,"price":76.85,"category":"rbull"},{"type":"A","date":"2018-03-21T07:53:54.000Z","volume":400,"price":76.85,"category":"rbull"},{"type":"A","date":"2018-03-21T07:53:39.000Z","volume":400,"price":76.85,"category":"rbull"},{"type":"A","date":"2018-03-21T07:53:00.000Z","volume":400,"price":76.85,"category":"rbull"},{"type":"A","date":"2018-03-21T07:52:53.000Z","volume":400,"price":76.85,"category":"rbull"},{"type":"A","date":"2018-03-21T07:52:44.000Z","volume":400,"price":76.85,"category":"rbull"},{"type":"A","date":"2018-03-21T07:52:36.000Z","volume":400,"price":76.85,"category":"rbull"},{"type":"A","date":"2018-03-21T07:51:45.000Z","volume":400,"price":76.85,"category":"rbull"},{"type":"A","date":"2018-03-21T07:51:37.000Z","volume":400,"price":76.85,"category":"rbull"},{"type":"A","date":"2018-03-21T07:51:19.000Z","volume":400,"price":76.85,"category":"rbull"},{"type":"A","date":"2018-03-21T07:50:35.000Z","volume":400,"price":76.9,"category":"rbull"},{"type":"A","date":"2018-03-21T07:50:16.000Z","volume":400,"price":76.85,"category":"rbull"},{"type":"A","date":"2018-03-21T07:49:48.000Z","volume":400,"price":76.85,"category":"rbull"},{"type":"A","date":"2018-03-21T07:49:37.000Z","volume":400,"price":76.85,"category":"rbull"},{"type":"A","date":"2018-03-21T07:48:36.000Z","volume":400,"price":76.85,"category":"rbull"},{"type":"A","date":"2018-03-21T07:48:36.000Z","volume":400,"price":76.85,"category":"rbull"},{"type":"A","date":"2018-03-21T07:48:32.000Z","volume":400,"price":76.85,"category":"rbull"},{"type":"A","date":"2018-03-21T07:48:29.000Z","volume":400,"price":76.85,"category":"rbull"},{"type":"A","date":"2018-03-21T07:48:20.000Z","volume":400,"price":76.9,"category":"rbull"},{"type":"A","date":"2018-03-21T07:47:49.000Z","volume":400,"price":76.95,"category":"rbull"},{"type":"A","date":"2018-03-21T07:47:44.000Z","volume":400,"price":76.95,"category":"rbull"},{"type":"A","date":"2018-03-21T07:46:57.000Z","volume":400,"price":76.95,"category":"rbull"},{"type":"A","date":"2018-03-21T07:46:41.000Z","volume":400,"price":76.95,"category":"rbull"},{"type":"A","date":"2018-03-21T07:46:17.000Z","volume":400,"price":76.95,"category":"rbull"},{"type":"A","date":"2018-03-21T07:45:18.000Z","volume":400,"price":76.95,"category":"rbull"},{"type":"A","date":"2018-03-21T07:44:52.000Z","volume":400,"price":76.95,"category":"rbull"},{"type":"A","date":"2018-03-21T07:44:33.000Z","volume":400,"price":76.95,"category":"rbull"},{"type":"A","date":"2018-03-21T07:44:10.000Z","volume":400,"price":76.95,"category":"rbull"},{"type":"A","date":"2018-03-21T07:43:45.000Z","volume":400,"price":76.95,"category":"rbull"},{"type":"A","date":"2018-03-21T07:43:37.000Z","volume":400,"price":76.95,"category":"rbull"},{"type":"A","date":"2018-03-21T07:41:41.000Z","volume":400,"price":77,"category":"rbull"},{"type":"A","date":"2018-03-21T07:41:32.000Z","volume":400,"price":77,"category":"rbull"},{"type":"A","date":"2018-03-21T07:39:36.000Z","volume":400,"price":77.05,"category":"rbull"},{"type":"A","date":"2018-03-21T07:38:52.000Z","volume":400,"price":77.05,"category":"rbull"},{"type":"A","date":"2018-03-21T07:38:12.000Z","volume":400,"price":77.1,"category":"rbull"},{"type":"A","date":"2018-03-21T07:37:16.000Z","volume":400,"price":77.1,"category":"rbull"},{"type":"A","date":"2018-03-21T07:36:51.000Z","volume":400,"price":77.1,"category":"rbull"},{"type":"A","date":"2018-03-21T07:36:36.000Z","volume":400,"price":77.1,"category":"rbull"},{"type":"A","date":"2018-03-21T07:36:07.000Z","volume":400,"price":77.1,"category":"rbull"},{"type":"A","date":"2018-03-21T07:35:14.000Z","volume":400,"price":77.1,"category":"rbull"},{"type":"A","date":"2018-03-21T07:34:34.000Z","volume":400,"price":77.1,"category":"rbull"},{"type":"A","date":"2018-03-21T07:33:19.000Z","volume":400,"price":77.1,"category":"rbull"},{"type":"A","date":"2018-03-21T07:33:07.000Z","volume":400,"price":77.1,"category":"rbull"},{"type":"A","date":"2018-03-21T07:32:21.000Z","volume":400,"price":77.1,"category":"rbull"},{"type":"A","date":"2018-03-21T07:31:18.000Z","volume":400,"price":77.1,"category":"rbull"},{"type":"A","date":"2018-03-21T07:30:52.000Z","volume":400,"price":77.1,"category":"rbull"},{"type":"A","date":"2018-03-21T07:30:47.000Z","volume":400,"price":77.1,"category":"rbull"},{"type":"A","date":"2018-03-21T07:30:45.000Z","volume":400,"price":77.1,"category":"rbull"},{"type":"A","date":"2018-03-21T07:30:07.000Z","volume":400,"price":77.05,"category":"rbull"},{"type":"A","date":"2018-03-21T07:30:07.000Z","volume":400,"price":77.05,"category":"rbull"},{"type":"A","date":"2018-03-21T07:30:07.000Z","volume":400,"price":77.05,"category":"rbull"},{"type":"A","date":"2018-03-21T07:30:00.000Z","volume":400,"price":77.05,"category":"rbull"},{"type":"A","date":"2018-03-21T07:29:56.000Z","volume":400,"price":77.05,"category":"rbull"},{"type":"A","date":"2018-03-21T07:29:56.000Z","volume":400,"price":77.05,"category":"rbull"},{"type":"A","date":"2018-03-21T07:29:41.000Z","volume":400,"price":77.05,"category":"rbull"},{"type":"A","date":"2018-03-21T07:29:00.000Z","volume":400,"price":77.05,"category":"rbull"},{"type":"A","date":"2018-03-21T07:28:55.000Z","volume":400,"price":77.05,"category":"rbull"},{"type":"A","date":"2018-03-21T07:28:34.000Z","volume":400,"price":77.05,"category":"rbull"},{"type":"A","date":"2018-03-21T07:27:59.000Z","volume":400,"price":77.05,"category":"rbull"},{"type":"A","date":"2018-03-21T07:27:54.000Z","volume":400,"price":77.05,"category":"rbull"},{"type":"A","date":"2018-03-21T07:27:28.000Z","volume":400,"price":77.05,"category":"rbull"},{"type":"A","date":"2018-03-21T07:26:18.000Z","volume":400,"price":77.05,"category":"rbull"},{"type":"A","date":"2018-03-21T07:25:23.000Z","volume":400,"price":77.05,"category":"rbull"},{"type":"A","date":"2018-03-21T07:24:38.000Z","volume":400,"price":77.05,"category":"rbull"},{"type":"A","date":"2018-03-21T07:23:11.000Z","volume":400,"price":77.1,"category":"rbull"},{"type":"A","date":"2018-03-21T07:23:08.000Z","volume":400,"price":77.1,"category":"rbull"},{"type":"A","date":"2018-03-21T07:19:08.000Z","volume":400,"price":77.1,"category":"rbull"},{"type":"A","date":"2018-03-21T07:18:03.000Z","volume":400,"price":77.1,"category":"rbull"},{"type":"A","date":"2018-03-21T07:17:39.000Z","volume":400,"price":77.1,"category":"rbull"},{"type":"A","date":"2018-03-21T07:13:22.000Z","volume":400,"price":77.1,"category":"rbull"},{"type":"A","date":"2018-03-21T07:11:49.000Z","volume":400,"price":77.1,"category":"rbull"},{"type":"A","date":"2018-03-21T07:10:37.000Z","volume":400,"price":77.05,"category":"rbull"},{"type":"A","date":"2018-03-21T07:10:31.000Z","volume":400,"price":77.05,"category":"rbull"},{"type":"A","date":"2018-03-21T07:09:52.000Z","volume":400,"price":77.05,"category":"rbull"},{"type":"A","date":"2018-03-21T07:08:36.000Z","volume":400,"price":77.1,"category":"rbull"},{"type":"A","date":"2018-03-21T07:08:35.000Z","volume":400,"price":77.1,"category":"rbull"},{"type":"A","date":"2018-03-21T07:02:07.000Z","volume":400,"price":77.1,"category":"rbull"},{"type":"A","date":"2018-03-21T06:59:32.000Z","volume":400,"price":77.15,"category":"rbull"},{"type":"A","date":"2018-03-21T06:57:21.000Z","volume":400,"price":77.15,"category":"rbull"},{"type":"A","date":"2018-03-21T06:56:44.000Z","volume":400,"price":77.15,"category":"rbull"},{"type":"A","date":"2018-03-21T06:56:41.000Z","volume":400,"price":77.15,"category":"rbull"},{"type":"A","date":"2018-03-21T06:56:29.000Z","volume":400,"price":77.2,"category":"rbull"},{"type":"A","date":"2018-03-21T06:55:09.000Z","volume":400,"price":77.25,"category":"rbull"},{"type":"A","date":"2018-03-21T06:54:35.000Z","volume":400,"price":77.25,"category":"rbull"},{"type":"A","date":"2018-03-21T06:54:13.000Z","volume":400,"price":77.2,"category":"rbull"},{"type":"A","date":"2018-03-21T06:53:52.000Z","volume":400,"price":77.2,"category":"rbull"},{"type":"A","date":"2018-03-21T06:53:32.000Z","volume":400,"price":77.2,"category":"rbull"},{"type":"A","date":"2018-03-21T06:51:49.000Z","volume":400,"price":77.2,"category":"rbull"},{"type":"A","date":"2018-03-21T06:50:55.000Z","volume":400,"price":77.2,"category":"rbull"},{"type":"A","date":"2018-03-21T06:50:55.000Z","volume":400,"price":77.2,"category":"rbull"},{"type":"A","date":"2018-03-21T06:50:20.000Z","volume":400,"price":77.2,"category":"rbull"},{"type":"A","date":"2018-03-21T06:47:33.000Z","volume":400,"price":77.1,"category":"rbull"},{"type":"A","date":"2018-03-21T06:47:33.000Z","volume":400,"price":77.05,"category":"rbull"},{"type":"A","date":"2018-03-21T06:47:29.000Z","volume":400,"price":77.1,"category":"rbull"},{"type":"A","date":"2018-03-21T06:43:36.000Z","volume":400,"price":77.15,"category":"rbull"},{"type":"A","date":"2018-03-21T06:41:52.000Z","volume":400,"price":77.15,"category":"rbull"},{"type":"A","date":"2018-03-21T06:39:30.000Z","volume":400,"price":77.15,"category":"rbull"},{"type":"A","date":"2018-03-21T06:39:22.000Z","volume":400,"price":77.15,"category":"rbull"},{"type":"A","date":"2018-03-21T06:37:11.000Z","volume":400,"price":77.15,"category":"rbull"},{"type":"A","date":"2018-03-21T06:36:34.000Z","volume":400,"price":77.1,"category":"rbull"},{"type":"A","date":"2018-03-21T06:32:46.000Z","volume":400,"price":77.3,"category":"rbull"},{"type":"A","date":"2018-03-21T06:32:40.000Z","volume":400,"price":77.3,"category":"rbull"},{"type":"A","date":"2018-03-21T06:30:55.000Z","volume":400,"price":77.25,"category":"rbull"},{"type":"A","date":"2018-03-21T06:27:32.000Z","volume":400,"price":77.4,"category":"rbull"},{"type":"A","date":"2018-03-21T06:27:22.000Z","volume":400,"price":77.4,"category":"rbull"},{"type":"A","date":"2018-03-21T06:26:37.000Z","volume":400,"price":77.4,"category":"rbull"},{"type":"A","date":"2018-03-21T06:25:12.000Z","volume":400,"price":77.4,"category":"rbull"},{"type":"A","date":"2018-03-21T06:24:45.000Z","volume":400,"price":77.4,"category":"rbull"},{"type":"A","date":"2018-03-21T06:24:33.000Z","volume":400,"price":77.4,"category":"rbull"},{"type":"A","date":"2018-03-21T06:22:26.000Z","volume":400,"price":77.4,"category":"rbull"},{"type":"A","date":"2018-03-21T06:21:47.000Z","volume":400,"price":77.35,"category":"rbull"},{"type":"A","date":"2018-03-21T06:20:56.000Z","volume":400,"price":77.35,"category":"rbull"},{"type":"A","date":"2018-03-21T06:20:36.000Z","volume":400,"price":77.35,"category":"rbull"},{"type":"A","date":"2018-03-21T06:20:20.000Z","volume":400,"price":77.3,"category":"rbull"},{"type":"A","date":"2018-03-21T06:19:59.000Z","volume":400,"price":77.3,"category":"rbull"},{"type":"A","date":"2018-03-21T06:19:07.000Z","volume":400,"price":77.2,"category":"rbull"},{"type":"A","date":"2018-03-21T06:19:03.000Z","volume":400,"price":77.2,"category":"rbull"},{"type":"A","date":"2018-03-21T06:18:40.000Z","volume":400,"price":77.3,"category":"rbull"},{"type":"A","date":"2018-03-21T06:18:35.000Z","volume":400,"price":77.2,"category":"rbull"},{"type":"A","date":"2018-03-21T06:15:58.000Z","volume":400,"price":77.35,"category":"rbull"},{"type":"A","date":"2018-03-21T06:14:31.000Z","volume":400,"price":77.4,"category":"rbull"},{"type":"A","date":"2018-03-21T06:14:07.000Z","volume":400,"price":77.45,"category":"rbull"},{"type":"A","date":"2018-03-21T06:13:00.000Z","volume":400,"price":77.5,"category":"rbull"},{"type":"A","date":"2018-03-21T06:12:46.000Z","volume":400,"price":77.5,"category":"rbull"},{"type":"A","date":"2018-03-21T06:12:02.000Z","volume":400,"price":77.5,"category":"rbull"},{"type":"A","date":"2018-03-21T06:11:19.000Z","volume":400,"price":77.55,"category":"rbull"},{"type":"A","date":"2018-03-21T06:11:14.000Z","volume":400,"price":77.55,"category":"rbull"},{"type":"A","date":"2018-03-21T06:11:01.000Z","volume":400,"price":77.55,"category":"rbull"},{"type":"A","date":"2018-03-21T06:09:47.000Z","volume":400,"price":77.65,"category":"rbull"},{"type":"A","date":"2018-03-21T06:09:42.000Z","volume":400,"price":77.65,"category":"rbull"},{"type":"A","date":"2018-03-21T06:07:29.000Z","volume":400,"price":77.75,"category":"rbull"},{"type":"A","date":"2018-03-21T06:06:27.000Z","volume":400,"price":77.8,"category":"rbull"},{"type":"A","date":"2018-03-21T06:06:26.000Z","volume":400,"price":77.8,"category":"rbull"},{"type":"A","date":"2018-03-21T06:06:22.000Z","volume":400,"price":77.8,"category":"rbull"},{"type":"A","date":"2018-03-21T06:06:12.000Z","volume":400,"price":77.85,"category":"rbull"},{"type":"A","date":"2018-03-21T06:05:54.000Z","volume":400,"price":77.85,"category":"rbull"},{"type":"A","date":"2018-03-21T06:05:22.000Z","volume":400,"price":77.85,"category":"rbull"},{"type":"A","date":"2018-03-21T06:04:45.000Z","volume":400,"price":77.85,"category":"rbull"},{"type":"A","date":"2018-03-21T06:04:43.000Z","volume":400,"price":77.85,"category":"rbull"},{"type":"A","date":"2018-03-21T06:04:29.000Z","volume":400,"price":77.8,"category":"rbull"},{"type":"A","date":"2018-03-21T06:04:29.000Z","volume":400,"price":77.8,"category":"rbull"},{"type":"A","date":"2018-03-21T06:04:11.000Z","volume":400,"price":77.8,"category":"rbull"},{"type":"A","date":"2018-03-21T06:04:10.000Z","volume":400,"price":77.8,"category":"rbull"},{"type":"A","date":"2018-03-21T06:04:09.000Z","volume":400,"price":77.8,"category":"rbull"},{"type":"A","date":"2018-03-21T06:03:38.000Z","volume":400,"price":77.75,"category":"rbull"},{"type":"A","date":"2018-03-21T06:03:25.000Z","volume":400,"price":77.7,"category":"rbull"},{"type":"A","date":"2018-03-21T06:03:00.000Z","volume":400,"price":77.7,"category":"rbull"},{"type":"A","date":"2018-03-21T06:02:59.000Z","volume":400,"price":77.7,"category":"rbull"},{"type":"A","date":"2018-03-21T06:02:19.000Z","volume":400,"price":77.65,"category":"rbull"},{"type":"A","date":"2018-03-21T06:02:03.000Z","volume":400,"price":77.65,"category":"rbull"},{"type":"A","date":"2018-03-21T06:02:03.000Z","volume":400,"price":77.65,"category":"rbull"},{"type":"A","date":"2018-03-21T06:02:01.000Z","volume":400,"price":77.65,"category":"rbull"},{"type":"A","date":"2018-03-21T06:00:48.000Z","volume":400,"price":77.65,"category":"rbull"},{"type":"A","date":"2018-03-21T05:59:34.000Z","volume":400,"price":77.65,"category":"rbull"},{"type":"A","date":"2018-03-21T05:59:30.000Z","volume":400,"price":77.65,"category":"rbull"},{"type":"A","date":"2018-03-21T05:59:29.000Z","volume":400,"price":77.65,"category":"rbull"},{"type":"A","date":"2018-03-21T05:59:27.000Z","volume":400,"price":77.6,"category":"rbull"},{"type":"A","date":"2018-03-21T05:59:11.000Z","volume":400,"price":77.6,"category":"rbull"},{"type":"A","date":"2018-03-21T05:58:58.000Z","volume":400,"price":77.6,"category":"rbull"},{"type":"A","date":"2018-03-21T05:58:52.000Z","volume":400,"price":77.6,"category":"rbull"},{"type":"A","date":"2018-03-21T05:58:46.000Z","volume":400,"price":77.6,"category":"rbull"},{"type":"A","date":"2018-03-21T05:58:17.000Z","volume":400,"price":77.6,"category":"rbull"},{"type":"A","date":"2018-03-21T05:56:42.000Z","volume":400,"price":77.6,"category":"rbull"},{"type":"A","date":"2018-03-21T05:55:43.000Z","volume":400,"price":77.6,"category":"rbull"},{"type":"A","date":"2018-03-21T05:55:39.000Z","volume":400,"price":77.6,"category":"rbull"},{"type":"A","date":"2018-03-21T05:55:09.000Z","volume":400,"price":77.55,"category":"rbull"},{"type":"A","date":"2018-03-21T05:54:49.000Z","volume":400,"price":77.5,"category":"rbull"},{"type":"A","date":"2018-03-21T05:54:37.000Z","volume":400,"price":77.5,"category":"rbull"},{"type":"A","date":"2018-03-21T05:54:27.000Z","volume":400,"price":77.5,"category":"rbull"},{"type":"A","date":"2018-03-21T05:54:20.000Z","volume":400,"price":77.5,"category":"rbull"},{"type":"A","date":"2018-03-21T05:53:33.000Z","volume":400,"price":77.5,"category":"rbull"},{"type":"A","date":"2018-03-21T05:53:28.000Z","volume":400,"price":77.5,"category":"rbull"},{"type":"A","date":"2018-03-21T05:53:00.000Z","volume":400,"price":77.5,"category":"rbull"},{"type":"A","date":"2018-03-21T05:52:28.000Z","volume":400,"price":77.5,"category":"rbull"},{"type":"A","date":"2018-03-21T05:52:10.000Z","volume":400,"price":77.5,"category":"rbull"},{"type":"A","date":"2018-03-21T05:51:32.000Z","volume":400,"price":77.5,"category":"rbull"},{"type":"A","date":"2018-03-21T05:51:24.000Z","volume":400,"price":77.5,"category":"rbull"},{"type":"A","date":"2018-03-21T05:50:21.000Z","volume":400,"price":77.5,"category":"rbull"},{"type":"A","date":"2018-03-21T05:49:17.000Z","volume":400,"price":77.5,"category":"rbull"},{"type":"A","date":"2018-03-21T05:48:14.000Z","volume":400,"price":77.5,"category":"rbull"},{"type":"A","date":"2018-03-21T05:47:10.000Z","volume":400,"price":77.5,"category":"rbull"},{"type":"A","date":"2018-03-21T05:41:55.000Z","volume":400,"price":77.45,"category":"rbull"},{"type":"A","date":"2018-03-21T05:41:28.000Z","volume":400,"price":77.5,"category":"rbull"},{"type":"A","date":"2018-03-21T05:41:13.000Z","volume":400,"price":77.45,"category":"rbull"},{"type":"A","date":"2018-03-21T05:39:06.000Z","volume":400,"price":77.45,"category":"rbull"},{"type":"A","date":"2018-03-21T05:37:59.000Z","volume":400,"price":77.4,"category":"rbull"},{"type":"A","date":"2018-03-21T05:37:39.000Z","volume":400,"price":77.45,"category":"rbull"},{"type":"A","date":"2018-03-21T05:37:33.000Z","volume":400,"price":77.45,"category":"rbull"},{"type":"A","date":"2018-03-21T05:36:50.000Z","volume":400,"price":77.45,"category":"rbull"},{"type":"A","date":"2018-03-21T05:36:42.000Z","volume":400,"price":77.45,"category":"rbull"},{"type":"A","date":"2018-03-21T05:34:20.000Z","volume":400,"price":77.45,"category":"rbull"},{"type":"A","date":"2018-03-21T05:34:12.000Z","volume":400,"price":77.45,"category":"rbull"},{"type":"A","date":"2018-03-21T05:34:03.000Z","volume":400,"price":77.45,"category":"rbull"},{"type":"A","date":"2018-03-21T05:31:10.000Z","volume":400,"price":77.45,"category":"rbull"},{"type":"A","date":"2018-03-21T05:30:22.000Z","volume":400,"price":77.45,"category":"rbull"},{"type":"A","date":"2018-03-21T05:29:24.000Z","volume":400,"price":77.45,"category":"rbull"},{"type":"A","date":"2018-03-21T05:27:05.000Z","volume":400,"price":77.45,"category":"rbull"},{"type":"A","date":"2018-03-21T05:24:15.000Z","volume":400,"price":77.4,"category":"rbull"},{"type":"A","date":"2018-03-21T05:20:58.000Z","volume":400,"price":77.4,"category":"rbull"},{"type":"A","date":"2018-03-21T05:18:49.000Z","volume":400,"price":77.45,"category":"rbull"},{"type":"A","date":"2018-03-21T05:15:51.000Z","volume":400,"price":77.45,"category":"rbull"},{"type":"A","date":"2018-03-21T05:15:09.000Z","volume":400,"price":77.4,"category":"rbull"},{"type":"A","date":"2018-03-21T05:15:07.000Z","volume":400,"price":77.4,"category":"rbull"},{"type":"A","date":"2018-03-21T05:14:50.000Z","volume":400,"price":77.4,"category":"rbull"},{"type":"A","date":"2018-03-21T05:13:33.000Z","volume":400,"price":77.45,"category":"rbull"},{"type":"A","date":"2018-03-21T05:13:27.000Z","volume":400,"price":77.45,"category":"rbull"},{"type":"A","date":"2018-03-21T05:10:48.000Z","volume":400,"price":77.4,"category":"rbull"},{"type":"A","date":"2018-03-21T05:04:03.000Z","volume":400,"price":77.4,"category":"rbull"},{"type":"A","date":"2018-03-21T05:03:20.000Z","volume":400,"price":77.35,"category":"rbull"},{"type":"A","date":"2018-03-21T05:01:35.000Z","volume":400,"price":77.35,"category":"rbull"},{"type":"A","date":"2018-03-21T05:00:22.000Z","volume":400,"price":77.3,"category":"rbull"},{"type":"A","date":"2018-03-21T05:00:15.000Z","volume":400,"price":77.3,"category":"rbull"},{"type":"A","date":"2018-03-21T05:00:12.000Z","volume":400,"price":77.3,"category":"rbull"},{"type":"A","date":"2018-03-21T05:00:01.000Z","volume":400,"price":77.35,"category":"rbull"},{"type":"A","date":"2018-03-21T03:59:29.000Z","volume":400,"price":77.35,"category":"rbull"},{"type":"A","date":"2018-03-21T03:59:22.000Z","volume":400,"price":77.35,"category":"rbull"},{"type":"A","date":"2018-03-21T03:55:50.000Z","volume":400,"price":77.35,"category":"rbull"},{"type":"A","date":"2018-03-21T03:53:36.000Z","volume":400,"price":77.4,"category":"rbull"},{"type":"A","date":"2018-03-21T03:49:17.000Z","volume":400,"price":77.35,"category":"rbull"},{"type":"A","date":"2018-03-21T03:48:31.000Z","volume":400,"price":77.35,"category":"rbull"},{"type":"A","date":"2018-03-21T03:43:52.000Z","volume":400,"price":77.3,"category":"rbull"},{"type":"A","date":"2018-03-21T03:40:25.000Z","volume":400,"price":77.25,"category":"rbull"},{"type":"A","date":"2018-03-21T03:38:09.000Z","volume":400,"price":77.25,"category":"rbull"},{"type":"A","date":"2018-03-21T03:38:07.000Z","volume":400,"price":77.25,"category":"rbull"},{"type":"A","date":"2018-03-21T03:36:54.000Z","volume":400,"price":77.25,"category":"rbull"},{"type":"A","date":"2018-03-21T03:36:34.000Z","volume":400,"price":77.3,"category":"rbull"},{"type":"A","date":"2018-03-21T03:34:59.000Z","volume":400,"price":77.3,"category":"rbull"},{"type":"A","date":"2018-03-21T03:33:51.000Z","volume":400,"price":77.25,"category":"rbull"},{"type":"A","date":"2018-03-21T03:31:20.000Z","volume":400,"price":77.3,"category":"rbull"},{"type":"A","date":"2018-03-21T03:30:51.000Z","volume":400,"price":77.3,"category":"rbull"},{"type":"A","date":"2018-03-21T03:30:46.000Z","volume":400,"price":77.3,"category":"rbull"},{"type":"A","date":"2018-03-21T03:30:46.000Z","volume":400,"price":77.3,"category":"rbull"},{"type":"A","date":"2018-03-21T03:30:25.000Z","volume":400,"price":77.3,"category":"rbull"},{"type":"A","date":"2018-03-21T03:30:03.000Z","volume":400,"price":77.3,"category":"rbull"},{"type":"A","date":"2018-03-21T03:29:39.000Z","volume":400,"price":77.3,"category":"rbull"},{"type":"A","date":"2018-03-21T03:26:40.000Z","volume":400,"price":77.3,"category":"rbull"},{"type":"A","date":"2018-03-21T03:24:21.000Z","volume":400,"price":77.25,"category":"rbull"},{"type":"A","date":"2018-03-21T03:23:51.000Z","volume":400,"price":77.25,"category":"rbull"},{"type":"A","date":"2018-03-21T03:23:23.000Z","volume":400,"price":77.25,"category":"rbull"},{"type":"A","date":"2018-03-21T03:23:20.000Z","volume":400,"price":77.25,"category":"rbull"},{"type":"A","date":"2018-03-21T03:23:16.000Z","volume":400,"price":77.25,"category":"rbull"},{"type":"A","date":"2018-03-21T03:22:28.000Z","volume":400,"price":77.25,"category":"rbull"},{"type":"A","date":"2018-03-21T03:20:14.000Z","volume":400,"price":77.25,"category":"rbull"},{"type":"A","date":"2018-03-21T03:16:45.000Z","volume":400,"price":77.25,"category":"rbull"},{"type":"A","date":"2018-03-21T03:16:44.000Z","volume":400,"price":77.25,"category":"rbull"},{"type":"A","date":"2018-03-21T03:16:39.000Z","volume":400,"price":77.25,"category":"rbull"},{"type":"A","date":"2018-03-21T03:16:13.000Z","volume":400,"price":77.25,"category":"rbull"},{"type":"A","date":"2018-03-21T03:14:27.000Z","volume":400,"price":77.25,"category":"rbull"},{"type":"A","date":"2018-03-21T03:14:20.000Z","volume":400,"price":77.25,"category":"rbull"},{"type":"A","date":"2018-03-21T03:13:11.000Z","volume":400,"price":77.25,"category":"rbull"},{"type":"A","date":"2018-03-21T03:10:30.000Z","volume":400,"price":77.3,"category":"rbull"},{"type":"A","date":"2018-03-21T03:09:26.000Z","volume":400,"price":77.3,"category":"rbull"},{"type":"A","date":"2018-03-21T03:07:01.000Z","volume":400,"price":77.3,"category":"rbull"},{"type":"A","date":"2018-03-21T03:07:01.000Z","volume":400,"price":77.3,"category":"rbull"},{"type":"A","date":"2018-03-21T03:06:15.000Z","volume":400,"price":77.3,"category":"rbull"},{"type":"A","date":"2018-03-21T03:04:33.000Z","volume":400,"price":77.3,"category":"rbull"},{"type":"A","date":"2018-03-21T03:01:37.000Z","volume":400,"price":77.3,"category":"rbull"},{"type":"A","date":"2018-03-21T03:01:22.000Z","volume":400,"price":77.3,"category":"rbull"},{"type":"A","date":"2018-03-21T03:01:06.000Z","volume":400,"price":77.3,"category":"rbull"},{"type":"A","date":"2018-03-21T03:00:46.000Z","volume":400,"price":77.25,"category":"rbull"},{"type":"A","date":"2018-03-21T02:57:55.000Z","volume":400,"price":77.25,"category":"rbull"},{"type":"A","date":"2018-03-21T02:50:12.000Z","volume":400,"price":77.25,"category":"rbull"},{"type":"A","date":"2018-03-21T02:48:58.000Z","volume":400,"price":77.25,"category":"rbull"},{"type":"A","date":"2018-03-21T02:47:47.000Z","volume":400,"price":77.25,"category":"rbull"},{"type":"A","date":"2018-03-21T02:47:17.000Z","volume":400,"price":77.25,"category":"rbull"},{"type":"A","date":"2018-03-21T02:43:49.000Z","volume":400,"price":77.25,"category":"rbull"},{"type":"A","date":"2018-03-21T02:42:24.000Z","volume":400,"price":77.25,"category":"rbull"},{"type":"A","date":"2018-03-21T02:41:50.000Z","volume":400,"price":77.25,"category":"rbull"},{"type":"A","date":"2018-03-21T02:41:45.000Z","volume":400,"price":77.25,"category":"rbull"},{"type":"A","date":"2018-03-21T02:39:55.000Z","volume":400,"price":77.2,"category":"rbull"},{"type":"A","date":"2018-03-21T02:36:03.000Z","volume":400,"price":77.15,"category":"rbull"},{"type":"A","date":"2018-03-21T02:31:58.000Z","volume":400,"price":77.2,"category":"rbull"},{"type":"A","date":"2018-03-21T02:31:44.000Z","volume":400,"price":77.2,"category":"rbull"},{"type":"A","date":"2018-03-21T02:30:56.000Z","volume":400,"price":77.2,"category":"rbull"},{"type":"A","date":"2018-03-21T02:30:55.000Z","volume":400,"price":77.2,"category":"rbull"},{"type":"A","date":"2018-03-21T02:30:01.000Z","volume":400,"price":77.25,"category":"rbull"},{"type":"A","date":"2018-03-21T02:29:38.000Z","volume":400,"price":77.25,"category":"rbull"},{"type":"A","date":"2018-03-21T02:28:18.000Z","volume":400,"price":77.25,"category":"rbull"},{"type":"A","date":"2018-03-21T02:27:56.000Z","volume":400,"price":77.25,"category":"rbull"},{"type":"A","date":"2018-03-21T02:27:28.000Z","volume":400,"price":77.25,"category":"rbull"},{"type":"A","date":"2018-03-21T02:27:24.000Z","volume":400,"price":77.25,"category":"rbull"},{"type":"A","date":"2018-03-21T02:26:45.000Z","volume":400,"price":77.25,"category":"rbull"},{"type":"A","date":"2018-03-21T02:24:48.000Z","volume":400,"price":77.3,"category":"rbull"},{"type":"A","date":"2018-03-21T02:24:33.000Z","volume":400,"price":77.25,"category":"rbull"},{"type":"A","date":"2018-03-21T02:24:28.000Z","volume":400,"price":77.25,"category":"rbull"},{"type":"A","date":"2018-03-21T02:24:20.000Z","volume":400,"price":77.25,"category":"rbull"},{"type":"A","date":"2018-03-21T02:24:15.000Z","volume":400,"price":77.25,"category":"rbull"},{"type":"A","date":"2018-03-21T02:23:00.000Z","volume":400,"price":77.2,"category":"rbull"},{"type":"A","date":"2018-03-21T02:22:01.000Z","volume":400,"price":77.25,"category":"rbull"},{"type":"A","date":"2018-03-21T02:21:50.000Z","volume":400,"price":77.2,"category":"rbull"},{"type":"A","date":"2018-03-21T02:21:44.000Z","volume":400,"price":77.2,"category":"rbull"},{"type":"A","date":"2018-03-21T02:20:58.000Z","volume":400,"price":77.25,"category":"rbull"},{"type":"A","date":"2018-03-21T02:20:23.000Z","volume":400,"price":77.2,"category":"rbull"},{"type":"A","date":"2018-03-21T02:20:12.000Z","volume":400,"price":77.2,"category":"rbull"},{"type":"A","date":"2018-03-21T02:19:10.000Z","volume":400,"price":77.2,"category":"rbull"},{"type":"A","date":"2018-03-21T02:19:04.000Z","volume":400,"price":77.2,"category":"rbull"},{"type":"A","date":"2018-03-21T02:18:32.000Z","volume":400,"price":77.2,"category":"rbull"},{"type":"A","date":"2018-03-21T02:18:26.000Z","volume":400,"price":77.2,"category":"rbull"},{"type":"A","date":"2018-03-21T02:18:14.000Z","volume":400,"price":77.2,"category":"rbull"},{"type":"A","date":"2018-03-21T02:18:03.000Z","volume":400,"price":77.2,"category":"rbull"},{"type":"A","date":"2018-03-21T02:17:54.000Z","volume":400,"price":77.2,"category":"rbull"},{"type":"A","date":"2018-03-21T02:16:25.000Z","volume":400,"price":77.2,"category":"rbull"},{"type":"A","date":"2018-03-21T02:16:25.000Z","volume":400,"price":77.2,"category":"rbull"},{"type":"A","date":"2018-03-21T02:15:53.000Z","volume":400,"price":77.2,"category":"rbull"},{"type":"A","date":"2018-03-21T02:15:48.000Z","volume":400,"price":77.2,"category":"rbull"},{"type":"A","date":"2018-03-21T02:15:25.000Z","volume":400,"price":77.2,"category":"rbull"},{"type":"A","date":"2018-03-21T02:15:18.000Z","volume":400,"price":77.2,"category":"rbull"},{"type":"A","date":"2018-03-21T02:14:50.000Z","volume":400,"price":77.2,"category":"rbull"},{"type":"A","date":"2018-03-21T02:13:36.000Z","volume":400,"price":77.2,"category":"rbull"},{"type":"A","date":"2018-03-21T02:13:16.000Z","volume":400,"price":77.2,"category":"rbull"},{"type":"A","date":"2018-03-21T02:13:11.000Z","volume":400,"price":77.2,"category":"rbull"},{"type":"A","date":"2018-03-21T02:13:10.000Z","volume":400,"price":77.2,"category":"rbull"},{"type":"A","date":"2018-03-21T02:12:07.000Z","volume":400,"price":77.2,"category":"rbull"},{"type":"A","date":"2018-03-21T02:11:31.000Z","volume":400,"price":77.25,"category":"rbull"},{"type":"A","date":"2018-03-21T02:09:33.000Z","volume":400,"price":77.25,"category":"rbull"},{"type":"A","date":"2018-03-21T02:08:17.000Z","volume":400,"price":77.25,"category":"rbull"},{"type":"A","date":"2018-03-21T02:07:50.000Z","volume":400,"price":77.25,"category":"rbull"},{"type":"A","date":"2018-03-21T02:04:59.000Z","volume":400,"price":77.25,"category":"rbull"},{"type":"A","date":"2018-03-21T02:04:28.000Z","volume":400,"price":77.25,"category":"rbull"},{"type":"A","date":"2018-03-21T02:04:07.000Z","volume":400,"price":77.25,"category":"rbull"},{"type":"A","date":"2018-03-21T02:03:02.000Z","volume":400,"price":77.25,"category":"rbull"},{"type":"A","date":"2018-03-21T02:02:17.000Z","volume":400,"price":77.25,"category":"rbull"},{"type":"A","date":"2018-03-21T02:01:07.000Z","volume":400,"price":77.3,"category":"rbull"},{"type":"A","date":"2018-03-21T01:58:05.000Z","volume":400,"price":77.3,"category":"rbull"},{"type":"A","date":"2018-03-21T01:58:01.000Z","volume":400,"price":77.3,"category":"rbull"},{"type":"A","date":"2018-03-21T01:57:49.000Z","volume":400,"price":77.3,"category":"rbull"},{"type":"A","date":"2018-03-21T01:57:36.000Z","volume":400,"price":77.3,"category":"rbull"},{"type":"A","date":"2018-03-21T01:57:05.000Z","volume":400,"price":77.35,"category":"rbull"},{"type":"A","date":"2018-03-21T01:56:40.000Z","volume":400,"price":77.3,"category":"rbull"},{"type":"A","date":"2018-03-21T01:56:26.000Z","volume":400,"price":77.3,"category":"rbull"},{"type":"A","date":"2018-03-21T01:56:22.000Z","volume":400,"price":77.3,"category":"rbull"},{"type":"A","date":"2018-03-21T01:55:17.000Z","volume":400,"price":77.3,"category":"rbull"},{"type":"A","date":"2018-03-21T01:53:31.000Z","volume":400,"price":77.3,"category":"rbull"},{"type":"A","date":"2018-03-21T01:52:45.000Z","volume":400,"price":77.25,"category":"rbull"},{"type":"A","date":"2018-03-21T01:52:39.000Z","volume":400,"price":77.25,"category":"rbull"},{"type":"A","date":"2018-03-21T01:49:57.000Z","volume":400,"price":77.2,"category":"rbull"},{"type":"A","date":"2018-03-21T01:49:40.000Z","volume":400,"price":77.2,"category":"rbull"},{"type":"A","date":"2018-03-21T01:49:36.000Z","volume":400,"price":77.2,"category":"rbull"},{"type":"A","date":"2018-03-21T01:49:35.000Z","volume":400,"price":77.2,"category":"rbull"},{"type":"A","date":"2018-03-21T01:49:35.000Z","volume":400,"price":77.2,"category":"rbull"},{"type":"A","date":"2018-03-21T01:49:34.000Z","volume":400,"price":77.2,"category":"rbull"},{"type":"A","date":"2018-03-21T01:49:26.000Z","volume":400,"price":77.2,"category":"rbull"},{"type":"A","date":"2018-03-21T01:48:51.000Z","volume":400,"price":77.2,"category":"rbull"},{"type":"A","date":"2018-03-21T01:47:24.000Z","volume":400,"price":77.2,"category":"rbull"},{"type":"A","date":"2018-03-21T01:47:16.000Z","volume":400,"price":77.2,"category":"rbull"},{"type":"A","date":"2018-03-21T01:47:01.000Z","volume":400,"price":77.2,"category":"rbull"},{"type":"A","date":"2018-03-21T01:46:17.000Z","volume":400,"price":77.2,"category":"rbull"},{"type":"A","date":"2018-03-21T01:45:55.000Z","volume":400,"price":77.2,"category":"rbull"},{"type":"A","date":"2018-03-21T01:44:21.000Z","volume":400,"price":77.2,"category":"rbull"},{"type":"A","date":"2018-03-21T01:42:25.000Z","volume":400,"price":77.15,"category":"rbull"},{"type":"A","date":"2018-03-21T01:42:12.000Z","volume":400,"price":77.15,"category":"rbull"},{"type":"A","date":"2018-03-21T01:42:02.000Z","volume":400,"price":77.15,"category":"rbull"},{"type":"A","date":"2018-03-21T01:41:35.000Z","volume":400,"price":77.15,"category":"rbull"},{"type":"A","date":"2018-03-21T01:41:11.000Z","volume":400,"price":77.15,"category":"rbull"},{"type":"A","date":"2018-03-21T01:41:06.000Z","volume":400,"price":77.15,"category":"rbull"},{"type":"A","date":"2018-03-21T01:40:58.000Z","volume":400,"price":77.15,"category":"rbull"},{"type":"A","date":"2018-03-21T01:40:12.000Z","volume":400,"price":77.15,"category":"rbull"},{"type":"A","date":"2018-03-21T01:39:33.000Z","volume":400,"price":77.15,"category":"rbull"},{"type":"A","date":"2018-03-21T01:38:50.000Z","volume":400,"price":77.1,"category":"rbull"},{"type":"A","date":"2018-03-21T01:38:44.000Z","volume":400,"price":77.1,"category":"rbull"},{"type":"A","date":"2018-03-21T01:38:19.000Z","volume":400,"price":77.1,"category":"rbull"},{"type":"A","date":"2018-03-21T01:37:51.000Z","volume":400,"price":77.1,"category":"rbull"},{"type":"A","date":"2018-03-21T01:37:08.000Z","volume":400,"price":77.15,"category":"rbull"},{"type":"A","date":"2018-03-21T01:35:46.000Z","volume":400,"price":77.15,"category":"rbull"},{"type":"A","date":"2018-03-21T01:33:45.000Z","volume":400,"price":77.1,"category":"rbull"},{"type":"A","date":"2018-03-21T01:33:37.000Z","volume":400,"price":77.1,"category":"rbull"},{"type":"A","date":"2018-03-21T01:33:03.000Z","volume":400,"price":77.1,"category":"rbull"},{"type":"A","date":"2018-03-21T01:32:18.000Z","volume":400,"price":77.1,"category":"rbull"},{"type":"A","date":"2018-03-21T01:31:18.000Z","volume":400,"price":77.1,"category":"rbull"},{"type":"A","date":"2018-03-21T01:31:02.000Z","volume":400,"price":77.1,"category":"rbull"},{"type":"A","date":"2018-03-21T01:31:02.000Z","volume":400,"price":77.1,"category":"rbull"},{"type":"A","date":"2018-03-21T01:30:34.000Z","volume":400,"price":77.05,"category":"rbull"},{"type":"A","date":"2018-03-21T01:30:34.000Z","volume":400,"price":77.05,"category":"rbull"},{"type":"A","date":"2018-03-21T01:30:10.000Z","volume":400,"price":77.1,"category":"rbull"},{"type":"A","date":"2018-03-21T01:30:07.000Z","volume":400,"price":77.2,"category":"rbull"},{"type":"A","date":"2018-03-21T01:30:03.000Z","volume":400,"price":77.1,"category":"rbull"},{"type":"A","date":"2018-03-21T01:30:03.000Z","volume":400,"price":77.2,"category":"rbull"},{"type":"A","date":"2018-03-21T01:30:01.000Z","volume":400,"price":77.1,"category":"rbull"},{"type":"B","date":"2018-03-21T07:59:47.000Z","volume":400,"price":76.85,"category":"rbear"},{"type":"B","date":"2018-03-21T07:59:47.000Z","volume":400,"price":76.85,"category":"rbear"},{"type":"B","date":"2018-03-21T07:59:40.000Z","volume":400,"price":76.85,"category":"rbear"},{"type":"B","date":"2018-03-21T07:58:32.000Z","volume":400,"price":76.85,"category":"rbear"},{"type":"B","date":"2018-03-21T07:57:42.000Z","volume":400,"price":76.85,"category":"rbear"},{"type":"B","date":"2018-03-21T07:57:00.000Z","volume":400,"price":76.85,"category":"rbear"},{"type":"B","date":"2018-03-21T07:55:53.000Z","volume":400,"price":76.8,"category":"rbear"},{"type":"B","date":"2018-03-21T07:55:11.000Z","volume":400,"price":76.8,"category":"rbear"},{"type":"B","date":"2018-03-21T07:54:27.000Z","volume":400,"price":76.8,"category":"rbear"},{"type":"B","date":"2018-03-21T07:53:25.000Z","volume":400,"price":76.85,"category":"rbear"},{"type":"B","date":"2018-03-21T07:49:39.000Z","volume":400,"price":76.8,"category":"rbear"},{"type":"B","date":"2018-03-21T07:49:29.000Z","volume":400,"price":76.8,"category":"rbear"},{"type":"B","date":"2018-03-21T07:49:27.000Z","volume":400,"price":76.8,"category":"rbear"},{"type":"B","date":"2018-03-21T07:46:53.000Z","volume":400,"price":76.9,"category":"rbear"},{"type":"B","date":"2018-03-21T07:45:50.000Z","volume":400,"price":76.9,"category":"rbear"},{"type":"B","date":"2018-03-21T07:43:46.000Z","volume":400,"price":76.9,"category":"rbear"},{"type":"B","date":"2018-03-21T07:43:21.000Z","volume":400,"price":76.95,"category":"rbear"},{"type":"B","date":"2018-03-21T07:43:11.000Z","volume":400,"price":76.95,"category":"rbear"},{"type":"B","date":"2018-03-21T07:42:36.000Z","volume":400,"price":76.95,"category":"rbear"},{"type":"B","date":"2018-03-21T07:42:25.000Z","volume":400,"price":76.95,"category":"rbear"},{"type":"B","date":"2018-03-21T07:42:04.000Z","volume":400,"price":76.95,"category":"rbear"},{"type":"B","date":"2018-03-21T07:40:21.000Z","volume":400,"price":76.95,"category":"rbear"},{"type":"B","date":"2018-03-21T07:39:43.000Z","volume":400,"price":77,"category":"rbear"},{"type":"B","date":"2018-03-21T07:35:39.000Z","volume":400,"price":77.05,"category":"rbear"},{"type":"B","date":"2018-03-21T07:34:24.000Z","volume":400,"price":77.1,"category":"rbear"},{"type":"B","date":"2018-03-21T07:34:00.000Z","volume":400,"price":77.1,"category":"rbear"},{"type":"B","date":"2018-03-21T07:33:17.000Z","volume":400,"price":77.05,"category":"rbear"},{"type":"B","date":"2018-03-21T07:32:31.000Z","volume":400,"price":77.1,"category":"rbear"},{"type":"B","date":"2018-03-21T07:31:34.000Z","volume":400,"price":77,"category":"rbear"},{"type":"B","date":"2018-03-21T07:29:14.000Z","volume":400,"price":77,"category":"rbear"},{"type":"B","date":"2018-03-21T07:29:12.000Z","volume":400,"price":77,"category":"rbear"},{"type":"B","date":"2018-03-21T07:29:00.000Z","volume":400,"price":77,"category":"rbear"},{"type":"B","date":"2018-03-21T07:28:02.000Z","volume":400,"price":77,"category":"rbear"},{"type":"B","date":"2018-03-21T07:27:31.000Z","volume":400,"price":77,"category":"rbear"},{"type":"B","date":"2018-03-21T07:25:49.000Z","volume":400,"price":77,"category":"rbear"},{"type":"B","date":"2018-03-21T07:25:46.000Z","volume":400,"price":77,"category":"rbear"},{"type":"B","date":"2018-03-21T07:25:28.000Z","volume":400,"price":77,"category":"rbear"},{"type":"B","date":"2018-03-21T07:24:14.000Z","volume":400,"price":77,"category":"rbear"},{"type":"B","date":"2018-03-21T07:23:26.000Z","volume":400,"price":77.05,"category":"rbear"},{"type":"B","date":"2018-03-21T07:22:54.000Z","volume":400,"price":77.05,"category":"rbear"},{"type":"B","date":"2018-03-21T07:22:37.000Z","volume":400,"price":77.05,"category":"rbear"},{"type":"B","date":"2018-03-21T07:22:32.000Z","volume":400,"price":77.05,"category":"rbear"},{"type":"B","date":"2018-03-21T07:21:29.000Z","volume":400,"price":77.05,"category":"rbear"},{"type":"B","date":"2018-03-21T07:19:22.000Z","volume":400,"price":77.05,"category":"rbear"},{"type":"B","date":"2018-03-21T07:19:09.000Z","volume":400,"price":77.05,"category":"rbear"},{"type":"B","date":"2018-03-21T07:18:08.000Z","volume":400,"price":77.05,"category":"rbear"},{"type":"B","date":"2018-03-21T07:17:11.000Z","volume":400,"price":77.05,"category":"rbear"},{"type":"B","date":"2018-03-21T07:17:06.000Z","volume":400,"price":77.05,"category":"rbear"},{"type":"B","date":"2018-03-21T07:17:03.000Z","volume":400,"price":77.05,"category":"rbear"},{"type":"B","date":"2018-03-21T07:15:25.000Z","volume":400,"price":77.05,"category":"rbear"},{"type":"B","date":"2018-03-21T07:15:18.000Z","volume":400,"price":77.05,"category":"rbear"},{"type":"B","date":"2018-03-21T07:15:09.000Z","volume":400,"price":77.05,"category":"rbear"},{"type":"B","date":"2018-03-21T07:13:13.000Z","volume":400,"price":77.05,"category":"rbear"},{"type":"B","date":"2018-03-21T07:11:14.000Z","volume":400,"price":77.05,"category":"rbear"},{"type":"B","date":"2018-03-21T07:10:55.000Z","volume":400,"price":77.05,"category":"rbear"},{"type":"B","date":"2018-03-21T07:09:36.000Z","volume":400,"price":77.05,"category":"rbear"},{"type":"B","date":"2018-03-21T07:07:11.000Z","volume":400,"price":77.1,"category":"rbear"},{"type":"B","date":"2018-03-21T07:07:06.000Z","volume":400,"price":77.1,"category":"rbear"},{"type":"B","date":"2018-03-21T07:04:24.000Z","volume":400,"price":77.1,"category":"rbear"},{"type":"B","date":"2018-03-21T07:04:12.000Z","volume":400,"price":77.1,"category":"rbear"},{"type":"B","date":"2018-03-21T07:04:06.000Z","volume":400,"price":77.1,"category":"rbear"},{"type":"B","date":"2018-03-21T07:03:06.000Z","volume":400,"price":77.1,"category":"rbear"},{"type":"B","date":"2018-03-21T07:02:21.000Z","volume":400,"price":77.05,"category":"rbear"},{"type":"B","date":"2018-03-21T06:59:14.000Z","volume":400,"price":77.1,"category":"rbear"},{"type":"B","date":"2018-03-21T06:59:02.000Z","volume":400,"price":77.1,"category":"rbear"},{"type":"B","date":"2018-03-21T06:59:01.000Z","volume":400,"price":77.1,"category":"rbear"},{"type":"B","date":"2018-03-21T06:58:04.000Z","volume":400,"price":77.1,"category":"rbear"},{"type":"B","date":"2018-03-21T06:57:54.000Z","volume":400,"price":77.1,"category":"rbear"},{"type":"B","date":"2018-03-21T06:56:53.000Z","volume":400,"price":77.1,"category":"rbear"},{"type":"B","date":"2018-03-21T06:55:52.000Z","volume":400,"price":77.15,"category":"rbear"},{"type":"B","date":"2018-03-21T06:55:33.000Z","volume":400,"price":77.2,"category":"rbear"},{"type":"B","date":"2018-03-21T06:55:12.000Z","volume":400,"price":77.2,"category":"rbear"},{"type":"B","date":"2018-03-21T06:54:51.000Z","volume":400,"price":77.2,"category":"rbear"},{"type":"B","date":"2018-03-21T06:54:05.000Z","volume":400,"price":77.15,"category":"rbear"},{"type":"B","date":"2018-03-21T06:53:49.000Z","volume":400,"price":77.15,"category":"rbear"},{"type":"B","date":"2018-03-21T06:53:01.000Z","volume":400,"price":77.15,"category":"rbear"},{"type":"B","date":"2018-03-21T06:52:59.000Z","volume":400,"price":77.15,"category":"rbear"},{"type":"B","date":"2018-03-21T06:52:49.000Z","volume":400,"price":77.15,"category":"rbear"},{"type":"B","date":"2018-03-21T06:51:48.000Z","volume":400,"price":77.15,"category":"rbear"},{"type":"B","date":"2018-03-21T06:51:45.000Z","volume":400,"price":77.15,"category":"rbear"},{"type":"B","date":"2018-03-21T06:50:55.000Z","volume":400,"price":77.2,"category":"rbear"},{"type":"B","date":"2018-03-21T06:50:55.000Z","volume":400,"price":77.2,"category":"rbear"},{"type":"B","date":"2018-03-21T06:50:47.000Z","volume":400,"price":77.15,"category":"rbear"},{"type":"B","date":"2018-03-21T06:49:46.000Z","volume":400,"price":77.15,"category":"rbear"},{"type":"B","date":"2018-03-21T06:49:01.000Z","volume":400,"price":77.15,"category":"rbear"},{"type":"B","date":"2018-03-21T06:48:45.000Z","volume":400,"price":77.05,"category":"rbear"},{"type":"B","date":"2018-03-21T06:47:43.000Z","volume":400,"price":77.05,"category":"rbear"},{"type":"B","date":"2018-03-21T06:46:43.000Z","volume":400,"price":77.05,"category":"rbear"},{"type":"B","date":"2018-03-21T06:45:41.000Z","volume":400,"price":77.1,"category":"rbear"},{"type":"B","date":"2018-03-21T06:45:39.000Z","volume":400,"price":77.1,"category":"rbear"},{"type":"B","date":"2018-03-21T06:45:23.000Z","volume":400,"price":77.1,"category":"rbear"},{"type":"B","date":"2018-03-21T06:44:41.000Z","volume":400,"price":77.1,"category":"rbear"},{"type":"B","date":"2018-03-21T06:43:41.000Z","volume":400,"price":77.1,"category":"rbear"},{"type":"B","date":"2018-03-21T06:43:40.000Z","volume":400,"price":77.1,"category":"rbear"},{"type":"B","date":"2018-03-21T06:43:03.000Z","volume":400,"price":77.1,"category":"rbear"},{"type":"B","date":"2018-03-21T06:42:39.000Z","volume":400,"price":77.1,"category":"rbear"},{"type":"B","date":"2018-03-21T06:41:37.000Z","volume":400,"price":77.1,"category":"rbear"},{"type":"B","date":"2018-03-21T06:41:15.000Z","volume":400,"price":77.1,"category":"rbear"},{"type":"B","date":"2018-03-21T06:41:08.000Z","volume":400,"price":77.05,"category":"rbear"},{"type":"B","date":"2018-03-21T06:41:08.000Z","volume":400,"price":77.1,"category":"rbear"},{"type":"B","date":"2018-03-21T06:40:36.000Z","volume":400,"price":77.1,"category":"rbear"},{"type":"B","date":"2018-03-21T06:40:30.000Z","volume":400,"price":77.1,"category":"rbear"},{"type":"B","date":"2018-03-21T06:39:36.000Z","volume":400,"price":77.1,"category":"rbear"},{"type":"B","date":"2018-03-21T06:38:34.000Z","volume":400,"price":77.1,"category":"rbear"},{"type":"B","date":"2018-03-21T06:38:20.000Z","volume":400,"price":77.15,"category":"rbear"},{"type":"B","date":"2018-03-21T06:37:59.000Z","volume":400,"price":77.15,"category":"rbear"},{"type":"B","date":"2018-03-21T06:37:34.000Z","volume":400,"price":77.1,"category":"rbear"},{"type":"B","date":"2018-03-21T06:37:07.000Z","volume":400,"price":77.1,"category":"rbear"},{"type":"B","date":"2018-03-21T06:36:42.000Z","volume":400,"price":77.05,"category":"rbear"},{"type":"B","date":"2018-03-21T06:36:33.000Z","volume":400,"price":77.05,"category":"rbear"},{"type":"B","date":"2018-03-21T06:35:39.000Z","volume":400,"price":77.1,"category":"rbear"},{"type":"B","date":"2018-03-21T06:35:31.000Z","volume":400,"price":77.1,"category":"rbear"},{"type":"B","date":"2018-03-21T06:34:52.000Z","volume":400,"price":77.1,"category":"rbear"},{"type":"B","date":"2018-03-21T06:34:32.000Z","volume":400,"price":77.1,"category":"rbear"},{"type":"B","date":"2018-03-21T06:34:31.000Z","volume":400,"price":77.1,"category":"rbear"},{"type":"B","date":"2018-03-21T06:34:11.000Z","volume":400,"price":77.2,"category":"rbear"},{"type":"B","date":"2018-03-21T06:33:29.000Z","volume":400,"price":77.2,"category":"rbear"},{"type":"B","date":"2018-03-21T06:32:28.000Z","volume":400,"price":77.3,"category":"rbear"},{"type":"B","date":"2018-03-21T06:32:26.000Z","volume":400,"price":77.3,"category":"rbear"},{"type":"B","date":"2018-03-21T06:32:16.000Z","volume":400,"price":77.3,"category":"rbear"},{"type":"B","date":"2018-03-21T06:31:28.000Z","volume":400,"price":77.25,"category":"rbear"},{"type":"B","date":"2018-03-21T06:31:02.000Z","volume":400,"price":77.25,"category":"rbear"},{"type":"B","date":"2018-03-21T06:30:28.000Z","volume":400,"price":77.25,"category":"rbear"},{"type":"B","date":"2018-03-21T06:30:16.000Z","volume":400,"price":77.25,"category":"rbear"},{"type":"B","date":"2018-03-21T06:29:50.000Z","volume":400,"price":77.25,"category":"rbear"},{"type":"B","date":"2018-03-21T06:29:50.000Z","volume":400,"price":77.25,"category":"rbear"},{"type":"B","date":"2018-03-21T06:29:48.000Z","volume":400,"price":77.25,"category":"rbear"},{"type":"B","date":"2018-03-21T06:29:45.000Z","volume":400,"price":77.25,"category":"rbear"},{"type":"B","date":"2018-03-21T06:29:42.000Z","volume":400,"price":77.25,"category":"rbear"},{"type":"B","date":"2018-03-21T06:29:40.000Z","volume":400,"price":77.25,"category":"rbear"},{"type":"B","date":"2018-03-21T06:29:36.000Z","volume":400,"price":77.25,"category":"rbear"},{"type":"B","date":"2018-03-21T06:29:33.000Z","volume":400,"price":77.25,"category":"rbear"},{"type":"B","date":"2018-03-21T06:29:30.000Z","volume":400,"price":77.25,"category":"rbear"},{"type":"B","date":"2018-03-21T06:29:27.000Z","volume":400,"price":77.3,"category":"rbear"},{"type":"B","date":"2018-03-21T06:29:26.000Z","volume":400,"price":77.3,"category":"rbear"},{"type":"B","date":"2018-03-21T06:29:24.000Z","volume":400,"price":77.3,"category":"rbear"},{"type":"B","date":"2018-03-21T06:29:21.000Z","volume":400,"price":77.3,"category":"rbear"},{"type":"B","date":"2018-03-21T06:29:18.000Z","volume":400,"price":77.3,"category":"rbear"},{"type":"B","date":"2018-03-21T06:29:14.000Z","volume":400,"price":77.3,"category":"rbear"},{"type":"B","date":"2018-03-21T06:29:11.000Z","volume":400,"price":77.3,"category":"rbear"},{"type":"B","date":"2018-03-21T06:29:08.000Z","volume":400,"price":77.3,"category":"rbear"},{"type":"B","date":"2018-03-21T06:29:05.000Z","volume":400,"price":77.3,"category":"rbear"},{"type":"B","date":"2018-03-21T06:29:02.000Z","volume":400,"price":77.3,"category":"rbear"},{"type":"B","date":"2018-03-21T06:28:59.000Z","volume":400,"price":77.3,"category":"rbear"},{"type":"B","date":"2018-03-21T06:28:56.000Z","volume":400,"price":77.3,"category":"rbear"},{"type":"B","date":"2018-03-21T06:28:53.000Z","volume":400,"price":77.3,"category":"rbear"},{"type":"B","date":"2018-03-21T06:28:50.000Z","volume":400,"price":77.3,"category":"rbear"},{"type":"B","date":"2018-03-21T06:28:44.000Z","volume":400,"price":77.3,"category":"rbear"},{"type":"B","date":"2018-03-21T06:28:38.000Z","volume":400,"price":77.3,"category":"rbear"},{"type":"B","date":"2018-03-21T06:28:35.000Z","volume":400,"price":77.3,"category":"rbear"},{"type":"B","date":"2018-03-21T06:28:28.000Z","volume":400,"price":77.3,"category":"rbear"},{"type":"B","date":"2018-03-21T06:28:24.000Z","volume":400,"price":77.3,"category":"rbear"},{"type":"B","date":"2018-03-21T06:28:01.000Z","volume":400,"price":77.35,"category":"rbear"},{"type":"B","date":"2018-03-21T06:28:01.000Z","volume":400,"price":77.35,"category":"rbear"},{"type":"B","date":"2018-03-21T06:27:58.000Z","volume":400,"price":77.35,"category":"rbear"},{"type":"B","date":"2018-03-21T06:27:52.000Z","volume":400,"price":77.35,"category":"rbear"},{"type":"B","date":"2018-03-21T06:27:34.000Z","volume":400,"price":77.35,"category":"rbear"},{"type":"B","date":"2018-03-21T06:27:24.000Z","volume":400,"price":77.35,"category":"rbear"},{"type":"B","date":"2018-03-21T06:27:23.000Z","volume":400,"price":77.35,"category":"rbear"},{"type":"B","date":"2018-03-21T06:26:59.000Z","volume":400,"price":77.35,"category":"rbear"},{"type":"B","date":"2018-03-21T06:26:22.000Z","volume":400,"price":77.35,"category":"rbear"},{"type":"B","date":"2018-03-21T06:26:07.000Z","volume":400,"price":77.35,"category":"rbear"},{"type":"B","date":"2018-03-21T06:25:21.000Z","volume":400,"price":77.35,"category":"rbear"},{"type":"B","date":"2018-03-21T06:24:21.000Z","volume":400,"price":77.35,"category":"rbear"},{"type":"B","date":"2018-03-21T06:23:56.000Z","volume":400,"price":77.35,"category":"rbear"},{"type":"B","date":"2018-03-21T06:23:20.000Z","volume":400,"price":77.35,"category":"rbear"},{"type":"B","date":"2018-03-21T06:22:18.000Z","volume":400,"price":77.35,"category":"rbear"},{"type":"B","date":"2018-03-21T06:21:17.000Z","volume":400,"price":77.3,"category":"rbear"},{"type":"B","date":"2018-03-21T06:21:02.000Z","volume":400,"price":77.3,"category":"rbear"},{"type":"B","date":"2018-03-21T06:20:46.000Z","volume":400,"price":77.3,"category":"rbear"},{"type":"B","date":"2018-03-21T06:20:16.000Z","volume":400,"price":77.25,"category":"rbear"},{"type":"B","date":"2018-03-21T06:19:39.000Z","volume":400,"price":77.2,"category":"rbear"},{"type":"B","date":"2018-03-21T06:19:15.000Z","volume":400,"price":77.2,"category":"rbear"},{"type":"B","date":"2018-03-21T06:18:18.000Z","volume":400,"price":77.25,"category":"rbear"},{"type":"B","date":"2018-03-21T06:18:14.000Z","volume":400,"price":77.2,"category":"rbear"},{"type":"B","date":"2018-03-21T06:17:14.000Z","volume":400,"price":77.25,"category":"rbear"},{"type":"B","date":"2018-03-21T06:16:51.000Z","volume":400,"price":77.25,"category":"rbear"},{"type":"B","date":"2018-03-21T06:16:12.000Z","volume":400,"price":77.3,"category":"rbear"},{"type":"B","date":"2018-03-21T06:15:12.000Z","volume":400,"price":77.3,"category":"rbear"},{"type":"B","date":"2018-03-21T06:15:11.000Z","volume":400,"price":77.3,"category":"rbear"},{"type":"B","date":"2018-03-21T06:14:10.000Z","volume":400,"price":77.4,"category":"rbear"},{"type":"B","date":"2018-03-21T06:13:09.000Z","volume":400,"price":77.45,"category":"rbear"},{"type":"B","date":"2018-03-21T06:12:28.000Z","volume":400,"price":77.5,"category":"rbear"},{"type":"B","date":"2018-03-21T06:12:16.000Z","volume":400,"price":77.5,"category":"rbear"},{"type":"B","date":"2018-03-21T06:12:08.000Z","volume":400,"price":77.45,"category":"rbear"},{"type":"B","date":"2018-03-21T06:11:07.000Z","volume":400,"price":77.5,"category":"rbear"},{"type":"B","date":"2018-03-21T06:10:07.000Z","volume":400,"price":77.6,"category":"rbear"},{"type":"B","date":"2018-03-21T06:09:23.000Z","volume":400,"price":77.6,"category":"rbear"},{"type":"B","date":"2018-03-21T06:09:05.000Z","volume":400,"price":77.65,"category":"rbear"},{"type":"B","date":"2018-03-21T06:06:13.000Z","volume":400,"price":77.8,"category":"rbear"},{"type":"B","date":"2018-03-21T06:06:02.000Z","volume":400,"price":77.8,"category":"rbear"},{"type":"B","date":"2018-03-21T06:05:47.000Z","volume":400,"price":77.85,"category":"rbear"},{"type":"B","date":"2018-03-21T06:05:35.000Z","volume":400,"price":77.85,"category":"rbear"},{"type":"B","date":"2018-03-21T06:05:01.000Z","volume":400,"price":77.8,"category":"rbear"},{"type":"B","date":"2018-03-21T06:05:00.000Z","volume":400,"price":77.8,"category":"rbear"},{"type":"B","date":"2018-03-21T06:04:58.000Z","volume":400,"price":77.8,"category":"rbear"},{"type":"B","date":"2018-03-21T06:04:00.000Z","volume":400,"price":77.75,"category":"rbear"},{"type":"B","date":"2018-03-21T06:03:51.000Z","volume":400,"price":77.75,"category":"rbear"},{"type":"B","date":"2018-03-21T06:03:49.000Z","volume":400,"price":77.75,"category":"rbear"},{"type":"B","date":"2018-03-21T06:03:03.000Z","volume":400,"price":77.65,"category":"rbear"},{"type":"B","date":"2018-03-21T06:02:59.000Z","volume":400,"price":77.65,"category":"rbear"},{"type":"B","date":"2018-03-21T06:02:46.000Z","volume":400,"price":77.65,"category":"rbear"},{"type":"B","date":"2018-03-21T06:01:58.000Z","volume":400,"price":77.6,"category":"rbear"},{"type":"B","date":"2018-03-21T06:00:57.000Z","volume":400,"price":77.6,"category":"rbear"},{"type":"B","date":"2018-03-21T06:00:12.000Z","volume":400,"price":77.6,"category":"rbear"},{"type":"B","date":"2018-03-21T05:59:56.000Z","volume":400,"price":77.6,"category":"rbear"},{"type":"B","date":"2018-03-21T05:59:46.000Z","volume":400,"price":77.6,"category":"rbear"},{"type":"B","date":"2018-03-21T05:58:55.000Z","volume":400,"price":77.55,"category":"rbear"},{"type":"B","date":"2018-03-21T05:58:45.000Z","volume":400,"price":77.55,"category":"rbear"},{"type":"B","date":"2018-03-21T05:58:30.000Z","volume":400,"price":77.55,"category":"rbear"},{"type":"B","date":"2018-03-21T05:57:54.000Z","volume":400,"price":77.55,"category":"rbear"},{"type":"B","date":"2018-03-21T05:57:38.000Z","volume":400,"price":77.55,"category":"rbear"},{"type":"B","date":"2018-03-21T05:56:57.000Z","volume":400,"price":77.55,"category":"rbear"},{"type":"B","date":"2018-03-21T05:56:52.000Z","volume":400,"price":77.55,"category":"rbear"},{"type":"B","date":"2018-03-21T05:55:52.000Z","volume":400,"price":77.55,"category":"rbear"},{"type":"B","date":"2018-03-21T05:54:51.000Z","volume":400,"price":77.5,"category":"rbear"},{"type":"B","date":"2018-03-21T05:53:50.000Z","volume":400,"price":77.45,"category":"rbear"},{"type":"B","date":"2018-03-21T05:52:49.000Z","volume":400,"price":77.45,"category":"rbear"},{"type":"B","date":"2018-03-21T05:51:48.000Z","volume":400,"price":77.45,"category":"rbear"},{"type":"B","date":"2018-03-21T05:50:48.000Z","volume":400,"price":77.45,"category":"rbear"}