[{"type":"U","date":"2018-04-12T01:02:03.000Z","volume":346000,"label":"P","price":4.65},{"type":"U","date":"2018-04-12T01:05:00.000Z","volume":60000,"label":"P","price":4.698},{"type":"B","date":"2018-04-12T01:31:37.000Z","volume":4000,"label":" ","price":4.63},{"type":"U","date":"2018-04-12T01:31:38.000Z","volume":966,"label":"D","price":4.58},{"type":"A","date":"2018-04-12T01:41:45.000Z","volume":6000,"label":" ","price":4.66},{"type":"A","date":"2018-04-12T01:41:46.000Z","volume":1000,"label":" ","price":4.67},{"type":"A","date":"2018-04-12T01:41:46.000Z","volume":1000,"label":" ","price":4.67},{"type":"A","date":"2018-04-12T01:41:47.000Z","volume":1000,"label":" ","price":4.67},{"type":"A","date":"2018-04-12T01:41:47.000Z","volume":1000,"label":" ","price":4.67},{"type":"A","date":"2018-04-12T01:41:47.000Z","volume":1000,"label":" ","price":4.67},{"type":"A","date":"2018-04-12T01:41:48.000Z","volume":2000,"label":" ","price":4.67},{"type":"A","date":"2018-04-12T01:41:48.000Z","volume":1000,"label":"Y","price":4.67},{"type":"A","date":"2018-04-12T01:41:48.000Z","volume":1000,"label":" ","price":4.67},{"type":"A","date":"2018-04-12T01:41:48.000Z","volume":1000,"label":" ","price":4.67},{"type":"A","date":"2018-04-12T01:41:48.000Z","volume":1000,"label":" ","price":4.67},{"type":"A","date":"2018-04-12T01:41:49.000Z","volume":1000,"label":" ","price":4.67},{"type":"A","date":"2018-04-12T01:41:49.000Z","volume":1000,"label":" ","price":4.67},{"type":"A","date":"2018-04-12T01:41:49.000Z","volume":2000,"label":" ","price":4.67},{"type":"A","date":"2018-04-12T01:41:49.000Z","volume":2000,"label":" ","price":4.67},{"type":"B","date":"2018-04-12T01:41:50.000Z","volume":2000,"label":" ","price":4.66},{"type":"A","date":"2018-04-12T01:41:50.000Z","volume":1000,"label":" ","price":4.67},{"type":"A","date":"2018-04-12T01:41:50.000Z","volume":2000,"label":" ","price":4.67},{"type":"A","date":"2018-04-12T01:41:50.000Z","volume":1000,"label":" ","price":4.67},{"type":"A","date":"2018-04-12T01:41:52.000Z","volume":1000,"label":" ","price":4.67},{"type":"A","date":"2018-04-12T01:41:52.000Z","volume":3000,"label":" ","price":4.67},{"type":"A","date":"2018-04-12T01:41:52.000Z","volume":1000,"label":" ","price":4.67},{"type":"A","date":"2018-04-12T01:41:52.000Z","volume":1000,"label":" ","price":4.67},{"type":"A","date":"2018-04-12T01:41:52.000Z","volume":2000,"label":" ","price":4.67},{"type":"A","date":"2018-04-12T01:41:54.000Z","volume":1000,"label":" ","price":4.67},{"type":"A","date":"2018-04-12T01:41:54.000Z","volume":1000,"label":" ","price":4.67},{"type":"A","date":"2018-04-12T01:41:55.000Z","volume":1000,"label":" ","price":4.67},{"type":"A","date":"2018-04-12T01:41:55.000Z","volume":2000,"label":" ","price":4.67},{"type":"A","date":"2018-04-12T01:41:57.000Z","volume":13000,"label":" ","price":4.67},{"type":"A","date":"2018-04-12T01:41:57.000Z","volume":2000,"label":" ","price":4.67},{"type":"A","date":"2018-04-12T01:41:57.000Z","volume":6000,"label":" ","price":4.67},{"type":"A","date":"2018-04-12T01:41:57.000Z","volume":3000,"label":" ","price":4.67},{"type":"A","date":"2018-04-12T01:41:57.000Z","volume":4000,"label":"Y","price":4.67},{"type":"A","date":"2018-04-12T01:41:57.000Z","volume":4000,"label":" ","price":4.67},{"type":"A","date":"2018-04-12T01:41:57.000Z","volume":23000,"label":" ","price":4.67},{"type":"A","date":"2018-04-12T01:41:57.000Z","volume":1000,"label":" ","price":4.67},{"type":"A","date":"2018-04-12T01:41:57.000Z","volume":2000,"label":" ","price":4.67},{"type":"A","date":"2018-04-12T01:41:57.000Z","volume":3000,"label":" ","price":4.67},{"type":"A","date":"2018-04-12T01:41:57.000Z","volume":3000,"label":" ","price":4.68},{"type":"A","date":"2018-04-12T01:41:57.000Z","volume":4000,"label":" ","price":4.68},{"type":"A","date":"2018-04-12T01:41:57.000Z","volume":14000,"label":" ","price":4.68},{"type":"A","date":"2018-04-12T01:41:57.000Z","volume":4000,"label":" ","price":4.68},{"type":"A","date":"2018-04-12T01:41:57.000Z","volume":2000,"label":" ","price":4.68},{"type":"A","date":"2018-04-12T01:41:57.000Z","volume":1000,"label":" ","price":4.68},{"type":"A","date":"2018-04-12T01:41:57.000Z","volume":3000,"label":" ","price":4.68},{"type":"A","date":"2018-04-12T01:41:57.000Z","volume":2000,"label":" ","price":4.68},{"type":"A","date":"2018-04-12T01:41:57.000Z","volume":2000,"label":" ","price":4.68},{"type":"A","date":"2018-04-12T01:41:58.000Z","volume":16000,"label":" ","price":4.68},{"type":"A","date":"2018-04-12T01:41:58.000Z","volume":3000,"label":" ","price":4.68},{"type":"A","date":"2018-04-12T01:41:58.000Z","volume":2000,"label":" ","price":4.68},{"type":"A","date":"2018-04-12T01:41:58.000Z","volume":2000,"label":" ","price":4.68},{"type":"A","date":"2018-04-12T01:41:58.000Z","volume":8000,"label":" ","price":4.68},{"type":"A","date":"2018-04-12T01:41:58.000Z","volume":2000,"label":" ","price":4.68},{"type":"A","date":"2018-04-12T01:41:58.000Z","volume":2000,"label":" ","price":4.68},{"type":"A","date":"2018-04-12T01:41:59.000Z","volume":1000,"label":" ","price":4.68},{"type":"A","date":"2018-04-12T01:42:00.000Z","volume":3000,"label":" ","price":4.68},{"type":"A","date":"2018-04-12T01:42:00.000Z","volume":2000,"label":" ","price":4.68},{"type":"A","date":"2018-04-12T01:42:00.000Z","volume":1000,"label":" ","price":4.68},{"type":"A","date":"2018-04-12T01:42:00.000Z","volume":2000,"label":" ","price":4.68},{"type":"A","date":"2018-04-12T01:42:00.000Z","volume":1000,"label":" ","price":4.68},{"type":"A","date":"2018-04-12T01:42:00.000Z","volume":1000,"label":" ","price":4.68},{"type":"A","date":"2018-04-12T01:42:01.000Z","volume":1000,"label":" ","price":4.68},{"type":"A","date":"2018-04-12T01:42:03.000Z","volume":4000,"label":" ","price":4.68},{"type":"A","date":"2018-04-12T01:42:03.000Z","volume":3000,"label":" ","price":4.68},{"type":"A","date":"2018-04-12T01:42:03.000Z","volume":3000,"label":" ","price":4.68},{"type":"A","date":"2018-04-12T01:42:03.000Z","volume":2000,"label":" ","price":4.68},{"type":"A","date":"2018-04-12T01:42:03.000Z","volume":2000,"label":" ","price":4.68},{"type":"A","date":"2018-04-12T01:42:03.000Z","volume":2000,"label":" ","price":4.68},{"type":"A","date":"2018-04-12T01:42:03.000Z","volume":4000,"label":" ","price":4.68},{"type":"A","date":"2018-04-12T01:42:04.000Z","volume":3000,"label":" ","price":4.68},{"type":"A","date":"2018-04-12T01:42:04.000Z","volume":2000,"label":" ","price":4.68},{"type":"A","date":"2018-04-12T01:42:04.000Z","volume":1000,"label":" ","price":4.68},{"type":"A","date":"2018-04-12T01:42:04.000Z","volume":1000,"label":" ","price":4.68},{"type":"A","date":"2018-04-12T01:42:07.000Z","volume":1000,"label":" ","price":4.68},{"type":"A","date":"2018-04-12T01:42:07.000Z","volume":1000,"label":" ","price":4.68},{"type":"A","date":"2018-04-12T01:42:38.000Z","volume":1000,"label":" ","price":4.68},{"type":"A","date":"2018-04-12T01:42:58.000Z","volume":1000,"label":" ","price":4.68},{"type":"A","date":"2018-04-12T01:42:58.000Z","volume":1000,"label":" ","price":4.68},{"type":"A","date":"2018-04-12T01:43:00.000Z","volume":1000,"label":" ","price":4.68},{"type":"A","date":"2018-04-12T01:43:38.000Z","volume":1000,"label":" ","price":4.68},{"type":"A","date":"2018-04-12T01:43:58.000Z","volume":3000,"label":" ","price":4.68},{"type":"A","date":"2018-04-12T01:43:58.000Z","volume":1000,"label":"Y","price":4.68},{"type":"A","date":"2018-04-12T01:43:58.000Z","volume":1000,"label":" ","price":4.68},{"type":"A","date":"2018-04-12T01:43:58.000Z","volume":2000,"label":" ","price":4.68},{"type":"A","date":"2018-04-12T01:43:58.000Z","volume":1000,"label":" ","price":4.68},{"type":"A","date":"2018-04-12T01:44:00.000Z","volume":1000,"label":" ","price":4.68},{"type":"A","date":"2018-04-12T01:44:43.000Z","volume":3000,"label":" ","price":4.68},{"type":"A","date":"2018-04-12T01:44:43.000Z","volume":1000,"label":" ","price":4.68},{"type":"A","date":"2018-04-12T01:44:43.000Z","volume":1000,"label":" ","price":4.68},{"type":"A","date":"2018-04-12T01:44:43.000Z","volume":2000,"label":"Y","price":4.68},{"type":"A","date":"2018-04-12T01:44:43.000Z","volume":1000,"label":" ","price":4.68},{"type":"A","date":"2018-04-12T01:45:43.000Z","volume":2000,"label":" ","price":4.68},{"type":"A","date":"2018-04-12T01:45:43.000Z","volume":15000,"label":" ","price":4.68},{"type":"A","date":"2018-04-12T01:45:43.000Z","volume":8000,"label":" ","price":4.68},{"type":"A","date":"2018-04-12T01:45:44.000Z","volume":4000,"label":" ","price":4.68},{"type":"A","date":"2018-04-12T01:45:44.000Z","volume":1000,"label":" ","price":4.68},{"type":"B","date":"2018-04-12T01:46:17.000Z","volume":13000,"label":" ","price":4.67},{"type":"A","date":"2018-04-12T01:46:17.000Z","volume":4000,"label":" ","price":4.68},{"type":"A","date":"2018-04-12T01:47:52.000Z","volume":2000,"label":" ","price":4.68},{"type":"A","date":"2018-04-12T01:47:52.000Z","volume":8000,"label":" ","price":4.68},{"type":"A","date":"2018-04-12T01:47:52.000Z","volume":1000,"label":" ","price":4.68},{"type":"A","date":"2018-04-12T01:47:52.000Z","volume":8000,"label":" ","price":4.68},{"type":"A","date":"2018-04-12T01:47:52.000Z","volume":4000,"label":" ","price":4.68},{"type":"A","date":"2018-04-12T01:47:52.000Z","volume":3000,"label":" ","price":4.68},{"type":"A","date":"2018-04-12T01:47:53.000Z","volume":5000,"label":" ","price":4.68},{"type":"A","date":"2018-04-12T01:47:56.000Z","volume":2000,"label":" ","price":4.68},{"type":"A","date":"2018-04-12T01:48:01.000Z","volume":1000,"label":" ","price":4.68},{"type":"A","date":"2018-04-12T01:48:01.000Z","volume":1000,"label":" ","price":4.68},{"type":"A","date":"2018-04-12T01:48:06.000Z","volume":1000,"label":" ","price":4.68},{"type":"A","date":"2018-04-12T01:48:32.000Z","volume":5000,"label":" ","price":4.68},{"type":"A","date":"2018-04-12T01:48:32.000Z","volume":3000,"label":" ","price":4.68},{"type":"A","date":"2018-04-12T01:48:32.000Z","volume":3000,"label":" ","price":4.68},{"type":"A","date":"2018-04-12T01:48:35.000Z","volume":2000,"label":" ","price":4.68},{"type":"A","date":"2018-04-12T01:48:35.000Z","volume":1000,"label":" ","price":4.68},{"type":"U","date":"2018-04-12T01:49:40.000Z","volume":400,"label":"D","price":4.62},{"type":"A","date":"2018-04-12T01:50:21.000Z","volume":17000,"label":" ","price":4.68},{"type":"A","date":"2018-04-12T01:50:23.000Z","volume":3000,"label":" ","price":4.68},{"type":"A","date":"2018-04-12T01:50:23.000Z","volume":8000,"label":" ","price":4.68},{"type":"A","date":"2018-04-12T01:50:23.000Z","volume":1000,"label":" ","price":4.68},{"type":"A","date":"2018-04-12T01:50:24.000Z","volume":1000,"label":" ","price":4.68},{"type":"A","date":"2018-04-12T01:50:24.000Z","volume":2000,"label":" ","price":4.68},{"type":"A","date":"2018-04-12T01:50:24.000Z","volume":1000,"label":" ","price":4.68},{"type":"A","date":"2018-04-12T01:50:26.000Z","volume":1000,"label":" ","price":4.68},{"type":"A","date":"2018-04-12T01:50:34.000Z","volume":4000,"label":" ","price":4.68},{"type":"A","date":"2018-04-12T01:50:34.000Z","volume":2000,"label":" ","price":4.68},{"type":"A","date":"2018-04-12T01:50:35.000Z","volume":1000,"label":" ","price":4.68},{"type":"A","date":"2018-04-12T01:50:44.000Z","volume":1000,"label":" ","price":4.68},{"type":"A","date":"2018-04-12T01:50:46.000Z","volume":1000,"label":" ","price":4.68},{"type":"A","date":"2018-04-12T01:52:32.000Z","volume":10000,"label":" ","price":4.68},{"type":"A","date":"2018-04-12T01:52:32.000Z","volume":4000,"label":" ","price":4.68},{"type":"A","date":"2018-04-12T01:52:33.000Z","volume":2000,"label":" ","price":4.68},{"type":"A","date":"2018-04-12T01:52:33.000Z","volume":1000,"label":" ","price":4.68},{"type":"A","date":"2018-04-12T01:53:01.000Z","volume":2000,"label":" ","price":4.68},{"type":"A","date":"2018-04-12T01:53:03.000Z","volume":1000,"label":" ","price":4.68},{"type":"A","date":"2018-04-12T01:53:03.000Z","volume":1000,"label":" ","price":4.68},{"type":"B","date":"2018-04-12T01:54:18.000Z","volume":10000,"label":" ","price":4.67},{"type":"A","date":"2018-04-12T01:54:18.000Z","volume":3000,"label":" ","price":4.68},{"type":"A","date":"2018-04-12T01:54:23.000Z","volume":3000,"label":" ","price":4.68},{"type":"A","date":"2018-04-12T01:54:23.000Z","volume":1000,"label":" ","price":4.68},{"type":"A","date":"2018-04-12T01:54:59.000Z","volume":8000,"label":" ","price":4.68},{"type":"A","date":"2018-04-12T01:54:59.000Z","volume":4000,"label":" ","price":4.68},{"type":"A","date":"2018-04-12T01:55:00.000Z","volume":3000,"label":" ","price":4.68},{"type":"A","date":"2018-04-12T01:55:01.000Z","volume":1000,"label":" ","price":4.68},{"type":"A","date":"2018-04-12T01:55:42.000Z","volume":2000,"label":" ","price":4.68},{"type":"A","date":"2018-04-12T01:55:46.000Z","volume":1000,"label":" ","price":4.68},{"type":"A","date":"2018-04-12T01:55:54.000Z","volume":1000,"label":" ","price":4.68},{"type":"A","date":"2018-04-12T01:56:20.000Z","volume":1000,"label":" ","price":4.68},{"type":"A","date":"2018-04-12T01:56:20.000Z","volume":1000,"label":" ","price":4.68},{"type":"A","date":"2018-04-12T01:56:52.000Z","volume":6000,"label":" ","price":4.68},{"type":"A","date":"2018-04-12T01:56:52.000Z","volume":2000,"label":" ","price":4.68},{"type":"A","date":"2018-04-12T01:56:53.000Z","volume":1000,"label":" ","price":4.68},{"type":"A","date":"2018-04-12T01:57:30.000Z","volume":1000,"label":" ","price":4.68},{"type":"A","date":"2018-04-12T01:57:30.000Z","volume":1000,"label":" ","price":4.68},{"type":"A","date":"2018-04-12T01:57:31.000Z","volume":1000,"label":" ","price":4.68},{"type":"B","date":"2018-04-12T01:57:35.000Z","volume":9000,"label":" ","price":4.67},{"type":"A","date":"2018-04-12T01:57:35.000Z","volume":1000,"label":" ","price":4.68},{"type":"A","date":"2018-04-12T01:57:55.000Z","volume":1000,"label":" ","price":4.68},{"type":"A","date":"2018-04-12T01:57:56.000Z","volume":1000,"label":" ","price":4.68},{"type":"A","date":"2018-04-12T01:59:20.000Z","volume":1000,"label":" ","price":4.68},{"type":"A","date":"2018-04-12T01:59:20.000Z","volume":4000,"label":" ","price":4.68},{"type":"A","date":"2018-04-12T01:59:20.000Z","volume":14000,"label":" ","price":4.68},{"type":"A","date":"2018-04-12T01:59:20.000Z","volume":2000,"label":" ","price":4.68},{"type":"A","date":"2018-04-12T01:59:20.000Z","volume":2000,"label":" ","price":4.68},{"type":"A","date":"2018-04-12T01:59:20.000Z","volume":2000,"label":" ","price":4.68},{"type":"A","date":"2018-04-12T01:59:20.000Z","volume":2000,"label":" ","price":4.68},{"type":"A","date":"2018-04-12T01:59:20.000Z","volume":2000,"label":" ","price":4.68},{"type":"A","date":"2018-04-12T01:59:20.000Z","volume":2000,"label":" ","price":4.68},{"type":"A","date":"2018-04-12T01:59:20.000Z","volume":1000,"label":" ","price":4.68},{"type":"A","date":"2018-04-12T01:59:21.000Z","volume":1000,"label":" ","price":4.68},{"type":"A","date":"2018-04-12T01:59:21.000Z","volume":1000,"label":" ","price":4.68},{"type":"A","date":"2018-04-12T01:59:22.000Z","volume":5000,"label":" ","price":4.68},{"type":"A","date":"2018-04-12T01:59:22.000Z","volume":2000,"label":" ","price":4.68},{"type":"A","date":"2018-04-12T01:59:22.000Z","volume":2000,"label":" ","price":4.68},{"type":"A","date":"2018-04-12T01:59:23.000Z","volume":1000,"label":" ","price":4.68},{"type":"A","date":"2018-04-12T01:59:23.000Z","volume":1000,"label":" ","price":4.68},{"type":"A","date":"2018-04-12T01:59:25.000Z","volume":1000,"label":" ","price":4.68},{"type":"A","date":"2018-04-12T01:59:25.000Z","volume":1000,"label":" ","price":4.68},{"type":"A","date":"2018-04-12T01:59:32.000Z","volume":7000,"label":" ","price":4.68},{"type":"A","date":"2018-04-12T01:59:32.000Z","volume":2000,"label":" ","price":4.68},{"type":"A","date":"2018-04-12T01:59:32.000Z","volume":2000,"label":" ","price":4.68},{"type":"A","date":"2018-04-12T01:59:32.000Z","volume":3000,"label":" ","price":4.68},{"type":"A","date":"2018-04-12T01:59:32.000Z","volume":1000,"label":" ","price":4.68},{"type":"A","date":"2018-04-12T01:59:34.000Z","volume":2000,"label":" ","price":4.68},{"type":"A","date":"2018-04-12T01:59:34.000Z","volume":1000,"label":" ","price":4.68},{"type":"A","date":"2018-04-12T02:00:18.000Z","volume":1000,"label":" ","price":4.68},{"type":"A","date":"2018-04-12T02:00:18.000Z","volume":1000,"label":" ","price":4.68},{"type":"A","date":"2018-04-12T02:00:18.000Z","volume":2000,"label":" ","price":4.68},{"type":"A","date":"2018-04-12T02:00:18.000Z","volume":2000,"label":" ","price":4.68},{"type":"A","date":"2018-04-12T02:00:20.000Z","volume":1000,"label":" ","price":4.68},{"type":"A","date":"2018-04-12T02:00:38.000Z","volume":2000,"label":" ","price":4.68},{"type":"A","date":"2018-04-12T02:00:38.000Z","volume":1000,"label":" ","price":4.68},{"type":"A","date":"2018-04-12T02:00:41.000Z","volume":1000,"label":" ","price":4.68},{"type":"A","date":"2018-04-12T02:01:14.000Z","volume":9000,"label":" ","price":4.68},{"type":"A","date":"2018-04-12T02:01:14.000Z","volume":2000,"label":" ","price":4.68},{"type":"A","date":"2018-04-12T02:01:14.000Z","volume":5000,"label":" ","price":4.68},{"type":"A","date":"2018-04-12T02:01:17.000Z","volume":3000,"label":" ","price":4.68},{"type":"A","date":"2018-04-12T02:01:17.000Z","volume":2000,"label":" ","price":4.68},{"type":"A","date":"2018-04-12T02:01:17.000Z","volume":2000,"label":" ","price":4.68},{"type":"A","date":"2018-04-12T02:01:21.000Z","volume":1000,"label":" ","price":4.68},{"type":"A","date":"2018-04-12T02:01:24.000Z","volume":1000,"label":" ","price":4.68},{"type":"A","date":"2018-04-12T02:01:28.000Z","volume":1000,"label":" ","price":4.68},{"type":"A","date":"2018-04-12T02:01:38.000Z","volume":3000,"label":" ","price":4.68},{"type":"A","date":"2018-04-12T02:01:38.000Z","volume":1000,"label":" ","price":4.68},{"type":"A","date":"2018-04-12T02:01:38.000Z","volume":2000,"label":" ","price":4.68},{"type":"A","date":"2018-04-12T02:01:39.000Z","volume":1000,"label":" ","price":4.68},{"type":"A","date":"2018-04-12T02:01:40.000Z","volume":1000,"label":" ","price":4.68},{"type":"A","date":"2018-04-12T02:01:40.000Z","volume":1000,"label":" ","price":4.68},{"type":"B","date":"2018-04-12T02:02:09.000Z","volume":27000,"label":" ","price":4.67},{"type":"A","date":"2018-04-12T02:02:09.000Z","volume":3000,"label":" ","price":4.68},{"type":"A","date":"2018-04-12T02:02:25.000Z","volume":27000,"label":" ","price":4.68},{"type":"A","date":"2018-04-12T02:02:25.000Z","volume":2000,"label":" ","price":4.68},{"type":"A","date":"2018-04-12T02:02:25.000Z","volume":6000,"label":" ","price":4.68},{"type":"A","date":"2018-04-12T02:02:28.000Z","volume":9000,"label":" ","price":4.68},{"type":"A","date":"2018-04-12T02:02:28.000Z","volume":4000,"label":"Y","price":4.68},{"type":"A","date":"2018-04-12T02:02:30.000Z","volume":36000,"label":" ","price":4.68},{"type":"A","date":"2018-04-12T02:02:30.000Z","volume":4000,"label":"Y","price":4.68},{"type":"A","date":"2018-04-12T02:02:30.000Z","volume":11000,"label":"Y","price":4.68},{"type":"A","date":"2018-04-12T02:02:34.000Z","volume":5000,"label":" ","price":4.68},{"type":"A","date":"2018-04-12T02:02:34.000Z","volume":2000,"label":"Y","price":4.68},{"type":"A","date":"2018-04-12T02:02:38.000Z","volume":6000,"label":" ","price":4.68},{"type":"A","date":"2018-04-12T02:02:38.000Z","volume":3000,"label":"Y","price":4.68},{"type":"A","date":"2018-04-12T02:02:39.000Z","volume":18000,"label":" ","price":4.68},{"type":"A","date":"2018-04-12T02:02:39.000Z","volume":7000,"label":"Y","price":4.68},{"type":"A","date":"2018-04-12T02:02:40.000Z","volume":2000,"label":" ","price":4.68},{"type":"A","date":"2018-04-12T02:02:40.000Z","volume":1000,"label":"Y","price":4.68},{"type":"A","date":"2018-04-12T02:02:41.000Z","volume":1000,"label":" ","price":4.68},{"type":"A","date":"2018-04-12T02:03:21.000Z","volume":1000,"label":" ","price":4.68},{"type":"A","date":"2018-04-12T02:03:26.000Z","volume":1000,"label":"Y","price":4.68},{"type":"A","date":"2018-04-12T02:04:30.000Z","volume":4000,"label":" ","price":4.68},{"type":"A","date":"2018-04-12T02:04:30.000Z","volume":4000,"label":" ","price":4.68},{"type":"A","date":"2018-04-12T02:04:30.000Z","volume":3000,"label":"Y","price":4.68},{"type":"A","date":"2018-04-12T02:04:32.000Z","volume":2000,"label":" ","price":4.68},{"type":"A","date":"2018-04-12T02:04:35.000Z","volume":2000,"label":" ","price":4.68},{"type":"A","date":"2018-04-12T02:04:36.000Z","volume":1000,"label":"Y","price":4.68},{"type":"A","date":"2018-04-12T02:04:36.000Z","volume":1000,"label":"Y","price":4.68},{"type":"A","date":"2018-04-12T02:04:40.000Z","volume":1000,"label":" ","price":4.68},{"type":"A","date":"2018-04-12T02:04:41.000Z","volume":1000,"label":" ","price":4.68},{"type":"A","date":"2018-04-12T02:04:41.000Z","volume":1000,"label":"Y","price":4.68},{"type":"A","date":"2018-04-12T02:04:50.000Z","volume":6000,"label":" ","price":4.68},{"type":"A","date":"2018-04-12T02:04:51.000Z","volume":1000,"label":"Y","price":4.68},{"type":"A","date":"2018-04-12T02:04:51.000Z","volume":1000,"label":"Y","price":4.68},{"type":"A","date":"2018-04-12T02:04:54.000Z","volume":2000,"label":" ","price":4.68},{"type":"A","date":"2018-04-12T02:04:56.000Z","volume":1000,"label":"Y","price":4.68},{"type":"A","date":"2018-04-12T02:05:45.000Z","volume":2000,"label":" ","price":4.68},{"type":"A","date":"2018-04-12T02:05:46.000Z","volume":1000,"label":"Y","price":4.68},{"type":"A","date":"2018-04-12T02:06:01.000Z","volume":1000,"label":" ","price":4.68},{"type":"A","date":"2018-04-12T02:06:04.000Z","volume":1000,"label":" ","price":4.68},{"type":"A","date":"2018-04-12T02:06:06.000Z","volume":1000,"label":"Y","price":4.68},{"type":"A","date":"2018-04-12T02:07:21.000Z","volume":1000,"label":" ","price":4.68},{"type":"A","date":"2018-04-12T02:08:48.000Z","volume":11000,"label":" ","price":4.68},{"type":"A","date":"2018-04-12T02:08:49.000Z","volume":5000,"label":"Y","price":4.68},{"type":"A","date":"2018-04-12T02:08:50.000Z","volume":2000,"label":" ","price":4.68},{"type":"A","date":"2018-04-12T02:08:50.000Z","volume":1000,"label":"Y","price":4.68},{"type":"A","date":"2018-04-12T02:08:51.000Z","volume":1000,"label":" ","price":4.68},{"type":"A","date":"2018-04-12T02:08:56.000Z","volume":3000,"label":" ","price":4.68},{"type":"A","date":"2018-04-12T02:08:56.000Z","volume":1000,"label":"Y","price":4.68},{"type":"A","date":"2018-04-12T02:09:01.000Z","volume":1000,"label":" ","price":4.68},{"type":"A","date":"2018-04-12T02:09:01.000Z","volume":1000,"label":"Y","price":4.68},{"type":"A","date":"2018-04-12T02:09:03.000Z","volume":1000,"label":" ","price":4.68},{"type":"A","date":"2018-04-12T02:09:29.000Z","volume":2000,"label":" ","price":4.68},{"type":"A","date":"2018-04-12T02:09:30.000Z","volume":1000,"label":"Y","price":4.68},{"type":"B","date":"2018-04-12T02:10:01.000Z","volume":1000,"label":" ","price":4.67},{"type":"A","date":"2018-04-12T02:10:02.000Z","volume":1000,"label":"Y","price":4.68},{"type":"A","date":"2018-04-12T02:10:26.000Z","volume":2000,"label":" ","price":4.68},{"type":"A","date":"2018-04-12T02:10:28.000Z","volume":1000,"label":" ","price":4.68},{"type":"A","date":"2018-04-12T02:10:31.000Z","volume":1000,"label":"Y","price":4.68},{"type":"A","date":"2018-04-12T02:10:40.000Z","volume":1000,"label":" ","price":4.68},{"type":"B","date":"2018-04-12T02:10:58.000Z","volume":7000,"label":" ","price":4.67},{"type":"A","date":"2018-04-12T02:10:58.000Z","volume":3000,"label":"Y","price":4.68},{"type":"A","date":"2018-04-12T02:11:01.000Z","volume":1000,"label":" ","price":4.68},{"type":"A","date":"2018-04-12T02:11:05.000Z","volume":1000,"label":"Y","price":4.68},{"type":"A","date":"2018-04-12T02:12:21.000Z","volume":6000,"label":" ","price":4.68},{"type":"A","date":"2018-04-12T02:12:21.000Z","volume":2000,"label":"Y","price":4.68},{"type":"A","date":"2018-04-12T02:12:37.000Z","volume":3000,"label":" ","price":4.68},{"type":"A","date":"2018-04-12T02:12:37.000Z","volume":1000,"label":"Y","price":4.68},{"type":"A","date":"2018-04-12T02:13:21.000Z","volume":1000,"label":" ","price":4.68},{"type":"A","date":"2018-04-12T02:13:21.000Z","volume":1000,"label":"Y","price":4.68},{"type":"A","date":"2018-04-12T02:13:25.000Z","volume":3000,"label":" ","price":4.68},{"type":"A","date":"2018-04-12T02:13:26.000Z","volume":1000,"label":"Y","price":4.68},{"type":"A","date":"2018-04-12T02:13:28.000Z","volume":1000,"label":" ","price":4.68},{"type":"A","date":"2018-04-12T02:14:14.000Z","volume":3000,"label":" ","price":4.68},{"type":"A","date":"2018-04-12T02:14:14.000Z","volume":2000,"label":" ","price":4.68},{"type":"U","date":"2018-04-12T02:14:17.000Z","volume":400,"label":"D","price":4.63},{"type":"B","date":"2018-04-12T02:14:26.000Z","volume":2000,"label":" ","price":4.67},{"type":"A","date":"2018-04-12T02:14:26.000Z","volume":1000,"label":" ","price":4.68},{"type":"A","date":"2018-04-12T02:14:29.000Z","volume":1000,"label":" ","price":4.68},{"type":"A","date":"2018-04-12T02:14:31.000Z","volume":4000,"label":" ","price":4.68},{"type":"A","date":"2018-04-12T02:14:31.000Z","volume":2000,"label":" ","price":4.68},{"type":"A","date":"2018-04-12T02:14:39.000Z","volume":1000,"label":" ","price":4.68},{"type":"A","date":"2018-04-12T02:15:01.000Z","volume":1000,"label":" ","price":4.68},{"type":"A","date":"2018-04-12T02:15:01.000Z","volume":1000,"label":" ","price":4.68},{"type":"A","date":"2018-04-12T02:15:20.000Z","volume":5000,"label":" ","price":4.68},{"type":"A","date":"2018-04-12T02:15:20.000Z","volume":2000,"label":" ","price":4.68},{"type":"A","date":"2018-04-12T02:15:21.000Z","volume":1000,"label":" ","price":4.68},{"type":"A","date":"2018-04-12T02:17:21.000Z","volume":1000,"label":" ","price":4.68},{"type":"A","date":"2018-04-12T02:17:23.000Z","volume":4000,"label":" ","price":4.68},{"type":"A","date":"2018-04-12T02:17:23.000Z","volume":2000,"label":" ","price":4.68},{"type":"A","date":"2018-04-12T02:17:25.000Z","volume":1000,"label":" ","price":4.68},{"type":"A","date":"2018-04-12T02:17:26.000Z","volume":1000,"label":" ","price":4.68},{"type":"B","date":"2018-04-12T02:18:06.000Z","volume":6000,"label":" ","price":4.67},{"type":"A","date":"2018-04-12T02:18:06.000Z","volume":5000,"label":" ","price":4.68},{"type":"A","date":"2018-04-12T02:18:07.000Z","volume":1000,"label":" ","price":4.68},{"type":"A","date":"2018-04-12T02:19:13.000Z","volume":11000,"label":" ","price":4.68},{"type":"A","date":"2018-04-12T02:19:13.000Z","volume":5000,"label":" ","price":4.68},{"type":"A","date":"2018-04-12T02:19:14.000Z","volume":4000,"label":" ","price":4.68},{"type":"A","date":"2018-04-12T02:19:14.000Z","volume":2000,"label":" ","price":4.68},{"type":"A","date":"2018-04-12T02:19:17.000Z","volume":1000,"label":" ","price":4.68},{"type":"A","date":"2018-04-12T02:19:21.000Z","volume":1000,"label":" ","price":4.68},{"type":"A","date":"2018-04-12T02:19:22.000Z","volume":1000,"label":" ","price":4.68},{"type":"A","date":"2018-04-12T02:20:18.000Z","volume":1000,"label":" ","price":4.68},{"type":"A","date":"2018-04-12T02:21:05.000Z","volume":4000,"label":" ","price":4.68},{"type":"A","date":"2018-04-12T02:21:05.000Z","volume":2000,"label":" ","price":4.68},{"type":"A","date":"2018-04-12T02:21:07.000Z","volume":1000,"label":" ","price":4.68},{"type":"A","date":"2018-04-12T02:22:01.000Z","volume":1000,"label":" ","price":4.68},{"type":"A","date":"2018-04-12T02:22:42.000Z","volume":2000,"label":" ","price":4.68},{"type":"A","date":"2018-04-12T02:22:43.000Z","volume":1000,"label":" ","price":4.68},{"type":"A","date":"2018-04-12T02:23:42.000Z","volume":4000,"label":" ","price":4.68},{"type":"A","date":"2018-04-12T02:25:21.000Z","volume":1000,"label":" ","price":4.68},{"type":"A","date":"2018-04-12T02:25:23.000Z","volume":1000,"label":" ","price":4.68},{"type":"A","date":"2018-04-12T02:25:25.000Z","volume":1000,"label":" ","price":4.68},{"type":"A","date":"2018-04-12T02:25:40.000Z","volume":3000,"label":" ","price":4.68},{"type":"U","date":"2018-04-12T02:26:48.000Z","volume":600,"label":"D","price":4.63},{"type":"A","date":"2018-04-12T02:27:36.000Z","volume":1000,"label":" ","price":4.68},{"type":"A","date":"2018-04-12T02:27:41.000Z","volume":1000,"label":" ","price":4.68},{"type":"A","date":"2018-04-12T02:29:30.000Z","volume":6000,"label":" ","price":4.68},{"type":"A","date":"2018-04-12T02:29:30.000Z","volume":1000,"label":" ","price":4.68},{"type":"B","date":"2018-04-12T02:29:54.000Z","volume":1000,"label":" ","price":4.67},{"type":"A","date":"2018-04-12T02:30:06.000Z","volume":10000,"label":" ","price":4.68},{"type":"A","date":"2018-04-12T02:30:18.000Z","volume":1000,"label":" ","price":4.68},{"type":"B","date":"2018-04-12T02:30:36.000Z","volume":12000,"label":" ","price":4.67},{"type":"A","date":"2018-04-12T02:30:47.000Z","volume":2000,"label":" ","price":4.68},{"type":"A","date":"2018-04-12T02:31:22.000Z","volume":1000,"label":" ","price":4.68},{"type":"A","date":"2018-04-12T02:31:26.000Z","volume":2000,"label":" ","price":4.68},{"type":"A","date":"2018-04-12T02:32:07.000Z","volume":1000,"label":" ","price":4.68},{"type":"A","date":"2018-04-12T02:32:30.000Z","volume":1000,"label":" ","price":4.68},{"type":"A","date":"2018-04-12T02:32:44.000Z","volume":43000,"label":" ","price":4.68},{"type":"B","date":"2018-04-12T02:32:49.000Z","volume":2000,"label":" ","price":4.67},{"type":"A","date":"2018-04-12T02:32:52.000Z","volume":1000,"label":" ","price":4.68},{"type":"B","date":"2018-04-12T02:32:57.000Z","volume":2000,"label":" ","price":4.67},{"type":"A","date":"2018-04-12T02:33:32.000Z","volume":1000,"label":" ","price":4.68},{"type":"A","date":"2018-04-12T02:33:45.000Z","volume":55000,"label":" ","price":4.68},{"type":"A","date":"2018-04-12T02:34:17.000Z","volume":1000,"label":" ","price":4.68},{"type":"A","date":"2018-04-12T02:34:17.000Z","volume":4000,"label":" ","price":4.68},{"type":"B","date":"2018-04-12T02:34:25.000Z","volume":6000,"label":" ","price":4.67},{"type":"A","date":"2018-04-12T02:34:57.000Z","volume":1000,"label":" ","price":4.68},{"type":"A","date":"2018-04-12T02:35:07.000Z","volume":1000,"label":" ","price":4.68},{"type":"A","date":"2018-04-12T02:35:17.000Z","volume":2000,"label":" ","price":4.68},{"type":"A","date":"2018-04-12T02:35:19.000Z","volume":1000,"label":" ","price":4.68},{"type":"A","date":"2018-04-12T02:35:26.000Z","volume":1000,"label":" ","price":4.68},{"type":"A","date":"2018-04-12T02:35:37.000Z","volume":1000,"label":" ","price":4.68},{"type":"A","date":"2018-04-12T02:35:44.000Z","volume":67000,"label":" ","price":4.68},{"type":"A","date":"2018-04-12T02:35:47.000Z","volume":1000,"label":" ","price":4.68},{"type":"A","date":"2018-04-12T02:35:57.000Z","volume":1000,"label":" ","price":4.68},{"type":"A","date":"2018-04-12T02:36:07.000Z","volume":1000,"label":" ","price":4.68},{"type":"A","date":"2018-04-12T02:36:47.000Z","volume":2000,"label":" ","price":4.68},{"type":"A","date":"2018-04-12T02:36:47.000Z","volume":3000,"label":" ","price":4.68},{"type":"B","date":"2018-04-12T02:37:19.000Z","volume":1000,"label":" ","price":4.67},{"type":"A","date":"2018-04-12T02:37:22.000Z","volume":1000,"label":" ","price":4.68},{"type":"B","date":"2018-04-12T02:37:29.000Z","volume":5000,"label":" ","price":4.67},{"type":"A","date":"2018-04-12T02:37:52.000Z","volume":1000,"label":" ","price":4.68},{"type":"U","date":"2018-04-12T02:37:59.000Z","volume":56,"label":"D","price":4.62},{"type":"A","date":"2018-04-12T02:38:37.000Z","volume":1000,"label":" ","price":4.68},{"type":"B","date":"2018-04-12T02:38:49.000Z","volume":2000,"label":" ","price":4.67},{"type":"A","date":"2018-04-12T02:39:14.000Z","volume":2000,"label":" ","price":4.68},{"type":"A","date":"2018-04-12T02:39:22.000Z","volume":1000,"label":" ","price":4.68},{"type":"B","date":"2018-04-12T02:39:38.000Z","volume":4000,"label":" ","price":4.67},{"type":"A","date":"2018-04-12T02:40:02.000Z","volume":1000,"label":" ","price":4.68},{"type":"A","date":"2018-04-12T02:40:02.000Z","volume":8000,"label":" ","price":4.68},{"type":"A","date":"2018-04-12T02:40:22.000Z","volume":1000,"label":" ","price":4.68},{"type":"A","date":"2018-04-12T02:40:42.000Z","volume":1000,"label":" ","price":4.68},{"type":"A","date":"2018-04-12T02:41:05.000Z","volume":1000,"label":" ","price":4.68},{"type":"A","date":"2018-04-12T02:41:32.000Z","volume":1000,"label":" ","price":4.68},{"type":"A","date":"2018-04-12T02:41:57.000Z","volume":1000,"label":" ","price":4.68},{"type":"A","date":"2018-04-12T02:42:03.000Z","volume":1000,"label":" ","price":4.68},{"type":"A","date":"2018-04-12T02:42:32.000Z","volume":1000,"label":" ","price":4.68},{"type":"A","date":"2018-04-12T02:42:38.000Z","volume":4000,"label":" ","price":4.68},{"type":"A","date":"2018-04-12T02:43:07.000Z","volume":1000,"label":" ","price":4.68},{"type":"A","date":"2018-04-12T02:43:32.000Z","volume":1000,"label":" ","price":4.68},{"type":"A","date":"2018-04-12T02:43:57.000Z","volume":1000,"label":" ","price":4.68},{"type":"A","date":"2018-04-12T02:44:24.000Z","volume":9000,"label":" ","price":4.68},{"type":"A","date":"2018-04-12T02:44:37.000Z","volume":1000,"label":" ","price":4.68},{"type":"B","date":"2018-04-12T02:44:49.000Z","volume":2000,"label":" ","price":4.67},{"type":"A","date":"2018-04-12T02:45:17.000Z","volume":1000,"label":" ","price":4.68},{"type":"B","date":"2018-04-12T02:45:37.000Z","volume":1000,"label":" ","price":4.67},{"type":"A","date":"2018-04-12T02:45:42.000Z","volume":1000,"label":" ","price":4.68},{"type":"A","date":"2018-04-12T02:46:02.000Z","volume":2000,"label":" ","price":4.68},{"type":"A","date":"2018-04-12T02:46:47.000Z","volume":1000,"label":" ","price":4.68},{"type":"A","date":"2018-04-12T02:47:17.000Z","volume":1000,"label":" ","price":4.68},{"type":"A","date":"2018-04-12T02:47:17.000Z","volume":1000,"label":" ","price":4.68},{"type":"A","date":"2018-04-12T02:47:37.000Z","volume":1000,"label":" ","price":4.68},{"type":"A","date":"2018-04-12T02:47:55.000Z","volume":15000,"label":" ","price":4.68},{"type":"A","date":"2018-04-12T02:47:57.000Z","volume":11000,"label":" ","price":4.68},{"type":"A","date":"2018-04-12T02:47:57.000Z","volume":1000,"label":" ","price":4.68},{"type":"A","date":"2018-04-12T02:47:59.000Z","volume":1000,"label":" ","price":4.68},{"type":"A","date":"2018-04-12T02:48:27.000Z","volume":1000,"label":" ","price":4.68},{"type":"A","date":"2018-04-12T02:48:57.000Z","volume":1000,"label":" ","price":4.68},{"type":"A","date":"2018-04-12T02:49:23.000Z","volume":19000,"label":" ","price":4.68},{"type":"A","date":"2018-04-12T02:49:32.000Z","volume":1000,"label":" ","price":4.68},{"type":"A","date":"2018-04-12T02:49:33.000Z","volume":1000,"label":" ","price":4.68},{"type":"U","date":"2018-04-12T02:49:40.000Z","volume":600,"label":"D","price":4.62},{"type":"A","date":"2018-04-12T02:49:50.000Z","volume":2000,"label":" ","price":4.68},{"type":"A","date":"2018-04-12T02:50:03.000Z","volume":1000,"label":" ","price":4.68},{"type":"A","date":"2018-04-12T02:50:04.000Z","volume":4000,"label":" ","price":4.68},{"type":"A","date":"2018-04-12T02:50:32.000Z","volume":1000,"label":" ","price":4.68},{"type":"A","date":"2018-04-12T02:50:33.000Z","volume":1000,"label":" ","price":4.68},{"type":"B","date":"2018-04-12T02:50:49.000Z","volume":2000,"label":" ","price":4.67},{"type":"A","date":"2018-04-12T02:50:57.000Z","volume":1000,"label":" ","price":4.68},{"type":"A","date":"2018-04-12T02:51:32.000Z","volume":1000,"label":" ","price":4.68},{"type":"B","date":"2018-04-12T02:51:36.000Z","volume":20000,"label":" ","price":4.67},{"type":"A","date":"2018-04-12T02:52:12.000Z","volume":1000,"label":" ","price":4.68},{"type":"B","date":"2018-04-12T02:52:39.000Z","volume":1000,"label":" ","price":4.67},{"type":"A","date":"2018-04-12T02:52:52.000Z","volume":1000,"label":" ","price":4.68},{"type":"B","date":"2018-04-12T02:52:58.000Z","volume":2000,"label":" ","price":4.67},{"type":"A","date":"2018-04-12T02:53:27.000Z","volume":1000,"label":" ","price":4.68},{"type":"A","date":"2018-04-12T02:54:02.000Z","volume":2000,"label":" ","price":4.68},{"type":"A","date":"2018-04-12T02:54:52.000Z","volume":1000,"label":" ","price":4.68},{"type":"B","date":"2018-04-12T02:55:07.000Z","volume":12000,"label":" ","price":4.67},{"type":"A","date":"2018-04-12T02:55:10.000Z","volume":4000,"label":" ","price":4.68},{"type":"A","date":"2018-04-12T02:55:19.000Z","volume":1000,"label":" ","price":4.68},{"type":"A","date":"2018-04-12T02:55:42.000Z","volume":1000,"label":" ","price":4.68},{"type":"A","date":"2018-04-12T02:56:17.000Z","volume":1000,"label":" ","price":4.68},{"type":"A","date":"2018-04-12T02:56:42.000Z","volume":1000,"label":" ","price":4.68},{"type":"B","date":"2018-04-12T02:56:49.000Z","volume":2000,"label":" ","price":4.67},{"type":"A","date":"2018-04-12T02:57:07.000Z","volume":1000,"label":" ","price":4.68},{"type":"A","date":"2018-04-12T02:57:35.000Z","volume":1000,"label":" ","price":4.68},{"type":"A","date":"2018-04-12T02:57:53.000Z","volume":2000,"label":" ","price":4.68},{"type":"A","date":"2018-04-12T02:58:07.000Z","volume":1000,"label":" ","price":4.68},{"type":"A","date":"2018-04-12T02:58:47.000Z","volume":1000,"label":" ","price":4.68},{"type":"A","date":"2018-04-12T02:59:32.000Z","volume":1000,"label":" ","price":4.68},{"type":"A","date":"2018-04-12T03:00:16.000Z","volume":1000,"label":" ","price":4.68},{"type":"A","date":"2018-04-12T03:00:40.000Z","volume":2000,"label":" ","price":4.68},{"type":"A","date":"2018-04-12T03:00:52.000Z","volume":9000,"label":" ","price":4.68},{"type":"A","date":"2018-04-12T03:00:53.000Z","volume":1000,"label":" ","price":4.68},{"type":"A","date":"2018-04-12T03:01:13.000Z","volume":1000,"label":" ","price":4.68},{"type":"A","date":"2018-04-12T03:01:13.000Z","volume":1000,"label":" ","price":4.68},{"type":"A","date":"2018-04-12T03:01:32.000Z","volume":1000,"label":" ","price":4.68},{"type":"A","date":"2018-04-12T03:01:52.000Z","volume":1000,"label":" ","price":4.68},{"type":"A","date":"2018-04-12T03:02:32.000Z","volume":1000,"label":" ","price":4.68},{"type":"B","date":"2018-04-12T03:02:49.000Z","volume":2000,"label":" ","price":4.67},{"type":"B","date":"2018-04-12T03:03:22.000Z","volume":2000,"label":" ","price":4.67},{"type":"A","date":"2018-04-12T03:03:47.000Z","volume":1000,"label":" ","price":4.68},{"type":"A","date":"2018-04-12T03:03:47.000Z","volume":1000,"label":" ","price":4.68},{"type":"A","date":"2018-04-12T03:04:17.000Z","volume":1000,"label":" ","price":4.68},{"type":"A","date":"2018-04-12T03:04:37.000Z","volume":1000,"label":" ","price":4.68},{"type":"A","date":"2018-04-12T03:04:47.000Z","volume":1000,"label":" ","price":4.68},{"type":"B","date":"2018-04-12T03:04:49.000Z","volume":1000,"label":" ","price":4.67},{"type":"A","date":"2018-04-12T03:04:57.000Z","volume":1000,"label":" ","price":4.68},{"type":"A","date":"2018-04-12T03:05:17.000Z","volume":1000,"label":" ","price":4.68},{"type":"A","date":"2018-04-12T03:05:25.000Z","volume":2000,"label":" ","price":4.68},{"type":"A","date":"2018-04-12T03:05:37.000Z","volume":1000,"label":" ","price":4.68},{"type":"A","date":"2018-04-12T03:05:57.000Z","volume":2000,"label":" ","price":4.68},{"type":"B","date":"2018-04-12T03:06:03.000Z","volume":1000,"label":" ","price":4.67},{"type":"A","date":"2018-04-12T03:06:22.000Z","volume":1000,"label":" ","price":4.68},{"type":"A","date":"2018-04-12T03:06:22.000Z","volume":1000,"label":" ","price":4.68},{"type":"A","date":"2018-04-12T03:06:47.000Z","volume":1000,"label":" ","price":4.68},{"type":"A","date":"2018-04-12T03:07:17.000Z","volume":1000,"label":" ","price":4.68},{"type":"A","date":"2018-04-12T03:07:47.000Z","volume":1000,"label":" ","price":4.68},{"type":"A","date":"2018-04-12T03:08:22.000Z","volume":1000,"label":" ","price":4.68},{"type":"B","date":"2018-04-12T03:08:49.000Z","volume":2000,"label":" ","price":4.67},{"type":"A","date":"2018-04-12T03:09:02.000Z","volume":1000,"label":" ","price":4.68},{"type":"B","date":"2018-04-12T03:09:08.000Z","volume":6000,"label":" ","price":4.67},{"type":"A","date":"2018-04-12T03:09:42.000Z","volume":1000,"label":" ","price":4.68},{"type":"A","date":"2018-04-12T03:10:27.000Z","volume":1000,"label":" ","price":4.68},{"type":"A","date":"2018-04-12T03:11:17.000Z","volume":7000,"label":" ","price":4.68},{"type":"A","date":"2018-04-12T03:11:17.000Z","volume":1000,"label":" ","price":4.68},{"type":"A","date":"2018-04-12T03:12:07.000Z","volume":1000,"label":" ","price":4.68},{"type":"A","date":"2018-04-12T03:12:13.000Z","volume":1000,"label":" ","price":4.68},{"type":"A","date":"2018-04-12T03:12:42.000Z","volume":1000,"label":" ","price":4.68},{"type":"A","date":"2018-04-12T03:13:12.000Z","volume":1000,"label":" ","price":4.68},{"type":"A","date":"2018-04-12T03:13:33.000Z","volume":1000,"label":" ","price":4.68},{"type":"A","date":"2018-04-12T03:13:57.000Z","volume":2000,"label":" ","price":4.68},{"type":"B","date":"2018-04-12T03:13:59.000Z","volume":2000,"label":" ","price":4.67},{"type":"A","date":"2018-04-12T03:14:42.000Z","volume":1000,"label":" ","price":4.68},{"type":"B","date":"2018-04-12T03:14:49.000Z","volume":2000,"label":" ","price":4.67},{"type":"A","date":"2018-04-12T03:15:27.000Z","volume":1000,"label":" ","price":4.68},{"type":"A","date":"2018-04-12T03:15:33.000Z","volume":1000,"label":" ","price":4.68},{"type":"A","date":"2018-04-12T03:16:07.000Z","volume":1000,"label":" ","price":4.68},{"type":"B","date":"2018-04-12T03:16:08.000Z","volume":1000,"label":"Y","price":4.67},{"type":"B","date":"2018-04-12T03:16:08.000Z","volume":7000,"label":" ","price":4.67},{"type":"A","date":"2018-04-12T03:16:52.000Z","volume":1000,"label":" ","price":4.68},{"type":"A","date":"2018-04-12T03:16:58.000Z","volume":3000,"label":" ","price":4.68},{"type":"A","date":"2018-04-12T03:17:22.000Z","volume":1000,"label":" ","price":4.68},{"type":"A","date":"2018-04-12T03:17:47.000Z","volume":1000,"label":" ","price":4.68},{"type":"A","date":"2018-04-12T03:18:52.000Z","volume":1000,"label":" ","price":4.68},{"type":"A","date":"2018-04-12T03:19:25.000Z","volume":2000,"label":" ","price":4.68},{"type":"A","date":"2018-04-12T03:19:25.000Z","volume":1000,"label":" ","price":4.68},{"type":"A","date":"2018-04-12T03:19:51.000Z","volume":3000,"label":" ","price":4.68},{"type":"A","date":"2018-04-12T03:19:51.000Z","volume":1000,"label":" ","price":4.68},{"type":"A","date":"2018-04-12T03:20:22.000Z","volume":1000,"label":" ","price":4.68},{"type":"A","date":"2018-04-12T03:20:32.000Z","volume":1000,"label":" ","price":4.68},{"type":"B","date":"2018-04-12T03:20:49.000Z","volume":2000,"label":" ","price":4.67},{"type":"A","date":"2018-04-12T03:21:12.000Z","volume":1000,"label":" ","price":4.68},{"type":"A","date":"2018-04-12T03:21:13.000Z","volume":1000,"label":" ","price":4.68},{"type":"A","date":"2018-04-12T03:21:41.000Z","volume":1000,"label":" ","price":4.68},{"type":"A","date":"2018-04-12T03:22:10.000Z","volume":9000,"label":" ","price":4.68},{"type":"A","date":"2018-04-12T03:22:12.000Z","volume":1000,"label":" ","price":4.68},{"type":"A","date":"2018-04-12T03:22:13.000Z","volume":1000,"label":" ","price":4.68},{"type":"U","date":"2018-04-12T03:22:41.000Z","volume":605,"label":"D","price":4.64},{"type":"U","date":"2018-04-12T03:22:45.000Z","volume":121,"label":"D","price":4.68},{"type":"A","date":"2018-04-12T03:22:47.000Z","volume":1000,"label":" ","price":4.68},{"type":"A","date":"2018-04-12T03:22:47.000Z","volume":3000,"label":" ","price":4.68},{"type":"A","date":"2018-04-12T03:23:17.000Z","volume":1000,"label":" ","price":4.68},{"type":"A","date":"2018-04-12T03:23:42.000Z","volume":1000,"label":" ","price":4.68},{"type":"B","date":"2018-04-12T03:23:44.000Z","volume":10000,"label":" ","price":4.67},{"type":"A","date":"2018-04-12T03:24:07.000Z","volume":1000,"label":" ","price":4.68},{"type":"A","date":"2018-04-12T03:24:37.000Z","volume":2000,"label":" ","price":4.68},{"type":"A","date":"2018-04-12T03:24:42.000Z","volume":1000,"label":" ","price":4.68},{"type":"B","date":"2018-04-12T03:25:01.000Z","volume":2000,"label":" ","price":4.67},{"type":"A","date":"2018-04-12T03:25:27.000Z","volume":1000,"label":" ","price":4.68},{"type":"A","date":"2018-04-12T03:25:27.000Z","volume":2000,"label":" ","price":4.68},{"type":"B","date":"2018-04-12T03:26:03.000Z","volume":1000,"label":" ","price":4.67},{"type":"B","date":"2018-04-12T03:26:12.000Z","volume":17000,"label":" ","price":4.67},{"type":"A","date":"2018-04-12T03:26:12.000Z","volume":2000,"label":" ","price":4.68},{"type":"A","date":"2018-04-12T03:26:33.000Z","volume":1000,"label":" ","price":4.68},{"type":"A","date":"2018-04-12T03:26:37.000Z","volume":1000,"label":" ","price":4.68},{"type":"B","date":"2018-04-12T03:26:49.000Z","volume":2000,"label":" ","price":4.67},{"type":"A","date":"2018-04-12T03:27:12.000Z","volume":1000,"label":" ","price":4.68},{"type":"A","date":"2018-04-12T03:27:48.000Z","volume":2000,"label":" ","price":4.68},{"type":"A","date":"2018-04-12T03:28:17.000Z","volume":1000,"label":" ","price":4.68},{"type":"B","date":"2018-04-12T03:28:20.000Z","volume":27000,"label":" ","price":4.67},{"type":"A","date":"2018-04-12T03:28:50.000Z","volume":5000,"label":" ","price":4.68},{"type":"A","date":"2018-04-12T03:28:57.000Z","volume":1000,"label":" ","price":4.68},{"type":"B","date":"2018-04-12T03:29:08.000Z","volume":12000,"label":" ","price":4.67},{"type":"A","date":"2018-04-12T03:29:17.000Z","volume":1000,"label":" ","price":4.68},{"type":"A","date":"2018-04-12T03:29:37.000Z","volume":1000,"label":" ","price":4.68},{"type":"U","date":"2018-04-12T03:29:53.000Z","volume":209,"label":"D","price":4.62},{"type":"A","date":"2018-04-12T03:29:57.000Z","volume":1000,"label":" ","price":4.68},{"type":"B","date":"2018-04-12T03:30:24.000Z","volume":1000,"label":" ","price":4.67},{"type":"A","date":"2018-04-12T03:30:27.000Z","volume":1000,"label":" ","price":4.68},{"type":"A","date":"2018-04-12T03:30:37.000Z","volume":1000,"label":" ","price":4.68},{"type":"A","date":"2018-04-12T03:31:17.000Z","volume":1000,"label":" ","price":4.68},{"type":"A","date":"2018-04-12T03:31:17.000Z","volume":3000,"label":" ","price":4.68},{"type":"B","date":"2018-04-12T03:31:35.000Z","volume":2000,"label":" ","price":4.67},{"type":"A","date":"2018-04-12T03:31:57.000Z","volume":1000,"label":" ","price":4.68},{"type":"A","date":"2018-04-12T03:32:47.000Z","volume":1000,"label":" ","price":4.68},{"type":"B","date":"2018-04-12T03:32:49.000Z","volume":1000,"label":" ","price":4.67},{"type":"A","date":"2018-04-12T03:32:59.000Z","volume":3000,"label":" ","price":4.68},{"type":"A","date":"2018-04-12T03:33:13.000Z","volume":1000,"label":" ","price":4.68},{"type":"A","date":"2018-04-12T03:33:57.000Z","volume":1000,"label":" ","price":4.68},{"type":"A","date":"2018-04-12T03:34:32.000Z","volume":1000,"label":" ","price":4.68},{"type":"A","date":"2018-04-12T03:34:32.000Z","volume":2000,"label":" ","price":4.68},{"type":"B","date":"2018-04-12T03:34:39.000Z","volume":1000,"label":" ","price":4.67},{"type":"B","date":"2018-04-12T03:35:00.000Z","volume":2000,"label":" ","price":4.67},{"type":"A","date":"2018-04-12T03:35:07.000Z","volume":1000,"label":" ","price":4.68},{"type":"A","date":"2018-04-12T03:35:14.000Z","volume":2000,"label":" ","price":4.68},{"type":"A","date":"2018-04-12T03:35:33.000Z","volume":2000,"label":" ","price":4.68},{"type":"A","date":"2018-04-12T03:35:47.000Z","volume":1000,"label":" ","price":4.68},{"type":"B","date":"2018-04-12T03:35:55.000Z","volume":4000,"label":" ","price":4.67},{"type":"A","date":"2018-04-12T03:36:12.000Z","volume":1000,"label":" ","price":4.68},{"type":"A","date":"2018-04-12T03:36:32.000Z","volume":1000,"label":" ","price":4.68},{"type":"A","date":"2018-04-12T03:36:50.000Z","volume":6000,"label":" ","price":4.68},{"type":"A","date":"2018-04-12T03:36:51.000Z","volume":1000,"label":" ","price":4.68},{"type":"U","date":"2018-04-12T03:37:12.000Z","volume":760,"label":"D","price":4.62},{"type":"A","date":"2018-04-12T03:37:27.000Z","volume":1000,"label":" ","price":4.68},{"type":"A","date":"2018-04-12T03:37:27.000Z","volume":3000,"label":" ","price":4.68},{"type":"A","date":"2018-04-12T03:37:33.000Z","volume":1000,"label":" ","price":4.68},{"type":"A","date":"2018-04-12T03:38:17.000Z","volume":2000,"label":" ","price":4.68},{"type":"B","date":"2018-04-12T03:38:49.000Z","volume":2000,"label":" ","price":4.67},{"type":"A","date":"2018-04-12T03:38:49.000Z","volume":1000,"label":" ","price":4.68},{"type":"A","date":"2018-04-12T03:39:43.000Z","volume":3000,"label":" ","price":4.68},{"type":"A","date":"2018-04-12T03:39:43.000Z","volume":2000,"label":" ","price":4.68},{"type":"A","date":"2018-04-12T03:39:50.000Z","volume":1000,"label":" ","price":4.68},{"type":"A","date":"2018-04-12T03:40:17.000Z","volume":1000,"label":" ","price":4.68},{"type":"A","date":"2018-04-12T03:40:17.000Z","volume":1000,"label":" ","price":4.68},{"type":"A","date":"2018-04-12T03:40:37.000Z","volume":1000,"label":" ","price":4.68},{"type":"A","date":"2018-04-12T03:40:37.000Z","volume":6000,"label":" ","price":4.68},{"type":"A","date":"2018-04-12T03:40:52.000Z","volume":1000,"label":" ","price":4.68},{"type":"A","date":"2018-04-12T03:41:22.000Z","volume":1000,"label":" ","price":4.68},{"type":"A","date":"2018-04-12T03:41:57.000Z","volume":1000,"label":" ","price":4.68},{"type":"A","date":"2018-04-12T03:42:33.000Z","volume":1000,"label":" ","price":4.68},{"type":"A","date":"2018-04-12T03:42:33.000Z","volume":4000,"label":" ","price":4.68},{"type":"A","date":"2018-04-12T03:42:47.000Z","volume":1000,"label":" ","price":4.68},{"type":"A","date":"2018-04-12T03:44:07.000Z","volume":1000,"label":" ","price":4.68},{"type":"B","date":"2018-04-12T03:44:49.000Z","volume":2000,"label":" ","price":4.67},{"type":"A","date":"2018-04-12T03:44:49.000Z","volume":3000,"label":" ","price":4.68},{"type":"A","date":"2018-04-12T03:44:49.000Z","volume":2000,"label":" ","price":4.68},{"type":"A","date":"2018-04-12T03:45:07.000Z","volume":1000,"label":" ","price":4.68},{"type":"B","date":"2018-04-12T03:45:10.000Z","volume":10000,"label":" ","price":4.67},{"type":"B","date":"2018-04-12T03:45:20.000Z","volume":4000,"label":" ","price":4.67},{"type":"A","date":"2018-04-12T03:45:22.000Z","volume":1000,"label":" ","price":4.68},{"type":"A","date":"2018-04-12T03:45:32.000Z","volume":2000,"label":" ","price":4.68},{"type":"A","date":"2018-04-12T03:45:44.000Z","volume":3000,"label":" ","price":4.68},{"type":"A","date":"2018-04-12T03:45:57.000Z","volume":1000,"label":" ","price":4.68},{"type":"B","date":"2018-04-12T03:46:01.000Z","volume":2000,"label":" ","price":4.67},{"type":"B","date":"2018-04-12T03:46:41.000Z","volume":20000,"label":" ","price":4.67},{"type":"B","date":"2018-04-12T03:46:41.000Z","volume":8000,"label":" ","price":4.67},{"type":"A","date":"2018-04-12T03:47:02.000Z","volume":1000,"label":" ","price":4.68},{"type":"B","date":"2018-04-12T03:47:16.000Z","volume":1000,"label":" ","price":4.67},{"type":"A","date":"2018-04-12T03:47:32.000Z","volume":1000,"label":" ","price":4.68},{"type":"A","date":"2018-04-12T03:47:32.000Z","volume":9000,"label":" ","price":4.68},{"type":"A","date":"2018-04-12T03:47:34.000Z","volume":2000,"label":" ","price":4.68},{"type":"A","date":"2018-04-12T03:48:02.000Z","volume":1000,"label":" ","price":4.68},{"type":"A","date":"2018-04-12T03:48:57.000Z","volume":1000,"label":" ","price":4.68},{"type":"A","date":"2018-04-12T03:49:42.000Z","volume":1000,"label":" ","price":4.68},{"type":"U","date":"2018-04-12T03:49:50.000Z","volume":192,"label":"D","price":4.62},{"type":"A","date":"2018-04-12T03:50:06.000Z","volume":7000,"label":" ","price":4.68},{"type":"A","date":"2018-04-12T03:50:10.000Z","volume":5000,"label":" ","price":4.68},{"type":"A","date":"2018-04-12T03:50:12.000Z","volume":1000,"label":" ","price":4.68},{"type":"A","date":"2018-04-12T03:50:18.000Z","volume":1000,"label":" ","price":4.68},{"type":"A","date":"2018-04-12T03:50:37.000Z","volume":1000,"label":" ","price":4.68},{"type":"A","date":"2018-04-12T03:50:44.000Z","volume":2000,"label":" ","price":4.68},{"type":"B","date":"2018-04-12T03:50:49.000Z","volume":2000,"label":" ","price":4.67},{"type":"A","date":"2018-04-12T03:51:02.000Z","volume":2000,"label":" ","price":4.68},{"type":"A","date":"2018-04-12T03:51:18.000Z","volume":1000,"label":" ","price":4.68},{"type":"B","date":"2018-04-12T03:51:22.000Z","volume":6000,"label":" ","price":4.67},{"type":"A","date":"2018-04-12T03:51:37.000Z","volume":1000,"label":" ","price":4.68},{"type":"B","date":"2018-04-12T03:51:39.000Z","volume":8000,"label":" ","price":4.67},{"type":"A","date":"2018-04-12T03:51:52.000Z","volume":1000,"label":" ","price":4.68},{"type":"A","date":"2018-04-12T03:51:57.000Z","volume":2000,"label":" ","price":4.68},{"type":"A","date":"2018-04-12T03:52:12.000Z","volume":1000,"label":" ","price":4.68},{"type":"A","date":"2018-04-12T03:52:37.000Z","volume":1000,"label":" ","price":4.68},{"type":"A","date":"2018-04-12T03:52:40.000Z","volume":5000,"label":" ","price":4.68},{"type":"B","date":"2018-04-12T03:52:42.000Z","volume":1000,"label":" ","price":4.67},{"type":"A","date":"2018-04-12T03:52:51.000Z","volume":100000,"label":" ","price":4.68},{"type":"A","date":"2018-04-12T03:53:02.000Z","volume":1000,"label":" ","price":4.68},{"type":"U","date":"2018-04-12T03:53:12.000Z","volume":84,"label":"D","price":4.62},{"type":"A","date":"2018-04-12T03:53:25.000Z","volume":8000,"label":" ","price":4.68},{"type":"A","date":"2018-04-12T03:53:50.000Z","volume":1000,"label":" ","price":4.68},{"type":"A","date":"2018-04-12T03:54:15.000Z","volume":2000,"label":" ","price":4.68},{"type":"A","date":"2018-04-12T03:54:15.000Z","volume":1000,"label":" ","price":4.68},{"type":"A","date":"2018-04-12T03:54:37.000Z","volume":1000,"label":" ","price":4.68},{"type":"A","date":"2018-04-12T03:54:37.000Z","volume":1000,"label":" ","price":4.68},{"type":"A","date":"2018-04-12T03:54:47.000Z","volume":2000,"label":" ","price":4.68},{"type":"A","date":"2018-04-12T03:54:57.000Z","volume":1000,"label":" ","price":4.68},{"type":"B","date":"2018-04-12T03:55:19.000Z","volume":2000,"label":" ","price":4.67},{"type":"A","date":"2018-04-12T03:55:19.000Z","volume":1000,"label":" ","price":4.68},{"type":"A","date":"2018-04-12T03:55:22.000Z","volume":1000,"label":" ","price":4.68},{"type":"A","date":"2018-04-12T03:55:37.000Z","volume":1000,"label":" ","price":4.68},{"type":"A","date":"2018-04-12T03:55:54.000Z","volume":2000,"label":" ","price":4.68},{"type":"A","date":"2018-04-12T03:56:20.000Z","volume":1000,"label":" ","price":4.68},{"type":"U","date":"2018-04-12T03:56:23.000Z","volume":600,"label":"D","price":4.63},{"type":"A","date":"2018-04-12T03:56:57.000Z","volume":1000,"label":" ","price":4.68},{"type":"A","date":"2018-04-12T03:57:07.000Z","volume":1000,"label":" ","price":4.68},{"type":"A","date":"2018-04-12T03:57:12.000Z","volume":6000,"label":" ","price":4.68},{"type":"A","date":"2018-04-12T03:57:18.000Z","volume":3000,"label":" ","price":4.68},{"type":"B","date":"2018-04-12T03:57:24.000Z","volume":3000,"label":" ","price":4.67},{"type":"A","date":"2018-04-12T03:57:38.000Z","volume":7000,"label":" ","price":4.68},{"type":"A","date":"2018-04-12T03:57:52.000Z","volume":1000,"label":" ","price":4.68},{"type":"B","date":"2018-04-12T03:57:52.000Z","volume":40000,"label":" ","price":4.67},{"type":"A","date":"2018-04-12T03:57:57.000Z","volume":1000,"label":" ","price":4.68},{"type":"B","date":"2018-04-12T03:58:32.000Z","volume":10000,"label":" ","price":4.67},{"type":"A","date":"2018-04-12T03:58:57.000Z","volume":1000,"label":" ","price":4.68},{"type":"A","date":"2018-04-12T03:59:02.000Z","volume":2000,"label":" ","price":4.68},{"type":"B","date":"2018-04-12T03:59:19.000Z","volume":2000,"label":" ","price":4.67},{"type":"A","date":"2018-04-12T03:59:22.000Z","volume":1000,"label":" ","price":4.68},{"type":"A","date":"2018-04-12T03:59:37.000Z","volume":1000,"label":" ","price":4.68},{"type":"B","date":"2018-04-12T05:00:02.000Z","volume":2000,"label":" ","price":4.67},{"type":"U","date":"2018-04-12T05:00:22.000Z","volume":213,"label":"D","price":4.63},{"type":"A","date":"2018-04-12T05:00:32.000Z","volume":1000,"label":" ","price":4.68},{"type":"A","date":"2018-04-12T05:00:47.000Z","volume":2000,"label":" ","price":4.68},{"type":"A","date":"2018-04-12T05:00:57.000Z","volume":2000,"label":" ","price":4.68},{"type":"A","date":"2018-04-12T05:01:39.000Z","volume":10000,"label":" ","price":4.68},{"type":"A","date":"2018-04-12T05:02:57.000Z","volume":1000,"label":" ","price":4.68},{"type":"B","date":"2018-04-12T05:02:59.000Z","volume":5000,"label":" ","price":4.67},{"type":"A","date":"2018-04-12T05:04:40.000Z","volume":1000,"label":" ","price":4.68},{"type":"B","date":"2018-04-12T05:04:49.000Z","volume":1000,"label":"Y","price":4.67},{"type":"B","date":"2018-04-12T05:04:49.000Z","volume":1000,"label":" ","price":4.67},{"type":"A","date":"2018-04-12T05:04:50.000Z","volume":15000,"label":" ","price":4.68},{"type":"A","date":"2018-04-12T05:05:13.000Z","volume":4000,"label":" ","price":4.68},{"type":"A","date":"2018-04-12T05:05:25.000Z","volume":1000,"label":" ","price":4.68},{"type":"A","date":"2018-04-12T05:05:45.000Z","volume":1000,"label":"Y","price":4.68},{"type":"B","date":"2018-04-12T05:06:25.000Z","volume":1000,"label":" ","price":4.67},{"type":"B","date":"2018-04-12T05:07:51.000Z","volume":20000,"label":" ","price":4.67},{"type":"A","date":"2018-04-12T05:07:51.000Z","volume":1000,"label":" ","price":4.68},{"type":"A","date":"2018-04-12T05:08:12.000Z","volume":1000,"label":"Y","price":4.68},{"type":"B","date":"2018-04-12T05:08:22.000Z","volume":18000,"label":" ","price":4.67},{"type":"A","date":"2018-04-12T05:10:25.000Z","volume":6000,"label":" ","price":4.68},{"type":"A","date":"2018-04-12T05:10:28.000Z","volume":1000,"label":" ","price":4.68},{"type":"B","date":"2018-04-12T05:11:04.000Z","volume":2000,"label":" ","price":4.67},{"type":"A","date":"2018-04-12T05:11:40.000Z","volume":1000,"label":" ","price":4.68},{"type":"A","date":"2018-04-12T05:12:39.000Z","volume":1000,"label":" ","price":4.68},{"type":"A","date":"2018-04-12T05:13:36.000Z","volume":3000,"label":" ","price":4.68},{"type":"A","date":"2018-04-12T05:13:40.000Z","volume":1000,"label":" ","price":4.68},{"type":"A","date":"2018-04-12T05:14:25.000Z","volume":2000,"label":" ","price":4.68},{"type":"A","date":"2018-04-12T05:14:31.000Z","volume":2000,"label":" ","price":4.68},{"type":"A","date":"2018-04-12T05:15:21.000Z","volume":3000,"label":" ","price":4.68},{"type":"A","date":"2018-04-12T05:15:23.000Z","volume":1000,"label":" ","price":4.68},{"type":"A","date":"2018-04-12T05:15:24.000Z","volume":1000,"label":" ","price":4.68},{"type":"A","date":"2018-04-12T05:15:40.000Z","volume":1000,"label":" ","price":4.68},{"type":"A","date":"2018-04-12T05:15:40.000Z","volume":1000,"label":" ","price":4.68},{"type":"B","date":"2018-04-12T05:16:24.000Z","volume":1000,"label":" ","price":4.67},{"type":"A","date":"2018-04-12T05:16:26.000Z","volume":2000,"label":" ","price":4.68},{"type":"A","date":"2018-04-12T05:16:40.000Z","volume":1000,"label":" ","price":4.68},{"type":"B","date":"2018-04-12T05:17:04.000Z","volume":2000,"label":" ","price":4.67},{"type":"B","date":"2018-04-12T05:17:13.000Z","volume":2000,"label":" ","price":4.67},{"type":"B","date":"2018-04-12T05:17:59.000Z","volume":3000,"label":" ","price":4.67},{"type":"A","date":"2018-04-12T05:18:39.000Z","volume":1000,"label":" ","price":4.68},{"type":"A","date":"2018-04-12T05:19:41.000Z","volume":1000,"label":" ","price":4.68},{"type":"A","date":"2018-04-12T05:19:45.000Z","volume":2000,"label":" ","price":4.68},{"type":"A","date":"2018-04-12T05:19:53.000Z","volume":5000,"label":" ","price":4.68},{"type":"A","date":"2018-04-12T05:20:20.000Z","volume":1000,"label":" ","price":4.68},{"type":"A","date":"2018-04-12T05:20:24.000Z","volume":5000,"label":" ","price":4.68},{"type":"B","date":"2018-04-12T05:20:54.000Z","volume":1000,"label":" ","price":4.67},{"type":"A","date":"2018-04-12T05:21:07.000Z","volume":1000,"label":" ","price":4.68},{"type":"A","date":"2018-04-12T05:21:10.000Z","volume":1000,"label":" ","price":4.68},{"type":"A","date":"2018-04-12T05:21:11.000Z","volume":1000,"label":" ","price":4.68},{"type":"A","date":"2018-04-12T05:21:20.000Z","volume":1000,"label":" ","price":4.68},{"type":"A","date":"2018-04-12T05:21:21.000Z","volume":1000,"label":" ","price":4.68},{"type":"B","date":"2018-04-12T05:23:04.000Z","volume":2000,"label":" ","price":4.67},{"type":"A","date":"2018-04-12T05:23:04.000Z","volume":4000,"label":" ","price":4.68},{"type":"B","date":"2018-04-12T05:23:13.000Z","volume":4000,"label":" ","price":4.67},{"type":"B","date":"2018-04-12T05:23:23.000Z","volume":1000,"label":" ","price":4.67},{"type":"A","date":"2018-04-12T05:24:04.000Z","volume":1000,"label":" ","price":4.68},{"type":"A","date":"2018-04-12T05:24:58.000Z","volume":2000,"label":" ","price":4.68},{"type":"B","date":"2018-04-12T05:24:59.000Z","volume":6000,"label":" ","price":4.67},{"type":"A","date":"2018-04-12T05:25:25.000Z","volume":2000,"label":" ","price":4.68},{"type":"A","date":"2018-04-12T05:25:25.000Z","volume":1000,"label":" ","price":4.68},{"type":"A","date":"2018-04-12T05:26:23.000Z","volume":2000,"label":" ","price":4.68},{"type":"B","date":"2018-04-12T05:26:24.000Z","volume":1000,"label":" ","price":4.67},{"type":"B","date":"2018-04-12T05:27:47.000Z","volume":1000,"label":" ","price":4.67},{"type":"A","date":"2018-04-12T05:28:24.000Z","volume":4000,"label":" ","price":4.68},{"type":"B","date":"2018-04-12T05:29:04.000Z","volume":3000,"label":" ","price":4.67},{"type":"A","date":"2018-04-12T05:29:10.000Z","volume":1000,"label":" ","price":4.68},{"type":"A","date":"2018-04-12T05:29:26.000Z","volume":2000,"label":" ","price":4.68},{"type":"A","date":"2018-04-12T05:29:42.000Z","volume":1000,"label":" ","price":4.68},{"type":"A","date":"2018-04-12T05:30:29.000Z","volume":1000,"label":" ","price":4.68},{"type":"A","date":"2018-04-12T05:31:07.000Z","volume":2000,"label":" ","price":4.68},{"type":"U","date":"2018-04-12T05:31:30.000Z","volume":1,"label":"D","price":4.717},{"type":"B","date":"2018-04-12T05:31:54.000Z","volume":1000,"label":" ","price":4.67},{"type":"A","date":"2018-04-12T05:32:13.000Z","volume":2000,"label":" ","price":4.68},{"type":"A","date":"2018-04-12T05:33:00.000Z","volume":1000,"label":" ","price":4.68},{"type":"A","date":"2018-04-12T05:33:37.000Z","volume":6000,"label":" ","price":4.68},{"type":"A","date":"2018-04-12T05:33:40.000Z","volume":1000,"label":" ","price":4.68},{"type":"A","date":"2018-04-12T05:33:57.000Z","volume":2000,"label":" ","price":4.68},{"type":"A","date":"2018-04-12T05:34:22.000Z","volume":1000,"label":" ","price":4.68},{"type":"A","date":"2018-04-12T05:34:26.000Z","volume":1000,"label":" ","price":4.68},{"type":"A","date":"2018-04-12T05:35:02.000Z","volume":1000,"label":" ","price":4.68},{"type":"B","date":"2018-04-12T05:35:04.000Z","volume":2000,"label":" ","price":4.67},{"type":"A","date":"2018-04-12T05:35:19.000Z","volume":1000,"label":" ","price":4.68},{"type":"A","date":"2018-04-12T05:35:19.000Z","volume":2000,"label":" ","price":4.68},{"type":"A","date":"2018-04-12T05:35:22.000Z","volume":2000,"label":" ","price":4.68},{"type":"A","date":"2018-04-12T05:35:28.000Z","volume":1000,"label":" ","price":4.68},{"type":"A","date":"2018-04-12T05:35:52.000Z","volume":1000,"label":" ","price":4.68},{"type":"B","date":"2018-04-12T05:36:21.000Z","volume":1000,"label":" ","price":4.67},{"type":"A","date":"2018-04-12T05:36:27.000Z","volume":1000,"label":" ","price":4.68},{"type":"A","date":"2018-04-12T05:37:02.000Z","volume":1000,"label":" ","price":4.68},{"type":"A","date":"2018-04-12T05:37:22.000Z","volume":1000,"label":" ","price":4.68},{"type":"A","date":"2018-04-12T05:37:22.000Z","volume":1000,"label":" ","price":4.68},{"type":"B","date":"2018-04-12T05:37:24.000Z","volume":1000,"label":" ","price":4.67},{"type":"A","date":"2018-04-12T05:37:37.000Z","volume":2000,"label":" ","price":4.68},{"type":"A","date":"2018-04-12T05:37:42.000Z","volume":1000,"label":" ","price":4.68},{"type":"B","date":"2018-04-12T05:37:43.000Z","volume":4000,"label":" ","price":4.67},{"type":"A","date":"2018-04-12T05:37:44.000Z","volume":2000,"label":" ","price":4.68},{"type":"A","date":"2018-04-12T05:37:49.000Z","volume":2000,"label":" ","price":4.68},{"type":"A","date":"2018-04-12T05:38:01.000Z","volume":1000,"label":" ","price":4.68},{"type":"A","date":"2018-04-12T05:38:21.000Z","volume":6000,"label":" ","price":4.68},{"type":"A","date":"2018-04-12T05:38:35.000Z","volume":1000,"label":" ","price":4.68},{"type":"A","date":"2018-04-12T05:38:57.000Z","volume":1000,"label":" ","price":4.68},{"type":"A","date":"2018-04-12T05:39:10.000Z","volume":3000,"label":" ","price":4.68},{"type":"A","date":"2018-04-12T05:39:47.000Z","volume":1000,"label":" ","price":4.68},{"type":"A","date":"2018-04-12T05:40:24.000Z","volume":2000,"label":" ","price":4.68},{"type":"A","date":"2018-04-12T05:40:42.000Z","volume":1000,"label":" ","price":4.68},{"type":"A","date":"2018-04-12T05:40:42.000Z","volume":2000,"label":" ","price":4.68},{"type":"A","date":"2018-04-12T05:41:03.000Z","volume":2000,"label":" ","price":4.68},{"type":"B","date":"2018-04-12T05:41:04.000Z","volume":2000,"label":" ","price":4.67},{"type":"A","date":"2018-04-12T05:41:27.000Z","volume":1000,"label":" ","price":4.68},{"type":"A","date":"2018-04-12T05:41:35.000Z","volume":1000,"label":" ","price":4.68},{"type":"B","date":"2018-04-12T05:42:00.000Z","volume":3000,"label":" ","price":4.67},{"type":"A","date":"2018-04-12T05:42:07.000Z","volume":2000,"label":" ","price":4.68},{"type":"A","date":"2018-04-12T05:42:28.000Z","volume":3000,"label":" ","price":4.68},{"type":"B","date":"2018-04-12T05:42:55.000Z","volume":1000,"label":" ","price":4.67},{"type":"A","date":"2018-04-12T05:43:27.000Z","volume":2000,"label":" ","price":4.68},{"type":"A","date":"2018-04-12T05:43:35.000Z","volume":1000,"label":" ","price":4.68},{"type":"A","date":"2018-04-12T05:44:05.000Z","volume":2000,"label":" ","price":4.68},{"type":"A","date":"2018-04-12T05:44:05.000Z","volume":2000,"label":" ","price":4.68},{"type":"A","date":"2018-04-12T05:44:17.000Z","volume":1000,"label":" ","price":4.68},{"type":"A","date":"2018-04-12T05:44:22.000Z","volume":2000,"label":" ","price":4.68},{"type":"A","date":"2018-04-12T05:45:02.000Z","volume":1000,"label":" ","price":4.68},{"type":"A","date":"2018-04-12T05:45:27.000Z","volume":1000,"label":" ","price":4.68},{"type":"A","date":"2018-04-12T05:45:35.000Z","volume":1000,"label":" ","price":4.68},{"type":"A","date":"2018-04-12T05:45:37.000Z","volume":1000,"label":" ","price":4.68},{"type":"A","date":"2018-04-12T05:45:47.000Z","volume":3000,"label":" ","price":4.68},{"type":"A","date":"2018-04-12T05:46:17.000Z","volume":1000,"label":" ","price":4.68},{"type":"A","date":"2018-04-12T05:46:17.000Z","volume":2000,"label":" ","price":4.68},{"type":"B","date":"2018-04-12T05:47:04.000Z","volume":2000,"label":" ","price":4.67},{"type":"A","date":"2018-04-12T05:47:12.000Z","volume":1000,"label":" ","price":4.68},{"type":"A","date":"2018-04-12T05:47:12.000Z","volume":1000,"label":" ","price":4.68},{"type":"A","date":"2018-04-12T05:47:35.000Z","volume":1000,"label":" ","price":4.68},{"type":"A","date":"2018-04-12T05:48:07.000Z","volume":1000,"label":" ","price":4.68},{"type":"B","date":"2018-04-12T05:48:25.000Z","volume":1000,"label":" ","price":4.67},{"type":"A","date":"2018-04-12T05:48:47.000Z","volume":1000,"label":" ","price":4.68},{"type":"B","date":"2018-04-12T05:49:03.000Z","volume":2000,"label":" ","price":4.67},{"type":"A","date":"2018-04-12T05:49:06.000Z","volume":2000,"label":" ","price":4.68},{"type":"A","date":"2018-04-12T05:49:06.000Z","volume":2000,"label":" ","price":4.68},{"type":"A","date":"2018-04-12T05:49:23.000Z","volume":4000,"label":" ","price":4.68},{"type":"A","date":"2018-04-12T05:49:42.000Z","volume":1000,"label":" ","price":4.68},{"type":"A","date":"2018-04-12T05:50:24.000Z","volume":1000,"label":" ","price":4.68},{"type":"B","date":"2018-04-12T05:50:30.000Z","volume":6000,"label":" ","price":4.67},{"type":"A","date":"2018-04-12T05:50:31.000Z","volume":2000,"label":" ","price":4.68},{"type":"A","date":"2018-04-12T05:50:53.000Z","volume":10000,"label":" ","price":4.68},{"type":"A","date":"2018-04-12T05:50:53.000Z","volume":1000,"label":" ","price":4.68},{"type":"A","date":"2018-04-12T05:51:37.000Z","volume":1000,"label":" ","price":4.68},{"type":"A","date":"2018-04-12T05:51:56.000Z","volume":5000,"label":" ","price":4.68},{"type":"A","date":"2018-04-12T05:51:56.000Z","volume":2000,"label":" ","price":4.68},{"type":"A","date":"2018-04-12T05:51:58.000Z","volume":1000,"label":" ","price":4.68},{"type":"U","date":"2018-04-12T05:52:01.000Z","volume":232,"label":"D","price":4.63},{"type":"A","date":"2018-04-12T05:52:06.000Z","volume":1000,"label":" ","price":4.68},{"type":"A","date":"2018-04-12T05:52:12.000Z","volume":1000,"label":" ","price":4.68},{"type":"B","date":"2018-04-12T05:52:14.000Z","volume":4000,"label":" ","price":4.67},{"type":"A","date":"2018-04-12T05:52:37.000Z","volume":1000,"label":" ","price":4.68},{"type":"A","date":"2018-04-12T05:53:02.000Z","volume":1000,"label":" ","price":4.68},{"type":"B","date":"2018-04-12T05:53:04.000Z","volume":2000,"label":" ","price":4.67},{"type":"A","date":"2018-04-12T05:53:37.000Z","volume":1000,"label":" ","price":4.68},{"type":"A","date":"2018-04-12T05:53:50.000Z","volume":3000,"label":" ","price":4.68},{"type":"B","date":"2018-04-12T05:53:55.000Z","volume":1000,"label":" ","price":4.67},{"type":"A","date":"2018-04-12T05:54:07.000Z","volume":1000,"label":" ","price":4.68},{"type":"A","date":"2018-04-12T05:54:37.000Z","volume":1000,"label":" ","price":4.68},{"type":"A","date":"2018-04-12T05:54:37.000Z","volume":2000,"label":" ","price":4.68},{"type":"A","date":"2018-04-12T05:55:12.000Z","volume":1000,"label":" ","price":4.68},{"type":"A","date":"2018-04-12T05:55:28.000Z","volume":1000,"label":" ","price":4.68},{"type":"A","date":"2018-04-12T05:55:28.000Z","volume":1000,"label":" ","price":4.68},{"type":"A","date":"2018-04-12T05:55:44.000Z","volume":2000,"label":" ","price":4.68},{"type":"A","date":"2018-04-12T05:55:52.000Z","volume":1000,"label":" ","price":4.68},{"type":"A","date":"2018-04-12T05:56:47.000Z","volume":1000,"label":" ","price":4.68},{"type":"A","date":"2018-04-12T05:57:09.000Z","volume":1000,"label":" ","price":4.68},{"type":"A","date":"2018-04-12T05:57:16.000Z","volume":2000,"label":" ","price":4.68},{"type":"A","date":"2018-04-12T05:57:38.000Z","volume":1000,"label":" ","price":4.68},{"type":"A","date":"2018-04-12T05:57:42.000Z","volume":1000,"label":" ","price":4.68},{"type":"A","date":"2018-04-12T05:57:45.000Z","volume":7000,"label":" ","price":4.68},{"type":"A","date":"2018-04-12T05:58:34.000Z","volume":1000,"label":" ","price":4.68},{"type":"B","date":"2018-04-12T05:58:43.000Z","volume":30000,"label":" ","price":4.67},{"type":"A","date":"2018-04-12T05:58:52.000Z","volume":1000,"label":" ","price":4.68},{"type":"B","date":"2018-04-12T05:59:04.000Z","volume":2000,"label":" ","price":4.67},{"type":"B","date":"2018-04-12T05:59:25.000Z","volume":1000,"label":" ","price":4.67},{"type":"A","date":"2018-04-12T06:00:00.000Z","volume":2000,"label":" ","price":4.68},{"type":"A","date":"2018-04-12T06:00:02.000Z","volume":1000,"label":" ","price":4.68},{"type":"A","date":"2018-04-12T06:00:21.000Z","volume":2000,"label":" ","price":4.68},{"type":"A","date":"2018-04-12T06:00:28.000Z","volume":11000,"label":" ","price":4.68},{"type":"A","date":"2018-04-12T06:01:02.000Z","volume":1000,"label":" ","price":4.68},{"type":"A","date":"2018-04-12T06:01:52.000Z","volume":1000,"label":" ","price":4.68},{"type":"A","date":"2018-04-12T06:02:17.000Z","volume":1000,"label":" ","price":4.68},{"type":"A","date":"2018-04-12T06:02:21.000Z","volume":1000,"label":" ","price":4.68},{"type":"A","date":"2018-04-12T06:02:42.000Z","volume":1000,"label":" ","price":4.68},{"type":"A","date":"2018-04-12T06:03:07.000Z","volume":1000,"label":" ","price":4.68},{"type":"A","date":"2018-04-12T06:03:07.000Z","volume":2000,"label":" ","price":4.68},{"type":"A","date":"2018-04-12T06:03:32.000Z","volume":1000,"label":" ","price":4.68},{"type":"A","date":"2018-04-12T06:03:46.000Z","volume":1000,"label":" ","price":4.68},{"type":"A","date":"2018-04-12T06:03:57.000Z","volume":1000,"label":" ","price":4.68},{"type":"A","date":"2018-04-12T06:04:32.000Z","volume":1000,"label":" ","price":4.68},{"type":"A","date":"2018-04-12T06:05:12.000Z","volume":1000,"label":" ","price":4.68},{"type":"A","date":"2018-04-12T06:05:12.000Z","volume":1000,"label":" ","price":4.68},{"type":"A","date":"2018-04-12T06:05:23.000Z","volume":1000,"label":" ","price":4.68},{"type":"A","date":"2018-04-12T06:05:43.000Z","volume":2000,"label":" ","price":4.68},{"type":"A","date":"2018-04-12T06:05:57.000Z","volume":1000,"label":" ","price":4.68},{"type":"A","date":"2018-04-12T06:06:12.000Z","volume":1000,"label":" ","price":4.68},{"type":"B","date":"2018-04-12T06:06:31.000Z","volume":3000,"label":" ","price":4.67},{"type":"A","date":"2018-04-12T06:07:02.000Z","volume":1000,"label":" ","price":4.68},{"type":"A","date":"2018-04-12T06:07:05.000Z","volume":1000,"label":" ","price":4.68},{"type":"A","date":"2018-04-12T06:07:37.000Z","volume":1000,"label":" ","price":4.68},{"type":"A","date":"2018-04-12T06:08:02.000Z","volume":2000,"label":" ","price":4.68},{"type":"A","date":"2018-04-12T06:08:15.000Z","volume":1000,"label":"Y","price":4.68},{"type":"A","date":"2018-04-12T06:08:15.000Z","volume":7000,"label":" ","price":4.68},{"type":"A","date":"2018-04-12T06:08:17.000Z","volume":1000,"label":" ","price":4.68},{"type":"A","date":"2018-04-12T06:08:27.000Z","volume":1000,"label":" ","price":4.68},{"type":"A","date":"2018-04-12T06:08:30.000Z","volume":2000,"label":" ","price":4.68},{"type":"A","date":"2018-04-12T06:08:38.000Z","volume":10000,"label":" ","price":4.68},{"type":"A","date":"2018-04-12T06:08:45.000Z","volume":4000,"label":" ","price":4.68},{"type":"A","date":"2018-04-12T06:08:50.000Z","volume":1000,"label":" ","price":4.68},{"type":"A","date":"2018-04-12T06:09:17.000Z","volume":1000,"label":" ","price":4.68},{"type":"A","date":"2018-04-12T06:09:21.000Z","volume":4000,"label":" ","price":4.68},{"type":"A","date":"2018-04-12T06:09:45.000Z","volume":1000,"label":" ","price":4.68},{"type":"B","date":"2018-04-12T06:09:55.000Z","volume":1000,"label":" ","price":4.67},{"type":"A","date":"2018-04-12T06:09:56.000Z","volume":7000,"label":" ","price":4.68},{"type":"A","date":"2018-04-12T06:10:09.000Z","volume":1000,"label":" ","price":4.68},{"type":"B","date":"2018-04-12T06:10:17.000Z","volume":10000,"label":" ","price":4.67},{"type":"A","date":"2018-04-12T06:10:20.000Z","volume":2000,"label":" ","price":4.68},{"type":"A","date":"2018-04-12T06:10:20.000Z","volume":1000,"label":" ","price":4.68},{"type":"A","date":"2018-04-12T06:10:26.000Z","volume":2000,"label":" ","price":4.68},{"type":"U","date":"2018-04-12T06:10:31.000Z","volume":822,"label":"D","price":4.68},{"type":"B","date":"2018-04-12T06:11:04.000Z","volume":2000,"label":" ","price":4.67},{"type":"A","date":"2018-04-12T06:11:04.000Z","volume":1000,"label":" ","price":4.68},{"type":"A","date":"2018-04-12T06:11:41.000Z","volume":2000,"label":" ","price":4.68},{"type":"A","date":"2018-04-12T06:11:44.000Z","volume":1000,"label":" ","price":4.68},{"type":"A","date":"2018-04-12T06:11:49.000Z","volume":6000,"label":" ","price":4.68},{"type":"A","date":"2018-04-12T06:12:12.000Z","volume":1000,"label":" ","price":4.68},{"type":"A","date":"2018-04-12T06:12:27.000Z","volume":1000,"label":" ","price":4.68},{"type":"A","date":"2018-04-12T06:12:30.000Z","volume":2000,"label":" ","price":4.68},{"type":"A","date":"2018-04-12T06:12:42.000Z","volume":1000,"label":" ","price":4.68},{"type":"A","date":"2018-04-12T06:12:57.000Z","volume":1000,"label":" ","price":4.68},{"type":"A","date":"2018-04-12T06:13:14.000Z","volume":2000,"label":" ","price":4.68},{"type":"A","date":"2018-04-12T06:13:27.000Z","volume":1000,"label":" ","price":4.68},{"type":"A","date":"2018-04-12T06:13:52.000Z","volume":2000,"label":" ","price":4.68},{"type":"A","date":"2018-04-12T06:14:02.000Z","volume":1000,"label":" ","price":4.68},{"type":"U","date":"2018-04-12T06:14:10.000Z","volume":1000,"label":"X","price":4.675},{"type":"A","date":"2018-04-12T06:14:19.000Z","volume":2000,"label":" ","price":4.68},{"type":"A","date":"2018-04-12T06:14:19.000Z","volume":3000,"label":" ","price":4.68},{"type":"A","date":"2018-04-12T06:14:37.000Z","volume":1000,"label":" ","price":4.68},{"type":"A","date":"2018-04-12T06:14:40.000Z","volume":1000,"label":" ","price":4.68},{"type":"A","date":"2018-04-12T06:14:45.000Z","volume":3000,"label":" ","price":4.68},{"type":"A","date":"2018-04-12T06:14:59.000Z","volume":2000,"label":" ","price":4.68},{"type":"A","date":"2018-04-12T06:15:12.000Z","volume":1000,"label":" ","price":4.68},{"type":"A","date":"2018-04-12T06:15:21.000Z","volume":2000,"label":" ","price":4.68},{"type":"A","date":"2018-04-12T06:15:24.000Z","volume":1000,"label":" ","price":4.68},{"type":"A","date":"2018-04-12T06:15:47.000Z","volume":1000,"label":" ","price":4.68},{"type":"A","date":"2018-04-12T06:16:33.000Z","volume":5000,"label":" ","price":4.68},{"type":"B","date":"2018-04-12T06:16:35.000Z","volume":10000,"label":" ","price":4.67},{"type":"A","date":"2018-04-12T06:16:57.000Z","volume":1000,"label":" ","price":4.68},{"type":"A","date":"2018-04-12T06:17:03.000Z","volume":2000,"label":" ","price":4.68},{"type":"B","date":"2018-04-12T06:17:04.000Z","volume":2000,"label":" ","price":4.67},{"type":"A","date":"2018-04-12T06:17:27.000Z","volume":1000,"label":" ","price":4.68},{"type":"A","date":"2018-04-12T06:17:52.000Z","volume":1000,"label":" ","price":4.68},{"type":"A","date":"2018-04-12T06:17:58.000Z","volume":4000,"label":" ","price":4.68},{"type":"A","date":"2018-04-12T06:18:06.000Z","volume":8000,"label":" ","price":4.68},{"type":"A","date":"2018-04-12T06:18:22.000Z","volume":2000,"label":" ","price":4.68},{"type":"A","date":"2018-04-12T06:18:47.000Z","volume":1000,"label":" ","price":4.68},{"type":"A","date":"2018-04-12T06:19:11.000Z","volume":1000,"label":" ","price":4.68},{"type":"B","date":"2018-04-12T06:19:14.000Z","volume":2000,"label":" ","price":4.67},{"type":"A","date":"2018-04-12T06:19:23.000Z","volume":7000,"label":" ","price":4.68},{"type":"A","date":"2018-04-12T06:19:32.000Z","volume":5000,"label":" ","price":4.68},{"type":"A","date":"2018-04-12T06:19:42.000Z","volume":1000,"label":" ","price":4.68},{"type":"A","date":"2018-04-12T06:19:42.000Z","volume":1000,"label":" ","price":4.68},{"type":"A","date":"2018-04-12T06:19:52.000Z","volume":3000,"label":" ","price":4.68},{"type":"A","date":"2018-04-12T06:20:21.000Z","volume":1000,"label":" ","price":4.68},{"type":"A","date":"2018-04-12T06:20:23.000Z","volume":1000,"label":" ","price":4.68},{"type":"A","date":"2018-04-12T06:20:25.000Z","volume":1000,"label":" ","price":4.68},{"type":"A","date":"2018-04-12T06:20:25.000Z","volume":1000,"label":" ","price":4.68},{"type":"B","date":"2018-04-12T06:20:31.000Z","volume":1000,"label":" ","price":4.67},{"type":"A","date":"2018-04-12T06:21:17.000Z","volume":5000,"label":" ","price":4.68},{"type":"A","date":"2018-04-12T06:21:21.000Z","volume":1000,"label":" ","price":4.68},{"type":"B","date":"2018-04-12T06:21:35.000Z","volume":20000,"label":" ","price":4.67},{"type":"A","date":"2018-04-12T06:22:17.000Z","volume":1000,"label":" ","price":4.68},{"type":"A","date":"2018-04-12T06:22:17.000Z","volume":2000,"label":" ","price":4.68},{"type":"B","date":"2018-04-12T06:22:26.000Z","volume":200000,"label":" ","price":4.67},{"type":"B","date":"2018-04-12T06:22:26.000Z","volume":12000,"label":" ","price":4.67},{"type":"B","date":"2018-04-12T06:23:04.000Z","volume":3000,"label":" ","price":4.67},{"type":"B","date":"2018-04-12T06:24:31.000Z","volume":6000,"label":" ","price":4.67},{"type":"A","date":"2018-04-12T06:24:36.000Z","volume":24000,"label":" ","price":4.68},{"type":"B","date":"2018-04-12T06:25:01.000Z","volume":2000,"label":" ","price":4.67},{"type":"B","date":"2018-04-12T06:25:45.000Z","volume":2000,"label":" ","price":4.67},{"type":"B","date":"2018-04-12T06:26:01.000Z","volume":6000,"label":" ","price":4.67},{"type":"A","date":"2018-04-12T06:26:01.000Z","volume":26000,"label":" ","price":4.68},{"type":"U","date":"2018-04-12T06:26:03.000Z","volume":732,"label":"D","price":4.64},{"type":"U","date":"2018-04-12T06:26:08.000Z","volume":600,"label":"D","price":4.63},{"type":"B","date":"2018-04-12T06:26:45.000Z","volume":1000,"label":" ","price":4.67},{"type":"A","date":"2018-04-12T06:27:26.000Z","volume":8000,"label":" ","price":4.68},{"type":"A","date":"2018-04-12T06:27:36.000Z","volume":1000,"label":" ","price":4.68},{"type":"B","date":"2018-04-12T06:29:04.000Z","volume":2000,"label":" ","price":4.67},{"type":"A","date":"2018-04-12T06:29:20.000Z","volume":1000,"label":" ","price":4.68},{"type":"U","date":"2018-04-12T06:29:32.000Z","volume":200,"label":"D","price":4.62},{"type":"B","date":"2018-04-12T06:29:36.000Z","volume":1000,"label":" ","price":4.67},{"type":"B","date":"2018-04-12T06:29:56.000Z","volume":1000,"label":" ","price":4.67},{"type":"A","date":"2018-04-12T06:30:28.000Z","volume":7000,"label":" ","price":4.68},{"type":"A","date":"2018-04-12T06:30:45.000Z","volume":1000,"label":" ","price":4.68},{"type":"B","date":"2018-04-12T06:31:28.000Z","volume":17000,"label":" ","price":4.67},{"type":"B","date":"2018-04-12T06:32:05.000Z","volume":30000,"label":" ","price":4.67},{"type":"B","date":"2018-04-12T06:32:06.000Z","volume":1000,"label":" ","price":4.67},{"type":"B","date":"2018-04-12T06:32:11.000Z","volume":5000,"label":" ","price":4.67},{"type":"B","date":"2018-04-12T06:32:31.000Z","volume":9000,"label":" ","price":4.67},{"type":"A","date":"2018-04-12T06:32:39.000Z","volume":5000,"label":" ","price":4.68},{"type":"B","date":"2018-04-12T06:32:45.000Z","volume":6000,"label":" ","price":4.67},{"type":"A","date":"2018-04-12T06:33:03.000Z","volume":2000,"label":" ","price":4.68},{"type":"B","date":"2018-04-12T06:33:25.000Z","volume":1000,"label":" ","price":4.67},{"type":"B","date":"2018-04-12T06:33:56.000Z","volume":5000,"label":" ","price":4.67},{"type":"A","date":"2018-04-12T06:34:32.000Z","volume":13000,"label":" ","price":4.68},{"type":"B","date":"2018-04-12T06:35:04.000Z","volume":2000,"label":" ","price":4.67},{"type":"A","date":"2018-04-12T06:35:24.000Z","volume":5000,"label":" ","price":4.68},{"type":"A","date":"2018-04-12T06:35:51.000Z","volume":17000,"label":" ","price":4.68},{"type":"A","date":"2018-04-12T06:37:02.000Z","volume":11000,"label":" ","price":4.68},{"type":"A","date":"2018-04-12T06:37:43.000Z","volume":63000,"label":" ","price":4.68},{"type":"A","date":"2018-04-12T06:38:34.000Z","volume":3000,"label":" ","price":4.68},{"type":"A","date":"2018-04-12T06:38:48.000Z","volume":19000,"label":" ","price":4.68},{"type":"A","date":"2018-04-12T06:39:29.000Z","volume":5000,"label":" ","price":4.68},{"type":"A","date":"2018-04-12T06:40:20.000Z","volume":1000,"label":" ","price":4.68},{"type":"A","date":"2018-04-12T06:40:24.000Z","volume":1000,"label":" ","price":4.68},{"type":"A","date":"2018-04-12T06:40:32.000Z","volume":4000,"label":" ","price":4.68},{"type":"A","date":"2018-04-12T06:40:42.000Z","volume":2000,"label":" ","price":4.68},{"type":"B","date":"2018-04-12T06:41:15.000Z","volume":2000,"label":" ","price":4.67},{"type":"B","date":"2018-04-12T06:41:22.000Z","volume":10000,"label":" ","price":4.67},{"type":"A","date":"2018-04-12T06:41:37.000Z","volume":3000,"label":" ","price":4.68},{"type":"A","date":"2018-04-12T06:42:07.000Z","volume":5000,"label":" ","price":4.68},{"type":"A","date":"2018-04-12T06:43:32.000Z","volume":5000,"label":" ","price":4.68},{"type":"A","date":"2018-04-12T06:44:17.000Z","volume":3000,"label":" ","price":4.68},{"type":"A","date":"2018-04-12T06:44:23.000Z","volume":8000,"label":" ","price":4.68},{"type":"A","date":"2018-04-12T06:45:22.000Z","volume":2000,"label":" ","price":4.68},{"type":"A","date":"2018-04-12T06:45:25.000Z","volume":2000,"label":" ","price":4.68},{"type":"A","date":"2018-04-12T06:45:26.000Z","volume":3000,"label":"Y","price":4.68},{"type":"B","date":"2018-04-12T06:46:41.000Z","volume":50000,"label":" ","price":4.67},{"type":"A","date":"2018-04-12T06:46:51.000Z","volume":1000,"label":"Y","price":4.68},{"type":"B","date":"2018-04-12T06:47:04.000Z","volume":2000,"label":" ","price":4.67},{"type":"B","date":"2018-04-12T06:47:20.000Z","volume":1000,"label":" ","price":4.67},{"type":"U","date":"2018-04-12T06:48:54.000Z","volume":600,"label":"D","price":4.62},{"type":"B","date":"2018-04-12T06:48:55.000Z","volume":100000,"label":" ","price":4.67},{"type":"A","date":"2018-04-12T06:49:41.000Z","volume":3000,"label":" ","price":4.68},{"type":"B","date":"2018-04-12T06:51:25.000Z","volume":1000,"label":" ","price":4.67},{"type":"A","date":"2018-04-12T06:52:03.000Z","volume":26000,"label":"Y","price":4.68},{"type":"A","date":"2018-04-12T06:52:34.000Z","volume":18000,"label":" ","price":4.68},{"type":"A","date":"2018-04-12T06:52:42.000Z","volume":3000,"label":" ","price":4.68},{"type":"B","date":"2018-04-12T06:52:55.000Z","volume":1000,"label":" ","price":4.67},{"type":"B","date":"2018-04-12T06:53:04.000Z","volume":2000,"label":" ","price":4.67},{"type":"A","date":"2018-04-12T06:53:28.000Z","volume":6000,"label":"Y","price":4.68},{"type":"B","date":"2018-04-12T06:53:32.000Z","volume":3000,"label":" ","price":4.67},{"type":"A","date":"2018-04-12T06:54:54.000Z","volume":1000,"label":"Y","price":4.68},{"type":"B","date":"2018-04-12T06:54:55.000Z","volume":1000,"label":" ","price":4.67},{"type":"U","date":"2018-04-12T06:55:17.000Z","volume":600,"label":"D","price":4.62},{"type":"A","date":"2018-04-12T06:55:17.000Z","volume":4000,"label":" ","price":4.68},{"type":"B","date":"2018-04-12T06:56:55.000Z","volume":1000,"label":" ","price":4.67},{"type":"B","date":"2018-04-12T06:57:34.000Z","volume":2000,"label":" ","price":4.67},{"type":"A","date":"2018-04-12T06:58:09.000Z","volume":3000,"label":" ","price":4.68},{"type":"A","date":"2018-04-12T06:58:12.000Z","volume":1000,"label":"Y","price":4.68},{"type":"B","date":"2018-04-12T06:58:26.000Z","volume":1000,"label":" ","price":4.67},{"type":"B","date":"2018-04-12T06:59:04.000Z","volume":2000,"label":" ","price":4.67},{"type":"A","date":"2018-04-12T06:59:08.000Z","volume":20000,"label":" ","price":4.68},{"type":"B","date":"2018-04-12T06:59:24.000Z","volume":1000,"label":" ","price":4.67},{"type":"B","date":"2018-04-12T07:00:03.000Z","volume":3000,"label":" ","price":4.67},{"type":"A","date":"2018-04-12T07:00:06.000Z","volume":7000,"label":"Y","price":4.68},{"type":"A","date":"2018-04-12T07:00:19.000Z","volume":7000,"label":" ","price":4.68},{"type":"B","date":"2018-04-12T07:00:26.000Z","volume":1000,"label":" ","price":4.67},{"type":"A","date":"2018-04-12T07:01:14.000Z","volume":5000,"label":" ","price":4.68},{"type":"A","date":"2018-04-12T07:01:31.000Z","volume":4000,"label":" ","price":4.68},{"type":"B","date":"2018-04-12T07:02:16.000Z","volume":2000,"label":" ","price":4.67},{"type":"B","date":"2018-04-12T07:02:27.000Z","volume":1000,"label":" ","price":4.67},{"type":"A","date":"2018-04-12T07:02:36.000Z","volume":7000,"label":" ","price":4.68},{"type":"A","date":"2018-04-12T07:02:56.000Z","volume":2000,"label":" ","price":4.68},{"type":"A","date":"2018-04-12T07:03:15.000Z","volume":1000,"label":" ","price":4.68},{"type":"A","date":"2018-04-12T07:04:15.000Z","volume":4000,"label":" ","price":4.68},{"type":"A","date":"2018-04-12T07:04:25.000Z","volume":35000,"label":" ","price":4.68},{"type":"A","date":"2018-04-12T07:04:27.000Z","volume":1000,"label":" ","price":4.68},{"type":"A","date":"2018-04-12T07:04:27.000Z","volume":7000,"label":" ","price":4.68},{"type":"A","date":"2018-04-12T07:04:32.000Z","volume":1000,"label":"Y","price":4.68},{"type":"A","date":"2018-04-12T07:04:32.000Z","volume":59000,"label":" ","price":4.68},{"type":"A","date":"2018-04-12T07:04:41.000Z","volume":4000,"label":" ","price":4.68},{"type":"A","date":"2018-04-12T07:04:50.000Z","volume":2000,"label":"Y","price":4.68},{"type":"A","date":"2018-04-12T07:04:50.000Z","volume":10000,"label":" ","price":4.68},{"type":"A","date":"2018-04-12T07:05:23.000Z","volume":1000,"label":" ","price":4.68},{"type":"A","date":"2018-04-12T07:05:23.000Z","volume":20000,"label":"Y","price":4.68},{"type":"A","date":"2018-04-12T07:05:23.000Z","volume":30000,"label":" ","price":4.68},{"type":"A","date":"2018-04-12T07:05:23.000Z","volume":8000,"label":" ","price":4.68},{"type":"A","date":"2018-04-12T07:05:28.000Z","volume":1000,"label":" ","price":4.69},{"type":"A","date":"2018-04-12T07:06:15.000Z","volume":2000,"label":" ","price":4.69},{"type":"A","date":"2018-04-12T07:07:40.000Z","volume":31000,"label":" ","price":4.69},{"type":"B","date":"2018-04-12T07:07:43.000Z","volume":2000,"label":"Y","price":4.68},{"type":"B","date":"2018-04-12T07:07:43.000Z","volume":2000,"label":" ","price":4.68},{"type":"U","date":"2018-04-12T07:08:24.000Z","volume":600,"label":"D","price":4.64},{"type":"B","date":"2018-04-12T07:08:32.000Z","volume":3000,"label":" ","price":4.68},{"type":"B","date":"2018-04-12T07:08:56.000Z","volume":4000,"label":" ","price":4.68},{"type":"A","date":"2018-04-12T07:09:06.000Z","volume":7000,"label":" ","price":4.69},{"type":"B","date":"2018-04-12T07:09:22.000Z","volume":4000,"label":" ","price":4.68},{"type":"A","date":"2018-04-12T07:09:34.000Z","volume":1000,"label":" ","price":4.69},{"type":"B","date":"2018-04-12T07:09:48.000Z","volume":3000,"label":" ","price":4.68},{"type":"B","date":"2018-04-12T07:10:14.000Z","volume":4000,"label":" ","price":4.68},{"type":"B","date":"2018-04-12T07:10:40.000Z","volume":5000,"label":" ","price":4.68},{"type":"A","date":"2018-04-12T07:10:59.000Z","volume":5000,"label":" ","price":4.69},{"type":"B","date":"2018-04-12T07:11:00.000Z","volume":4000,"label":" ","price":4.68},{"type":"B","date":"2018-04-12T07:11:30.000Z","volume":3000,"label":" ","price":4.68},{"type":"B","date":"2018-04-12T07:11:42.000Z","volume":1000,"label":" ","price":4.68},{"type":"B","date":"2018-04-12T07:11:58.000Z","volume":4000,"label":" ","price":4.68},{"type":"A","date":"2018-04-12T07:11:58.000Z","volume":3000,"label":" ","price":4.69},{"type":"B","date":"2018-04-12T07:12:20.000Z","volume":4000,"label":" ","price":4.68},{"type":"B","date":"2018-04-12T07:12:37.000Z","volume":3000,"label":" ","price":4.68},{"type":"A","date":"2018-04-12T07:12:53.000Z","volume":4000,"label":" ","price":4.69},{"type":"B","date":"2018-04-12T07:13:00.000Z","volume":4000,"label":" ","price":4.68},{"type":"B","date":"2018-04-12T07:13:29.000Z","volume":4000,"label":" ","price":4.68},{"type":"B","date":"2018-04-12T07:13:55.000Z","volume":3000,"label":" ","price":4.68},{"type":"U","date":"2018-04-12T07:14:00.000Z","volume":400,"label":"D","price":4.64},{"type":"B","date":"2018-04-12T07:14:20.000Z","volume":5000,"label":" ","price":4.68},{"type":"B","date":"2018-04-12T07:14:40.000Z","volume":3000,"label":" ","price":4.68},{"type":"A","date":"2018-04-12T07:14:46.000Z","volume":4000,"label":" ","price":4.69},{"type":"A","date":"2018-04-12T07:14:46.000Z","volume":5000,"label":" ","price":4.69},{"type":"B","date":"2018-04-12T07:15:00.000Z","volume":4000,"label":" ","price":4.68},{"type":"B","date":"2018-04-12T07:15:03.000Z","volume":6000,"label":" ","price":4.68},{"type":"B","date":"2018-04-12T07:15:26.000Z","volume":3000,"label":" ","price":4.68},{"type":"B","date":"2018-04-12T07:15:52.000Z","volume":4000,"label":" ","price":4.68},{"type":"B","date":"2018-04-12T07:16:18.000Z","volume":4000,"label":" ","price":4.68},{"type":"B","date":"2018-04-12T07:16:40.000Z","volume":4000,"label":" ","price":4.68},{"type":"A","date":"2018-04-12T07:16:40.000Z","volume":7000,"label":" ","price":4.69},{"type":"U","date":"2018-04-12T07:16:43.000Z","volume":400,"label":"D","price":4.63},{"type":"B","date":"2018-04-12T07:16:57.000Z","volume":3000,"label":" ","price":4.68},{"type":"B","date":"2018-04-12T07:17:04.000Z","volume":3000,"label":" ","price":4.68},{"type":"B","date":"2018-04-12T07:17:23.000Z","volume":4000,"label":" ","price":4.68},{"type":"B","date":"2018-04-12T07:17:49.000Z","volume":3000,"label":" ","price":4.68},{"type":"A","date":"2018-04-12T07:18:05.000Z","volume":4000,"label":" ","price":4.69},{"type":"B","date":"2018-04-12T07:18:15.000Z","volume":4000,"label":" ","price":4.68},{"type":"B","date":"2018-04-12T07:18:28.000Z","volume":3000,"label":" ","price":4.68},{"type":"B","date":"2018-04-12T07:18:28.000Z","volume":4000,"label":" ","price":4.68},{"type":"A","date":"2018-04-12T07:18:46.000Z","volume":4000,"label":" ","price":4.69},{"type":"B","date":"2018-04-12T07:18:54.000Z","volume":4000,"label":" ","price":4.68},{"type":"B","date":"2018-04-12T07:19:20.000Z","volume":4000,"label":" ","price":4.68},{"type":"B","date":"2018-04-12T07:19:46.000Z","volume":3000,"label":" ","price":4.68},{"type":"A","date":"2018-04-12T07:19:59.000Z","volume":7000,"label":" ","price":4.69},{"type":"B","date":"2018-04-12T07:20:12.000Z","volume":4000,"label":" ","price":4.68},{"type":"B","date":"2018-04-12T07:20:14.000Z","volume":1000,"label":" ","price":4.68},{"type":"A","date":"2018-04-12T07:20:20.000Z","volume":3000,"label":" ","price":4.69},{"type":"A","date":"2018-04-12T07:20:23.000Z","volume":1000,"label":" ","price":4.69},{"type":"B","date":"2018-04-12T07:20:25.000Z","volume":3000,"label":" ","price":4.68},{"type":"B","date":"2018-04-12T07:20:26.000Z","volume":1000,"label":" ","price":4.68},{"type":"B","date":"2018-04-12T07:20:40.000Z","volume":3000,"label":" ","price":4.68},{"type":"B","date":"2018-04-12T07:20:41.000Z","volume":1000,"label":" ","price":4.68},{"type":"B","date":"2018-04-12T07:21:00.000Z","volume":3000,"label":" ","price":4.68},{"type":"A","date":"2018-04-12T07:21:24.000Z","volume":5000,"label":" ","price":4.69},{"type":"B","date":"2018-04-12T07:21:25.000Z","volume":1000,"label":" ","price":4.68},{"type":"B","date":"2018-04-12T07:21:30.000Z","volume":4000,"label":" ","price":4.68},{"type":"B","date":"2018-04-12T07:21:56.000Z","volume":3000,"label":" ","price":4.68},{"type":"B","date":"2018-04-12T07:22:20.000Z","volume":5000,"label":" ","price":4.68},{"type":"B","date":"2018-04-12T07:22:40.000Z","volume":3000,"label":" ","price":4.68},{"type":"B","date":"2018-04-12T07:22:50.000Z","volume":1000,"label":" ","price":4.68},{"type":"B","date":"2018-04-12T07:23:00.000Z","volume":4000,"label":" ","price":4.68},{"type":"B","date":"2018-04-12T07:23:04.000Z","volume":2000,"label":" ","price":4.68},{"type":"A","date":"2018-04-12T07:23:18.000Z","volume":1000,"label":" ","price":4.69},{"type":"B","date":"2018-04-12T07:23:27.000Z","volume":3000,"label":" ","price":4.68},{"type":"B","date":"2018-04-12T07:23:53.000Z","volume":4000,"label":" ","price":4.68},{"type":"B","date":"2018-04-12T07:24:19.000Z","volume":4000,"label":" ","price":4.68},{"type":"B","date":"2018-04-12T07:24:32.000Z","volume":3000,"label":" ","price":4.68},{"type":"B","date":"2018-04-12T07:24:58.000Z","volume":4000,"label":" ","price":4.68},{"type":"B","date":"2018-04-12T07:25:24.000Z","volume":4000,"label":" ","price":4.68},{"type":"B","date":"2018-04-12T07:25:47.000Z","volume":2000,"label":" ","price":4.68},{"type":"B","date":"2018-04-12T07:25:50.000Z","volume":3000,"label":" ","price":4.68},{"type":"B","date":"2018-04-12T07:26:16.000Z","volume":4000,"label":" ","price":4.68},{"type":"A","date":"2018-04-12T07:26:16.000Z","volume":3000,"label":" ","price":4.69},{"type":"B","date":"2018-04-12T07:26:29.000Z","volume":3000,"label":" ","price":4.68},{"type":"U","date":"2018-04-12T07:26:29.000Z","volume":523,"label":"D","price":4.69},{"type":"B","date":"2018-04-12T07:26:55.000Z","volume":5000,"label":" ","price":4.68},{"type":"B","date":"2018-04-12T07:27:21.000Z","volume":3000,"label":" ","price":4.68},{"type":"A","date":"2018-04-12T07:27:41.000Z","volume":16000,"label":" ","price":4.69},{"type":"B","date":"2018-04-12T07:27:47.000Z","volume":3000,"label":" ","price":4.68},{"type":"B","date":"2018-04-12T07:27:47.000Z","volume":2000,"label":" ","price":4.68},{"type":"B","date":"2018-04-12T07:28:13.000Z","volume":4000,"label":" ","price":4.68},{"type":"B","date":"2018-04-12T07:28:26.000Z","volume":3000,"label":" ","price":4.68},{"type":"A","date":"2018-04-12T07:28:30.000Z","volume":4000,"label":" ","price":4.69},{"type":"B","date":"2018-04-12T07:28:40.000Z","volume":3000,"label":" ","price":4.68},{"type":"B","date":"2018-04-12T07:29:00.000Z","volume":3000,"label":" ","price":4.68},{"type":"B","date":"2018-04-12T07:29:04.000Z","volume":2000,"label":" ","price":4.68},{"type":"A","date":"2018-04-12T07:29:15.000Z","volume":4000,"label":" ","price":4.69},{"type":"B","date":"2018-04-12T07:29:17.000Z","volume":2000,"label":" ","price":4.68},{"type":"B","date":"2018-04-12T07:29:17.000Z","volume":2000,"label":" ","price":4.68},{"type":"B","date":"2018-04-12T07:29:18.000Z","volume":3000,"label":" ","price":4.68},{"type":"U","date":"2018-04-12T07:29:38.000Z","volume":318,"label":"D","price":4.64},{"type":"B","date":"2018-04-12T07:29:44.000Z","volume":3000,"label":" ","price":4.68},{"type":"A","date":"2018-04-12T07:29:55.000Z","volume":8000,"label":" ","price":4.69},{"type":"B","date":"2018-04-12T07:30:10.000Z","volume":4000,"label":" ","price":4.68},{"type":"B","date":"2018-04-12T07:30:18.000Z","volume":60000,"label":" ","price":4.68},{"type":"B","date":"2018-04-12T07:30:36.000Z","volume":5000,"label":" ","price":4.68},{"type":"B","date":"2018-04-12T07:30:47.000Z","volume":2000,"label":" ","price":4.68},{"type":"B","date":"2018-04-12T07:31:00.000Z","volume":4000,"label":" ","price":4.68},{"type":"B","date":"2018-04-12T07:31:28.000Z","volume":4000,"label":" ","price":4.68},{"type":"A","date":"2018-04-12T07:31:49.000Z","volume":22000,"label":" ","price":4.69},{"type":"A","date":"2018-04-12T07:31:49.000Z","volume":5000,"label":" ","price":4.69},{"type":"B","date":"2018-04-12T07:31:54.000Z","volume":3000,"label":" ","price":4.68},{"type":"B","date":"2018-04-12T07:32:20.000Z","volume":4000,"label":" ","price":4.68},{"type":"B","date":"2018-04-12T07:32:33.000Z","volume":3000,"label":" ","price":4.68},{"type":"B","date":"2018-04-12T07:32:47.000Z","volume":2000,"label":" ","price":4.68},{"type":"B","date":"2018-04-12T07:32:59.000Z","volume":5000,"label":" ","price":4.68},{"type":"B","date":"2018-04-12T07:33:25.000Z","volume":3000,"label":" ","price":4.68},{"type":"B","date":"2018-04-12T07:33:51.000Z","volume":3000,"label":" ","price":4.68},{"type":"B","date":"2018-04-12T07:34:17.000Z","volume":4000,"label":" ","price":4.68},{"type":"B","date":"2018-04-12T07:34:17.000Z","volume":4000,"label":" ","price":4.68},{"type":"B","date":"2018-04-12T07:34:17.000Z","volume":2000,"label":" ","price":4.68},{"type":"B","date":"2018-04-12T07:34:30.000Z","volume":3000,"label":" ","price":4.68},{"type":"B","date":"2018-04-12T07:34:55.000Z","volume":1000,"label":" ","price":4.68},{"type":"A","date":"2018-04-12T07:34:55.000Z","volume":6000,"label":" ","price":4.69},{"type":"B","date":"2018-04-12T07:34:56.000Z","volume":5000,"label":" ","price":4.68},{"type":"B","date":"2018-04-12T07:35:04.000Z","volume":2000,"label":" ","price":4.68},{"type":"A","date":"2018-04-12T07:35:08.000Z","volume":4000,"label":" ","price":4.69},{"type":"B","date":"2018-04-12T07:35:22.000Z","volume":3000,"label":" ","price":4.68},{"type":"A","date":"2018-04-12T07:35:25.000Z","volume":1000,"label":" ","price":4.69},{"type":"A","date":"2018-04-12T07:35:32.000Z","volume":1000,"label":" ","price":4.69},{"type":"A","date":"2018-04-12T07:35:40.000Z","volume":1000,"label":" ","price":4.69},{"type":"B","date":"2018-04-12T07:35:48.000Z","volume":4000,"label":" ","price":4.68},{"type":"A","date":"2018-04-12T07:35:55.000Z","volume":1000,"label":" ","price":4.69}