[{"type":"B","date":"2018-03-19T01:41:31.000Z","volume":6000,"label":" ","price":0.61},{"type":"A","date":"2018-03-19T02:01:50.000Z","volume":222000,"label":" ","price":0.62},{"type":"B","date":"2018-03-19T02:01:52.000Z","volume":6000,"label":" ","price":0.62},{"type":"A","date":"2018-03-19T02:01:52.000Z","volume":10000,"label":" ","price":0.63},{"type":"A","date":"2018-03-19T02:03:08.000Z","volume":2000,"label":" ","price":0.63},{"type":"A","date":"2018-03-19T02:07:46.000Z","volume":2000,"label":" ","price":0.63},{"type":"A","date":"2018-03-19T02:12:26.000Z","volume":2000,"label":" ","price":0.63},{"type":"A","date":"2018-03-19T02:16:54.000Z","volume":2000,"label":" ","price":0.63},{"type":"A","date":"2018-03-19T02:17:02.000Z","volume":2000,"label":" ","price":0.63},{"type":"A","date":"2018-03-19T02:18:54.000Z","volume":2000,"label":" ","price":0.63},{"type":"B","date":"2018-03-19T02:18:59.000Z","volume":100000,"label":" ","price":0.62},{"type":"B","date":"2018-03-19T02:19:06.000Z","volume":44000,"label":" ","price":0.62},{"type":"A","date":"2018-03-19T02:20:55.000Z","volume":2000,"label":" ","price":0.63},{"type":"A","date":"2018-03-19T02:21:40.000Z","volume":2000,"label":" ","price":0.63},{"type":"A","date":"2018-03-19T02:22:55.000Z","volume":2000,"label":" ","price":0.63},{"type":"A","date":"2018-03-19T02:24:25.000Z","volume":2000,"label":" ","price":0.63},{"type":"A","date":"2018-03-19T02:26:19.000Z","volume":2000,"label":" ","price":0.63},{"type":"A","date":"2018-03-19T02:26:25.000Z","volume":2000,"label":"Y","price":0.63},{"type":"A","date":"2018-03-19T02:28:25.000Z","volume":2000,"label":"Y","price":0.63},{"type":"A","date":"2018-03-19T02:31:15.000Z","volume":2000,"label":" ","price":0.63},{"type":"A","date":"2018-03-19T02:31:55.000Z","volume":2000,"label":"Y","price":0.63},{"type":"A","date":"2018-03-19T02:36:19.000Z","volume":2000,"label":" ","price":0.63},{"type":"B","date":"2018-03-19T02:36:34.000Z","volume":70000,"label":" ","price":0.62},{"type":"B","date":"2018-03-19T02:36:41.000Z","volume":30000,"label":" ","price":0.62},{"type":"B","date":"2018-03-19T02:36:44.000Z","volume":20000,"label":" ","price":0.62},{"type":"B","date":"2018-03-19T02:36:47.000Z","volume":8000,"label":" ","price":0.62},{"type":"A","date":"2018-03-19T02:39:25.000Z","volume":2000,"label":"Y","price":0.63},{"type":"A","date":"2018-03-19T02:43:19.000Z","volume":2000,"label":" ","price":0.63},{"type":"A","date":"2018-03-19T02:47:25.000Z","volume":2000,"label":"Y","price":0.63},{"type":"A","date":"2018-03-19T02:48:39.000Z","volume":2000,"label":" ","price":0.63},{"type":"A","date":"2018-03-19T02:53:59.000Z","volume":2000,"label":" ","price":0.63},{"type":"A","date":"2018-03-19T02:55:56.000Z","volume":2000,"label":"Y","price":0.63},{"type":"A","date":"2018-03-19T02:59:19.000Z","volume":2000,"label":" ","price":0.63},{"type":"A","date":"2018-03-19T03:04:26.000Z","volume":2000,"label":"Y","price":0.63},{"type":"A","date":"2018-03-19T03:04:39.000Z","volume":2000,"label":" ","price":0.63},{"type":"A","date":"2018-03-19T03:10:19.000Z","volume":2000,"label":" ","price":0.63},{"type":"A","date":"2018-03-19T03:12:56.000Z","volume":2000,"label":"Y","price":0.63},{"type":"A","date":"2018-03-19T03:16:19.000Z","volume":2000,"label":" ","price":0.63},{"type":"A","date":"2018-03-19T03:21:56.000Z","volume":2000,"label":"Y","price":0.63},{"type":"A","date":"2018-03-19T03:22:19.000Z","volume":2000,"label":" ","price":0.63},{"type":"A","date":"2018-03-19T03:28:39.000Z","volume":2000,"label":" ","price":0.63},{"type":"A","date":"2018-03-19T03:31:27.000Z","volume":2000,"label":"Y","price":0.63},{"type":"A","date":"2018-03-19T03:35:19.000Z","volume":2000,"label":" ","price":0.63},{"type":"A","date":"2018-03-19T03:40:57.000Z","volume":2000,"label":"Y","price":0.63},{"type":"A","date":"2018-03-19T03:42:19.000Z","volume":2000,"label":" ","price":0.63},{"type":"A","date":"2018-03-19T03:49:19.000Z","volume":2000,"label":" ","price":0.63},{"type":"A","date":"2018-03-19T03:51:57.000Z","volume":2000,"label":"Y","price":0.63},{"type":"A","date":"2018-03-19T03:53:39.000Z","volume":2000,"label":" ","price":0.63},{"type":"A","date":"2018-03-19T05:04:59.000Z","volume":2000,"label":"Y","price":0.63},{"type":"B","date":"2018-03-19T06:47:39.000Z","volume":50000,"label":"Y","price":0.62},{"type":"B","date":"2018-03-19T06:47:39.000Z","volume":352000,"label":" ","price":0.62},{"type":"A","date":"2018-03-19T06:47:39.000Z","volume":22000,"label":" ","price":0.63},{"type":"B","date":"2018-03-19T06:47:40.000Z","volume":12000,"label":"Y","price":0.62},{"type":"B","date":"2018-03-19T06:47:40.000Z","volume":94000,"label":" ","price":0.62},{"type":"A","date":"2018-03-19T06:48:32.000Z","volume":6000,"label":" ","price":0.62},{"type":"A","date":"2018-03-19T06:49:32.000Z","volume":2000,"label":" ","price":0.62},{"type":"A","date":"2018-03-19T06:53:32.000Z","volume":2000,"label":" ","price":0.62},{"type":"A","date":"2018-03-19T06:53:48.000Z","volume":58000,"label":" ","price":0.62},{"type":"B","date":"2018-03-19T06:53:53.000Z","volume":2000,"label":" ","price":0.62},{"type":"A","date":"2018-03-19T07:15:33.000Z","volume":2000,"label":"Y","price":0.63},{"type":"A","date":"2018-03-19T07:19:33.000Z","volume":2000,"label":"Y","price":0.63},{"type":"A","date":"2018-03-19T07:23:33.000Z","volume":2000,"label":"Y","price":0.63},{"type":"A","date":"2018-03-19T07:24:36.000Z","volume":4000,"label":" ","price":0.63},{"type":"A","date":"2018-03-19T07:24:45.000Z","volume":2000,"label":" ","price":0.63},{"type":"A","date":"2018-03-19T07:27:33.000Z","volume":2000,"label":"Y","price":0.63},{"type":"A","date":"2018-03-19T07:30:10.000Z","volume":2000,"label":" ","price":0.63},{"type":"A","date":"2018-03-19T07:31:03.000Z","volume":2000,"label":"Y","price":0.63},{"type":"A","date":"2018-03-19T07:34:03.000Z","volume":2000,"label":"Y","price":0.63},{"type":"A","date":"2018-03-19T07:35:12.000Z","volume":2000,"label":" ","price":0.63},{"type":"A","date":"2018-03-19T07:35:34.000Z","volume":2000,"label":" ","price":0.63},{"type":"A","date":"2018-03-19T07:37:34.000Z","volume":2000,"label":" ","price":0.63},{"type":"A","date":"2018-03-19T07:39:34.000Z","volume":2000,"label":" ","price":0.63},{"type":"A","date":"2018-03-19T07:40:00.000Z","volume":2000,"label":" ","price":0.63},{"type":"A","date":"2018-03-19T07:41:34.000Z","volume":2000,"label":" ","price":0.63},{"type":"A","date":"2018-03-19T07:43:34.000Z","volume":2000,"label":" ","price":0.63},{"type":"A","date":"2018-03-19T07:43:58.000Z","volume":2000,"label":" ","price":0.63},{"type":"A","date":"2018-03-19T07:45:34.000Z","volume":2000,"label":" ","price":0.63},{"type":"A","date":"2018-03-19T07:46:21.000Z","volume":50000,"label":" ","price":0.63},{"type":"A","date":"2018-03-19T07:47:31.000Z","volume":100000,"label":" ","price":0.63},{"type":"A","date":"2018-03-19T07:47:37.000Z","volume":2000,"label":" ","price":0.63},{"type":"A","date":"2018-03-19T07:51:04.000Z","volume":2000,"label":" ","price":0.63},{"type":"A","date":"2018-03-19T07:51:16.000Z","volume":2000,"label":" ","price":0.63},{"type":"B","date":"2018-03-19T07:53:14.000Z","volume":2000,"label":"Y","price":0.62},{"type":"B","date":"2018-03-19T07:53:14.000Z","volume":274000,"label":" ","price":0.62},{"type":"A","date":"2018-03-19T07:56:04.000Z","volume":2000,"label":" ","price":0.63},{"type":"A","date":"2018-03-19T07:56:42.000Z","volume":2000,"label":" ","price":0.63},{"type":"A","date":"2018-03-19T07:57:54.000Z","volume":2000,"label":" ","price":0.63},{"type":"A","date":"2018-03-19T07:58:04.000Z","volume":2000,"label":" ","price":0.63},{"type":"A","date":"2018-03-19T07:58:30.000Z","volume":2000,"label":" ","price":0.63},{"type":"B","date":"2018-03-19T07:59:00.000Z","volume":2000,"label":" ","price":0.62},{"type":"B","date":"2018-03-19T07:59:01.000Z","volume":2000,"label":" ","price":0.62},{"type":"A","date":"2018-03-19T07:59:04.000Z","volume":2000,"label":" ","price":0.63},{"type":"A","date":"2018-03-19T07:59:30.000Z","volume":2000,"label":" ","price":0.63},{"type":"A","date":"2018-03-19T07:59:37.000Z","volume":2000,"label":" ","price":0.63},{"type":"U","date":"2018-03-19T08:08:17.000Z","volume":12000,"label":"U","price":0.63}]