[{"type":"B","date":"2018-04-25T02:24:55.000Z","volume":24000,"label":" ","price":0.33},{"type":"B","date":"2018-04-25T02:46:59.000Z","volume":30000,"label":" ","price":0.33},{"type":"A","date":"2018-04-25T02:49:01.000Z","volume":696000,"label":" ","price":0.335},{"type":"B","date":"2018-04-25T03:07:16.000Z","volume":48000,"label":" ","price":0.33},{"type":"B","date":"2018-04-25T03:19:42.000Z","volume":258000,"label":" ","price":0.33},{"type":"A","date":"2018-04-25T03:19:54.000Z","volume":12000,"label":" ","price":0.33},{"type":"B","date":"2018-04-25T03:47:45.000Z","volume":156000,"label":" ","price":0.325},{"type":"B","date":"2018-04-25T03:47:45.000Z","volume":132000,"label":" ","price":0.32},{"type":"B","date":"2018-04-25T03:47:45.000Z","volume":276000,"label":" ","price":0.315},{"type":"B","date":"2018-04-25T03:47:45.000Z","volume":102000,"label":" ","price":0.31},{"type":"B","date":"2018-04-25T03:47:45.000Z","volume":6000,"label":" ","price":0.305},{"type":"B","date":"2018-04-25T03:47:45.000Z","volume":198000,"label":" ","price":0.3},{"type":"A","date":"2018-04-25T03:47:53.000Z","volume":12000,"label":" ","price":0.31},{"type":"A","date":"2018-04-25T03:52:15.000Z","volume":6000,"label":" ","price":0.315},{"type":"A","date":"2018-04-25T03:52:43.000Z","volume":150000,"label":" ","price":0.32},{"type":"B","date":"2018-04-25T05:27:08.000Z","volume":90000,"label":" ","price":0.32},{"type":"A","date":"2018-04-25T05:27:10.000Z","volume":12000,"label":" ","price":0.325},{"type":"A","date":"2018-04-25T05:27:15.000Z","volume":24000,"label":" ","price":0.325},{"type":"A","date":"2018-04-25T05:32:13.000Z","volume":36000,"label":" ","price":0.325},{"type":"A","date":"2018-04-25T05:32:13.000Z","volume":18000,"label":" ","price":0.325},{"type":"B","date":"2018-04-25T06:06:03.000Z","volume":120000,"label":" ","price":0.32},{"type":"A","date":"2018-04-25T06:20:43.000Z","volume":30000,"label":" ","price":0.325},{"type":"A","date":"2018-04-25T06:36:14.000Z","volume":18000,"label":" ","price":0.33},{"type":"B","date":"2018-04-25T07:09:13.000Z","volume":24000,"label":" ","price":0.325},{"type":"A","date":"2018-04-25T07:10:47.000Z","volume":12000,"label":" ","price":0.325},{"type":"A","date":"2018-04-25T07:11:42.000Z","volume":216000,"label":" ","price":0.325},{"type":"A","date":"2018-04-25T07:17:50.000Z","volume":318000,"label":" ","price":0.325},{"type":"A","date":"2018-04-25T07:18:07.000Z","volume":384000,"label":" ","price":0.33},{"type":"B","date":"2018-04-25T07:27:48.000Z","volume":24000,"label":" ","price":0.325},{"type":"B","date":"2018-04-25T07:44:37.000Z","volume":6000,"label":" ","price":0.325}]