[{"type":"U","date":"2018-04-03T01:20:00.000Z","volume":2000,"label":"U","price":23.2},{"type":"B","date":"2018-04-03T01:30:07.000Z","volume":2000,"label":" ","price":23.1},{"type":"A","date":"2018-04-03T01:30:54.000Z","volume":2400,"label":" ","price":23.2},{"type":"U","date":"2018-04-03T01:31:01.000Z","volume":55,"label":"D","price":22.9},{"type":"A","date":"2018-04-03T01:45:36.000Z","volume":400,"label":" ","price":23.2},{"type":"A","date":"2018-04-03T01:45:42.000Z","volume":8000,"label":" ","price":23.2},{"type":"B","date":"2018-04-03T01:45:42.000Z","volume":400,"label":" ","price":23.15},{"type":"B","date":"2018-04-03T01:49:40.000Z","volume":400,"label":" ","price":23.15},{"type":"B","date":"2018-04-03T01:52:38.000Z","volume":400,"label":" ","price":23.15},{"type":"B","date":"2018-04-03T01:54:25.000Z","volume":1200,"label":" ","price":23.15},{"type":"A","date":"2018-04-03T01:54:30.000Z","volume":400,"label":" ","price":23.2},{"type":"A","date":"2018-04-03T02:00:28.000Z","volume":400,"label":" ","price":23.2},{"type":"A","date":"2018-04-03T02:00:32.000Z","volume":400,"label":" ","price":23.2},{"type":"B","date":"2018-04-03T02:08:08.000Z","volume":2000,"label":" ","price":23.15},{"type":"A","date":"2018-04-03T02:15:24.000Z","volume":10000,"label":" ","price":23.2},{"type":"A","date":"2018-04-03T02:30:35.000Z","volume":400,"label":" ","price":23.2},{"type":"B","date":"2018-04-03T02:33:00.000Z","volume":400,"label":" ","price":23.15},{"type":"B","date":"2018-04-03T02:51:42.000Z","volume":2400,"label":" ","price":23.15},{"type":"B","date":"2018-04-03T03:01:04.000Z","volume":400,"label":" ","price":23.15},{"type":"B","date":"2018-04-03T03:24:00.000Z","volume":400,"label":" ","price":23.15},{"type":"A","date":"2018-04-03T03:25:37.000Z","volume":1600,"label":" ","price":23.2},{"type":"A","date":"2018-04-03T03:30:51.000Z","volume":400,"label":" ","price":23.2},{"type":"A","date":"2018-04-03T03:50:13.000Z","volume":400,"label":" ","price":23.2},{"type":"B","date":"2018-04-03T03:57:24.000Z","volume":400,"label":" ","price":23.15},{"type":"B","date":"2018-04-03T05:26:34.000Z","volume":400,"label":" ","price":23.15},{"type":"A","date":"2018-04-03T05:29:52.000Z","volume":800,"label":" ","price":23.2},{"type":"B","date":"2018-04-03T06:00:46.000Z","volume":800,"label":"Y","price":23.15},{"type":"B","date":"2018-04-03T06:24:57.000Z","volume":800,"label":" ","price":23.15},{"type":"B","date":"2018-04-03T06:28:21.000Z","volume":400,"label":" ","price":23.15},{"type":"B","date":"2018-04-03T06:34:51.000Z","volume":4400,"label":" ","price":23.15},{"type":"A","date":"2018-04-03T06:36:37.000Z","volume":2000,"label":" ","price":23.2},{"type":"A","date":"2018-04-03T06:43:04.000Z","volume":4000,"label":"Y","price":23.2},{"type":"A","date":"2018-04-03T06:51:36.000Z","volume":6800,"label":" ","price":23.2},{"type":"B","date":"2018-04-03T06:51:39.000Z","volume":400,"label":" ","price":23.2},{"type":"A","date":"2018-04-03T06:53:49.000Z","volume":800,"label":" ","price":23.25},{"type":"B","date":"2018-04-03T06:58:30.000Z","volume":400,"label":" ","price":23.2},{"type":"B","date":"2018-04-03T07:11:42.000Z","volume":1200,"label":" ","price":23.15},{"type":"A","date":"2018-04-03T07:38:28.000Z","volume":800,"label":" ","price":23.2},{"type":"B","date":"2018-04-03T07:43:21.000Z","volume":400,"label":" ","price":23.15},{"type":"B","date":"2018-04-03T07:56:40.000Z","volume":800,"label":" ","price":23.15},{"type":"B","date":"2018-04-03T07:58:53.000Z","volume":400,"label":" ","price":23.15},{"type":"B","date":"2018-04-03T07:59:23.000Z","volume":400,"label":" ","price":23.15},{"type":"B","date":"2018-04-03T07:59:43.000Z","volume":400,"label":" ","price":23.15},{"type":"B","date":"2018-04-03T07:59:43.000Z","volume":400,"label":" ","price":23.15}]