[{"type":"U","date":"2018-03-29T01:00:06.000Z","volume":122,"label":"P","price":73.6},{"type":"U","date":"2018-03-29T01:20:00.000Z","volume":116400,"label":"U","price":74.15},{"type":"A","date":"2018-03-29T01:30:00.000Z","volume":2800,"label":" ","price":74.2},{"type":"A","date":"2018-03-29T01:30:01.000Z","volume":800,"label":" ","price":74.25},{"type":"A","date":"2018-03-29T01:30:01.000Z","volume":800,"label":" ","price":74.25},{"type":"A","date":"2018-03-29T01:30:01.000Z","volume":1200,"label":" ","price":74.25},{"type":"A","date":"2018-03-29T01:30:02.000Z","volume":2400,"label":" ","price":74.25},{"type":"A","date":"2018-03-29T01:30:04.000Z","volume":2000,"label":" ","price":74.25},{"type":"A","date":"2018-03-29T01:30:04.000Z","volume":800,"label":" ","price":74.25},{"type":"B","date":"2018-03-29T01:30:06.000Z","volume":800,"label":" ","price":74.2},{"type":"A","date":"2018-03-29T01:30:13.000Z","volume":2000,"label":" ","price":74.25},{"type":"B","date":"2018-03-29T01:30:16.000Z","volume":2000,"label":" ","price":74.2},{"type":"A","date":"2018-03-29T01:30:17.000Z","volume":800,"label":" ","price":74.25},{"type":"A","date":"2018-03-29T01:30:17.000Z","volume":800,"label":" ","price":74.25},{"type":"A","date":"2018-03-29T01:30:18.000Z","volume":2000,"label":" ","price":74.25},{"type":"A","date":"2018-03-29T01:30:19.000Z","volume":800,"label":" ","price":74.25},{"type":"A","date":"2018-03-29T01:30:20.000Z","volume":800,"label":" ","price":74.25},{"type":"B","date":"2018-03-29T01:30:21.000Z","volume":400,"label":" ","price":74.2},{"type":"A","date":"2018-03-29T01:30:21.000Z","volume":800,"label":" ","price":74.25},{"type":"A","date":"2018-03-29T01:30:22.000Z","volume":800,"label":" ","price":74.25},{"type":"B","date":"2018-03-29T01:30:24.000Z","volume":400,"label":" ","price":74.2},{"type":"A","date":"2018-03-29T01:30:26.000Z","volume":400,"label":" ","price":74.25},{"type":"A","date":"2018-03-29T01:30:27.000Z","volume":1200,"label":" ","price":74.25},{"type":"B","date":"2018-03-29T01:30:27.000Z","volume":24000,"label":" ","price":74.2},{"type":"A","date":"2018-03-29T01:30:27.000Z","volume":400,"label":" ","price":74.25},{"type":"B","date":"2018-03-29T01:30:27.000Z","volume":400,"label":" ","price":74.2},{"type":"B","date":"2018-03-29T01:30:27.000Z","volume":400,"label":" ","price":74.2},{"type":"B","date":"2018-03-29T01:30:27.000Z","volume":8800,"label":" ","price":74.2},{"type":"U","date":"2018-03-29T01:30:28.000Z","volume":400,"label":" ","price":74.2},{"type":"U","date":"2018-03-29T01:30:28.000Z","volume":400,"label":" ","price":74.2},{"type":"A","date":"2018-03-29T01:30:29.000Z","volume":3200,"label":" ","price":74.25},{"type":"B","date":"2018-03-29T01:30:29.000Z","volume":800,"label":" ","price":74.15},{"type":"B","date":"2018-03-29T01:30:30.000Z","volume":400,"label":" ","price":74.15},{"type":"A","date":"2018-03-29T01:30:31.000Z","volume":400,"label":" ","price":74.25},{"type":"A","date":"2018-03-29T01:30:31.000Z","volume":400,"label":" ","price":74.25},{"type":"B","date":"2018-03-29T01:30:31.000Z","volume":1200,"label":" ","price":74.2},{"type":"A","date":"2018-03-29T01:30:33.000Z","volume":1200,"label":" ","price":74.25},{"type":"B","date":"2018-03-29T01:30:33.000Z","volume":800,"label":" ","price":74.2},{"type":"B","date":"2018-03-29T01:30:34.000Z","volume":400,"label":" ","price":74.2},{"type":"A","date":"2018-03-29T01:30:36.000Z","volume":1200,"label":" ","price":74.25},{"type":"B","date":"2018-03-29T01:30:36.000Z","volume":400,"label":" ","price":74.2},{"type":"A","date":"2018-03-29T01:30:38.000Z","volume":400,"label":" ","price":74.25},{"type":"A","date":"2018-03-29T01:30:38.000Z","volume":400,"label":" ","price":74.25},{"type":"A","date":"2018-03-29T01:30:38.000Z","volume":800,"label":" ","price":74.25},{"type":"A","date":"2018-03-29T01:30:38.000Z","volume":400,"label":" ","price":74.25},{"type":"A","date":"2018-03-29T01:30:38.000Z","volume":22400,"label":"Y","price":74.25},{"type":"A","date":"2018-03-29T01:30:38.000Z","volume":2400,"label":" ","price":74.25},{"type":"B","date":"2018-03-29T01:30:38.000Z","volume":400,"label":" ","price":74.2},{"type":"A","date":"2018-03-29T01:30:38.000Z","volume":400,"label":" ","price":74.25},{"type":"U","date":"2018-03-29T01:30:40.000Z","volume":89,"label":"D","price":73.65},{"type":"A","date":"2018-03-29T01:31:00.000Z","volume":26000,"label":" ","price":74.25},{"type":"A","date":"2018-03-29T01:31:00.000Z","volume":800,"label":" ","price":74.25},{"type":"A","date":"2018-03-29T01:31:01.000Z","volume":400,"label":" ","price":74.3},{"type":"A","date":"2018-03-29T01:31:11.000Z","volume":400,"label":" ","price":74.3},{"type":"A","date":"2018-03-29T01:31:15.000Z","volume":4000,"label":" ","price":74.3},{"type":"A","date":"2018-03-29T01:31:15.000Z","volume":72000,"label":" ","price":74.3},{"type":"A","date":"2018-03-29T01:31:15.000Z","volume":1600,"label":" ","price":74.35},{"type":"U","date":"2018-03-29T01:31:18.000Z","volume":46,"label":"D","price":73.8},{"type":"A","date":"2018-03-29T01:31:19.000Z","volume":400,"label":" ","price":74.35},{"type":"U","date":"2018-03-29T01:31:22.000Z","volume":93,"label":"D","price":73.55},{"type":"A","date":"2018-03-29T01:31:28.000Z","volume":1200,"label":" ","price":74.35},{"type":"A","date":"2018-03-29T01:31:45.000Z","volume":800,"label":" ","price":74.35},{"type":"A","date":"2018-03-29T01:31:49.000Z","volume":18800,"label":" ","price":74.35},{"type":"B","date":"2018-03-29T01:31:50.000Z","volume":400,"label":" ","price":74.3},{"type":"A","date":"2018-03-29T01:31:54.000Z","volume":1600,"label":" ","price":74.35},{"type":"B","date":"2018-03-29T01:31:55.000Z","volume":400,"label":" ","price":74.3},{"type":"A","date":"2018-03-29T01:31:56.000Z","volume":3200,"label":" ","price":74.35},{"type":"B","date":"2018-03-29T01:32:00.000Z","volume":10000,"label":" ","price":74.3},{"type":"B","date":"2018-03-29T01:32:01.000Z","volume":400,"label":" ","price":74.3},{"type":"A","date":"2018-03-29T01:32:02.000Z","volume":7200,"label":" ","price":74.35},{"type":"B","date":"2018-03-29T01:32:05.000Z","volume":10000,"label":" ","price":74.3},{"type":"B","date":"2018-03-29T01:32:05.000Z","volume":5600,"label":" ","price":74.3},{"type":"B","date":"2018-03-29T01:32:06.000Z","volume":400,"label":" ","price":74.25},{"type":"A","date":"2018-03-29T01:32:14.000Z","volume":2000,"label":" ","price":74.35},{"type":"A","date":"2018-03-29T01:32:24.000Z","volume":400,"label":" ","price":74.35},{"type":"A","date":"2018-03-29T01:32:32.000Z","volume":800,"label":" ","price":74.35},{"type":"A","date":"2018-03-29T01:32:35.000Z","volume":1200,"label":" ","price":74.35},{"type":"B","date":"2018-03-29T01:32:36.000Z","volume":400,"label":" ","price":74.3},{"type":"B","date":"2018-03-29T01:32:40.000Z","volume":800,"label":" ","price":74.3},{"type":"A","date":"2018-03-29T01:32:40.000Z","volume":400,"label":" ","price":74.35},{"type":"B","date":"2018-03-29T01:32:43.000Z","volume":400,"label":" ","price":74.3},{"type":"A","date":"2018-03-29T01:32:44.000Z","volume":800,"label":" ","price":74.35},{"type":"A","date":"2018-03-29T01:32:46.000Z","volume":1200,"label":" ","price":74.35},{"type":"A","date":"2018-03-29T01:32:47.000Z","volume":400,"label":" ","price":74.35},{"type":"A","date":"2018-03-29T01:32:51.000Z","volume":400,"label":" ","price":74.35},{"type":"A","date":"2018-03-29T01:32:57.000Z","volume":800,"label":" ","price":74.35},{"type":"A","date":"2018-03-29T01:32:58.000Z","volume":400,"label":" ","price":74.35},{"type":"A","date":"2018-03-29T01:33:00.000Z","volume":1600,"label":" ","price":74.35},{"type":"A","date":"2018-03-29T01:33:05.000Z","volume":2000,"label":" ","price":74.35},{"type":"A","date":"2018-03-29T01:33:12.000Z","volume":800,"label":" ","price":74.35},{"type":"A","date":"2018-03-29T01:33:34.000Z","volume":20000,"label":" ","price":74.35},{"type":"A","date":"2018-03-29T01:34:05.000Z","volume":2000,"label":" ","price":74.35},{"type":"A","date":"2018-03-29T01:34:16.000Z","volume":800,"label":" ","price":74.35},{"type":"A","date":"2018-03-29T01:34:29.000Z","volume":400,"label":" ","price":74.35},{"type":"B","date":"2018-03-29T01:34:32.000Z","volume":1200,"label":" ","price":74.3},{"type":"A","date":"2018-03-29T01:34:34.000Z","volume":800,"label":" ","price":74.35},{"type":"A","date":"2018-03-29T01:34:35.000Z","volume":800,"label":" ","price":74.35},{"type":"A","date":"2018-03-29T01:34:39.000Z","volume":800,"label":" ","price":74.35},{"type":"A","date":"2018-03-29T01:34:40.000Z","volume":400,"label":" ","price":74.35},{"type":"A","date":"2018-03-29T01:34:41.000Z","volume":1200,"label":" ","price":74.35},{"type":"A","date":"2018-03-29T01:34:44.000Z","volume":400,"label":" ","price":74.35},{"type":"B","date":"2018-03-29T01:34:52.000Z","volume":800,"label":" ","price":74.3},{"type":"A","date":"2018-03-29T01:34:54.000Z","volume":800,"label":" ","price":74.35},{"type":"A","date":"2018-03-29T01:35:00.000Z","volume":400,"label":" ","price":74.35},{"type":"A","date":"2018-03-29T01:35:00.000Z","volume":10000,"label":" ","price":74.35},{"type":"A","date":"2018-03-29T01:35:00.000Z","volume":400,"label":" ","price":74.35},{"type":"A","date":"2018-03-29T01:35:06.000Z","volume":2000,"label":" ","price":74.35},{"type":"A","date":"2018-03-29T01:35:07.000Z","volume":400,"label":"Y","price":74.35},{"type":"A","date":"2018-03-29T01:35:07.000Z","volume":800,"label":" ","price":74.35},{"type":"A","date":"2018-03-29T01:35:08.000Z","volume":9200,"label":" ","price":74.35},{"type":"A","date":"2018-03-29T01:35:08.000Z","volume":2000,"label":" ","price":74.35},{"type":"A","date":"2018-03-29T01:35:08.000Z","volume":400,"label":" ","price":74.35},{"type":"A","date":"2018-03-29T01:35:13.000Z","volume":800,"label":" ","price":74.35},{"type":"A","date":"2018-03-29T01:35:15.000Z","volume":1600,"label":" ","price":74.35},{"type":"A","date":"2018-03-29T01:35:16.000Z","volume":4000,"label":" ","price":74.35},{"type":"A","date":"2018-03-29T01:35:17.000Z","volume":400,"label":" ","price":74.35},{"type":"A","date":"2018-03-29T01:35:19.000Z","volume":400,"label":" ","price":74.35},{"type":"B","date":"2018-03-29T01:35:29.000Z","volume":4000,"label":" ","price":74.3},{"type":"A","date":"2018-03-29T01:35:32.000Z","volume":1200,"label":" ","price":74.35},{"type":"B","date":"2018-03-29T01:35:37.000Z","volume":1600,"label":"Y","price":74.3},{"type":"B","date":"2018-03-29T01:35:37.000Z","volume":48400,"label":" ","price":74.3},{"type":"B","date":"2018-03-29T01:35:37.000Z","volume":5200,"label":" ","price":74.3},{"type":"A","date":"2018-03-29T01:35:37.000Z","volume":400,"label":"Y","price":74.35},{"type":"B","date":"2018-03-29T01:35:38.000Z","volume":2000,"label":" ","price":74.25},{"type":"U","date":"2018-03-29T01:35:38.000Z","volume":400,"label":" ","price":74.3},{"type":"A","date":"2018-03-29T01:35:54.000Z","volume":800,"label":" ","price":74.3},{"type":"A","date":"2018-03-29T01:35:55.000Z","volume":400,"label":" ","price":74.3},{"type":"B","date":"2018-03-29T01:35:58.000Z","volume":400,"label":" ","price":74.25},{"type":"A","date":"2018-03-29T01:35:59.000Z","volume":400,"label":"Y","price":74.3},{"type":"A","date":"2018-03-29T01:35:59.000Z","volume":14800,"label":" ","price":74.3},{"type":"A","date":"2018-03-29T01:36:00.000Z","volume":1200,"label":" ","price":74.3},{"type":"B","date":"2018-03-29T01:36:00.000Z","volume":800,"label":" ","price":74.25},{"type":"A","date":"2018-03-29T01:36:00.000Z","volume":2000,"label":" ","price":74.3},{"type":"A","date":"2018-03-29T01:36:14.000Z","volume":2800,"label":" ","price":74.3},{"type":"A","date":"2018-03-29T01:36:24.000Z","volume":400,"label":" ","price":74.3},{"type":"A","date":"2018-03-29T01:36:25.000Z","volume":4000,"label":" ","price":74.3},{"type":"A","date":"2018-03-29T01:36:29.000Z","volume":18000,"label":" ","price":74.3},{"type":"A","date":"2018-03-29T01:36:29.000Z","volume":4800,"label":"Y","price":74.35},{"type":"A","date":"2018-03-29T01:36:29.000Z","volume":17200,"label":" ","price":74.35},{"type":"A","date":"2018-03-29T01:36:29.000Z","volume":2800,"label":" ","price":74.35},{"type":"A","date":"2018-03-29T01:36:29.000Z","volume":400,"label":" ","price":74.35},{"type":"U","date":"2018-03-29T01:36:29.000Z","volume":400,"label":" ","price":74.35},{"type":"B","date":"2018-03-29T01:36:29.000Z","volume":800,"label":" ","price":74.3},{"type":"B","date":"2018-03-29T01:36:38.000Z","volume":11600,"label":" ","price":74.3},{"type":"B","date":"2018-03-29T01:36:38.000Z","volume":2400,"label":" ","price":74.3},{"type":"B","date":"2018-03-29T01:36:39.000Z","volume":1200,"label":" ","price":74.3},{"type":"B","date":"2018-03-29T01:36:46.000Z","volume":6400,"label":" ","price":74.3},{"type":"B","date":"2018-03-29T01:36:47.000Z","volume":800,"label":" ","price":74.3},{"type":"B","date":"2018-03-29T01:36:48.000Z","volume":20000,"label":" ","price":74.3},{"type":"B","date":"2018-03-29T01:36:49.000Z","volume":2400,"label":" ","price":74.25},{"type":"B","date":"2018-03-29T01:36:54.000Z","volume":800,"label":"Y","price":74.3},{"type":"B","date":"2018-03-29T01:36:54.000Z","volume":400,"label":" ","price":74.3},{"type":"A","date":"2018-03-29T01:36:55.000Z","volume":400,"label":" ","price":74.3},{"type":"B","date":"2018-03-29T01:37:02.000Z","volume":400,"label":" ","price":74.25},{"type":"A","date":"2018-03-29T01:37:03.000Z","volume":3200,"label":" ","price":74.3},{"type":"B","date":"2018-03-29T01:37:04.000Z","volume":400,"label":" ","price":74.3},{"type":"B","date":"2018-03-29T01:37:07.000Z","volume":800,"label":" ","price":74.3},{"type":"B","date":"2018-03-29T01:37:09.000Z","volume":1200,"label":" ","price":74.3},{"type":"B","date":"2018-03-29T01:37:10.000Z","volume":400,"label":" ","price":74.3},{"type":"B","date":"2018-03-29T01:37:13.000Z","volume":5200,"label":" ","price":74.3},{"type":"B","date":"2018-03-29T01:37:13.000Z","volume":1200,"label":" ","price":74.3},{"type":"B","date":"2018-03-29T01:37:14.000Z","volume":800,"label":" ","price":74.3},{"type":"B","date":"2018-03-29T01:37:14.000Z","volume":1200,"label":" ","price":74.3},{"type":"A","date":"2018-03-29T01:37:17.000Z","volume":800,"label":" ","price":74.3},{"type":"B","date":"2018-03-29T01:37:22.000Z","volume":1600,"label":" ","price":74.25},{"type":"A","date":"2018-03-29T01:37:22.000Z","volume":800,"label":" ","price":74.3},{"type":"B","date":"2018-03-29T01:37:23.000Z","volume":400,"label":" ","price":74.25},{"type":"A","date":"2018-03-29T01:37:29.000Z","volume":400,"label":" ","price":74.3},{"type":"A","date":"2018-03-29T01:37:32.000Z","volume":1200,"label":" ","price":74.3},{"type":"U","date":"2018-03-29T01:37:34.000Z","volume":10,"label":"D","price":73.75},{"type":"A","date":"2018-03-29T01:37:35.000Z","volume":1200,"label":" ","price":74.3},{"type":"B","date":"2018-03-29T01:37:35.000Z","volume":400,"label":" ","price":74.25},{"type":"B","date":"2018-03-29T01:37:36.000Z","volume":400,"label":" ","price":74.25},{"type":"B","date":"2018-03-29T01:37:41.000Z","volume":400,"label":" ","price":74.25},{"type":"B","date":"2018-03-29T01:37:51.000Z","volume":2000,"label":" ","price":74.25},{"type":"B","date":"2018-03-29T01:37:52.000Z","volume":1200,"label":" ","price":74.25},{"type":"B","date":"2018-03-29T01:37:52.000Z","volume":400,"label":" ","price":74.25},{"type":"A","date":"2018-03-29T01:37:54.000Z","volume":8800,"label":" ","price":74.3},{"type":"B","date":"2018-03-29T01:37:55.000Z","volume":800,"label":" ","price":74.25},{"type":"A","date":"2018-03-29T01:37:56.000Z","volume":10000,"label":" ","price":74.3},{"type":"B","date":"2018-03-29T01:37:56.000Z","volume":1200,"label":" ","price":74.25},{"type":"B","date":"2018-03-29T01:37:59.000Z","volume":2000,"label":" ","price":74.25},{"type":"A","date":"2018-03-29T01:37:59.000Z","volume":5600,"label":" ","price":74.3},{"type":"B","date":"2018-03-29T01:38:00.000Z","volume":800,"label":" ","price":74.25},{"type":"A","date":"2018-03-29T01:38:01.000Z","volume":2000,"label":" ","price":74.3},{"type":"B","date":"2018-03-29T01:38:01.000Z","volume":10000,"label":" ","price":74.25},{"type":"B","date":"2018-03-29T01:38:01.000Z","volume":1200,"label":" ","price":74.25},{"type":"B","date":"2018-03-29T01:38:03.000Z","volume":4000,"label":" ","price":74.25},{"type":"B","date":"2018-03-29T01:38:04.000Z","volume":800,"label":" ","price":74.25},{"type":"B","date":"2018-03-29T01:38:05.000Z","volume":2400,"label":" ","price":74.25},{"type":"B","date":"2018-03-29T01:38:11.000Z","volume":59200,"label":" ","price":74.25},{"type":"A","date":"2018-03-29T01:38:11.000Z","volume":400,"label":" ","price":74.25},{"type":"A","date":"2018-03-29T01:38:11.000Z","volume":2800,"label":" ","price":74.25},{"type":"B","date":"2018-03-29T01:38:12.000Z","volume":7200,"label":" ","price":74.2},{"type":"B","date":"2018-03-29T01:38:13.000Z","volume":56400,"label":" ","price":74.2},{"type":"B","date":"2018-03-29T01:38:13.000Z","volume":6000,"label":" ","price":74.15},{"type":"A","date":"2018-03-29T01:38:21.000Z","volume":2000,"label":" ","price":74.2},{"type":"B","date":"2018-03-29T01:38:22.000Z","volume":800,"label":" ","price":74.15},{"type":"A","date":"2018-03-29T01:38:24.000Z","volume":50000,"label":" ","price":74.2},{"type":"B","date":"2018-03-29T01:38:25.000Z","volume":24400,"label":" ","price":74.15},{"type":"A","date":"2018-03-29T01:38:37.000Z","volume":400,"label":" ","price":74.2},{"type":"B","date":"2018-03-29T01:38:37.000Z","volume":400,"label":" ","price":74.15},{"type":"B","date":"2018-03-29T01:38:45.000Z","volume":400,"label":" ","price":74.15},{"type":"B","date":"2018-03-29T01:38:49.000Z","volume":2000,"label":" ","price":74.15},{"type":"B","date":"2018-03-29T01:38:50.000Z","volume":1600,"label":" ","price":74.15},{"type":"A","date":"2018-03-29T01:38:53.000Z","volume":800,"label":" ","price":74.2},{"type":"A","date":"2018-03-29T01:38:55.000Z","volume":1200,"label":" ","price":74.2},{"type":"B","date":"2018-03-29T01:39:02.000Z","volume":8000,"label":" ","price":74.15},{"type":"A","date":"2018-03-29T01:39:05.000Z","volume":4000,"label":" ","price":74.2},{"type":"A","date":"2018-03-29T01:39:13.000Z","volume":400,"label":" ","price":74.2},{"type":"A","date":"2018-03-29T01:39:21.000Z","volume":4000,"label":" ","price":74.2},{"type":"B","date":"2018-03-29T01:39:21.000Z","volume":44000,"label":" ","price":74.15},{"type":"B","date":"2018-03-29T01:39:22.000Z","volume":32000,"label":" ","price":74.15},{"type":"A","date":"2018-03-29T01:39:27.000Z","volume":800,"label":" ","price":74.15},{"type":"A","date":"2018-03-29T01:39:29.000Z","volume":1200,"label":" ","price":74.15},{"type":"A","date":"2018-03-29T01:39:34.000Z","volume":8000,"label":" ","price":74.15},{"type":"A","date":"2018-03-29T01:39:35.000Z","volume":12800,"label":" ","price":74.2},{"type":"U","date":"2018-03-29T01:39:35.000Z","volume":2400,"label":" ","price":74.2},{"type":"A","date":"2018-03-29T01:39:36.000Z","volume":39200,"label":" ","price":74.25},{"type":"B","date":"2018-03-29T01:39:45.000Z","volume":4400,"label":" ","price":74.15},{"type":"B","date":"2018-03-29T01:39:52.000Z","volume":4800,"label":" ","price":74.15},{"type":"B","date":"2018-03-29T01:39:55.000Z","volume":400,"label":" ","price":74.15},{"type":"B","date":"2018-03-29T01:39:55.000Z","volume":400,"label":" ","price":74.15},{"type":"A","date":"2018-03-29T01:39:57.000Z","volume":800,"label":" ","price":74.2},{"type":"B","date":"2018-03-29T01:39:58.000Z","volume":400,"label":" ","price":74.15},{"type":"A","date":"2018-03-29T01:40:01.000Z","volume":400,"label":" ","price":74.15},{"type":"A","date":"2018-03-29T01:40:01.000Z","volume":400,"label":" ","price":74.15},{"type":"A","date":"2018-03-29T01:40:12.000Z","volume":1200,"label":" ","price":74.15},{"type":"A","date":"2018-03-29T01:40:14.000Z","volume":400,"label":" ","price":74.15},{"type":"A","date":"2018-03-29T01:40:15.000Z","volume":3600,"label":" ","price":74.15},{"type":"B","date":"2018-03-29T01:40:22.000Z","volume":800,"label":"Y","price":74.1},{"type":"A","date":"2018-03-29T01:40:23.000Z","volume":400,"label":" ","price":74.15},{"type":"B","date":"2018-03-29T01:40:23.000Z","volume":12800,"label":" ","price":74.1},{"type":"B","date":"2018-03-29T01:40:23.000Z","volume":41600,"label":" ","price":74.1},{"type":"B","date":"2018-03-29T01:40:23.000Z","volume":10000,"label":" ","price":74.1},{"type":"B","date":"2018-03-29T01:40:25.000Z","volume":2400,"label":" ","price":74.05},{"type":"A","date":"2018-03-29T01:40:25.000Z","volume":400,"label":" ","price":74.1},{"type":"A","date":"2018-03-29T01:40:25.000Z","volume":15200,"label":" ","price":74.1},{"type":"A","date":"2018-03-29T01:40:30.000Z","volume":400,"label":" ","price":74.1},{"type":"B","date":"2018-03-29T01:40:31.000Z","volume":800,"label":" ","price":74.05},{"type":"A","date":"2018-03-29T01:40:33.000Z","volume":2000,"label":" ","price":74.1},{"type":"A","date":"2018-03-29T01:40:43.000Z","volume":800,"label":" ","price":74.1},{"type":"B","date":"2018-03-29T01:40:43.000Z","volume":2800,"label":" ","price":74.05},{"type":"B","date":"2018-03-29T01:40:46.000Z","volume":2400,"label":" ","price":74.05},{"type":"B","date":"2018-03-29T01:40:52.000Z","volume":800,"label":" ","price":74.05},{"type":"A","date":"2018-03-29T01:40:52.000Z","volume":2000,"label":" ","price":74.1},{"type":"A","date":"2018-03-29T01:40:52.000Z","volume":400,"label":" ","price":74.1},{"type":"A","date":"2018-03-29T01:40:58.000Z","volume":400,"label":" ","price":74.1},{"type":"A","date":"2018-03-29T01:41:04.000Z","volume":400,"label":" ","price":74.1},{"type":"B","date":"2018-03-29T01:41:17.000Z","volume":6400,"label":" ","price":74.05},{"type":"A","date":"2018-03-29T01:41:20.000Z","volume":2800,"label":" ","price":74.1},{"type":"B","date":"2018-03-29T01:41:21.000Z","volume":800,"label":" ","price":74.1},{"type":"B","date":"2018-03-29T01:41:37.000Z","volume":1200,"label":" ","price":74.1},{"type":"B","date":"2018-03-29T01:41:50.000Z","volume":400,"label":" ","price":74.1},{"type":"B","date":"2018-03-29T01:41:53.000Z","volume":1200,"label":" ","price":74.1},{"type":"B","date":"2018-03-29T01:42:03.000Z","volume":5600,"label":" ","price":74.1},{"type":"A","date":"2018-03-29T01:42:06.000Z","volume":5600,"label":" ","price":74.1},{"type":"A","date":"2018-03-29T01:42:09.000Z","volume":4000,"label":" ","price":74.1},{"type":"A","date":"2018-03-29T01:42:17.000Z","volume":45600,"label":" ","price":74.1},{"type":"A","date":"2018-03-29T01:42:17.000Z","volume":60800,"label":" ","price":74.15},{"type":"A","date":"2018-03-29T01:42:17.000Z","volume":26400,"label":" ","price":74.2},{"type":"U","date":"2018-03-29T01:42:17.000Z","volume":400,"label":" ","price":74.15},{"type":"A","date":"2018-03-29T01:42:18.000Z","volume":2400,"label":" ","price":74.15},{"type":"A","date":"2018-03-29T01:42:18.000Z","volume":2400,"label":" ","price":74.2},{"type":"B","date":"2018-03-29T01:42:18.000Z","volume":400,"label":" ","price":74.1},{"type":"B","date":"2018-03-29T01:42:23.000Z","volume":24400,"label":" ","price":74.1},{"type":"A","date":"2018-03-29T01:42:23.000Z","volume":800,"label":" ","price":74.15},{"type":"B","date":"2018-03-29T01:42:34.000Z","volume":1200,"label":" ","price":74.1},{"type":"B","date":"2018-03-29T01:42:34.000Z","volume":400,"label":" ","price":74.1},{"type":"B","date":"2018-03-29T01:42:34.000Z","volume":6800,"label":" ","price":74.1},{"type":"A","date":"2018-03-29T01:42:34.000Z","volume":400,"label":" ","price":74.15},{"type":"A","date":"2018-03-29T01:42:34.000Z","volume":400,"label":" ","price":74.15},{"type":"B","date":"2018-03-29T01:42:38.000Z","volume":800,"label":" ","price":74.1},{"type":"A","date":"2018-03-29T01:42:44.000Z","volume":800,"label":" ","price":74.1},{"type":"A","date":"2018-03-29T01:42:57.000Z","volume":400,"label":" ","price":74.1},{"type":"B","date":"2018-03-29T01:43:09.000Z","volume":800,"label":" ","price":74.1},{"type":"B","date":"2018-03-29T01:43:10.000Z","volume":800,"label":" ","price":74.1},{"type":"U","date":"2018-03-29T01:43:15.000Z","volume":19,"label":"D","price":73.6},{"type":"A","date":"2018-03-29T01:43:24.000Z","volume":400,"label":" ","price":74.15},{"type":"B","date":"2018-03-29T01:43:26.000Z","volume":2000,"label":" ","price":74.1},{"type":"A","date":"2018-03-29T01:43:26.000Z","volume":400,"label":" ","price":74.15},{"type":"A","date":"2018-03-29T01:43:27.000Z","volume":400,"label":" ","price":74.15},{"type":"B","date":"2018-03-29T01:43:34.000Z","volume":800,"label":" ","price":74.1},{"type":"B","date":"2018-03-29T01:43:49.000Z","volume":800,"label":" ","price":74.1},{"type":"A","date":"2018-03-29T01:43:53.000Z","volume":800,"label":" ","price":74.15},{"type":"B","date":"2018-03-29T01:43:54.000Z","volume":21200,"label":" ","price":74.1},{"type":"B","date":"2018-03-29T01:43:55.000Z","volume":2800,"label":" ","price":74.1},{"type":"B","date":"2018-03-29T01:43:56.000Z","volume":16400,"label":" ","price":74.05},{"type":"A","date":"2018-03-29T01:43:57.000Z","volume":800,"label":" ","price":74.1},{"type":"A","date":"2018-03-29T01:43:57.000Z","volume":400,"label":" ","price":74.1},{"type":"B","date":"2018-03-29T01:43:57.000Z","volume":2000,"label":"Y","price":74.05},{"type":"A","date":"2018-03-29T01:43:57.000Z","volume":400,"label":" ","price":74.1},{"type":"A","date":"2018-03-29T01:43:58.000Z","volume":400,"label":" ","price":74.1},{"type":"A","date":"2018-03-29T01:44:01.000Z","volume":1200,"label":" ","price":74.1},{"type":"A","date":"2018-03-29T01:44:10.000Z","volume":400,"label":" ","price":74.1},{"type":"A","date":"2018-03-29T01:44:12.000Z","volume":10000,"label":" ","price":74.1},{"type":"A","date":"2018-03-29T01:44:12.000Z","volume":400,"label":" ","price":74.1},{"type":"A","date":"2018-03-29T01:44:12.000Z","volume":1200,"label":" ","price":74.15},{"type":"A","date":"2018-03-29T01:44:16.000Z","volume":1600,"label":" ","price":74.15},{"type":"A","date":"2018-03-29T01:44:17.000Z","volume":800,"label":" ","price":74.15},{"type":"A","date":"2018-03-29T01:44:17.000Z","volume":400,"label":" ","price":74.15},{"type":"B","date":"2018-03-29T01:44:19.000Z","volume":4000,"label":" ","price":74.1},{"type":"B","date":"2018-03-29T01:44:19.000Z","volume":800,"label":"Y","price":74.05},{"type":"B","date":"2018-03-29T01:44:19.000Z","volume":5200,"label":" ","price":74.05},{"type":"A","date":"2018-03-29T01:44:19.000Z","volume":400,"label":" ","price":74.15},{"type":"A","date":"2018-03-29T01:44:20.000Z","volume":1200,"label":" ","price":74.15},{"type":"B","date":"2018-03-29T01:44:24.000Z","volume":400,"label":"Y","price":74.1},{"type":"B","date":"2018-03-29T01:44:24.000Z","volume":1600,"label":" ","price":74.1},{"type":"A","date":"2018-03-29T01:44:28.000Z","volume":400,"label":" ","price":74.15},{"type":"A","date":"2018-03-29T01:44:30.000Z","volume":400,"label":" ","price":74.15},{"type":"B","date":"2018-03-29T01:44:40.000Z","volume":800,"label":" ","price":74.1},{"type":"A","date":"2018-03-29T01:44:45.000Z","volume":8000,"label":" ","price":74.15},{"type":"A","date":"2018-03-29T01:44:45.000Z","volume":400,"label":" ","price":74.15},{"type":"A","date":"2018-03-29T01:44:52.000Z","volume":400,"label":" ","price":74.15},{"type":"A","date":"2018-03-29T01:44:54.000Z","volume":400,"label":" ","price":74.15},{"type":"B","date":"2018-03-29T01:44:56.000Z","volume":400,"label":"Y","price":74.1},{"type":"A","date":"2018-03-29T01:44:56.000Z","volume":400,"label":" ","price":74.15},{"type":"B","date":"2018-03-29T01:44:59.000Z","volume":400,"label":" ","price":74.1},{"type":"A","date":"2018-03-29T01:45:10.000Z","volume":1200,"label":" ","price":74.15},{"type":"B","date":"2018-03-29T01:45:15.000Z","volume":6000,"label":" ","price":74.1},{"type":"A","date":"2018-03-29T01:45:15.000Z","volume":400,"label":" ","price":74.15},{"type":"B","date":"2018-03-29T01:45:31.000Z","volume":2800,"label":" ","price":74.1},{"type":"A","date":"2018-03-29T01:45:33.000Z","volume":1200,"label":" ","price":74.15},{"type":"B","date":"2018-03-29T01:45:36.000Z","volume":800,"label":"Y","price":74.1},{"type":"B","date":"2018-03-29T01:45:36.000Z","volume":6800,"label":" ","price":74.1},{"type":"A","date":"2018-03-29T01:45:45.000Z","volume":400,"label":" ","price":74.1},{"type":"B","date":"2018-03-29T01:45:51.000Z","volume":1600,"label":" ","price":74.05},{"type":"B","date":"2018-03-29T01:45:58.000Z","volume":400,"label":" ","price":74.05},{"type":"A","date":"2018-03-29T01:46:03.000Z","volume":800,"label":" ","price":74.1},{"type":"A","date":"2018-03-29T01:46:10.000Z","volume":2000,"label":" ","price":74.1},{"type":"A","date":"2018-03-29T01:46:11.000Z","volume":400,"label":" ","price":74.1},{"type":"A","date":"2018-03-29T01:46:25.000Z","volume":3200,"label":" ","price":74.1},{"type":"A","date":"2018-03-29T01:46:29.000Z","volume":800,"label":" ","price":74.1},{"type":"A","date":"2018-03-29T01:46:29.000Z","volume":400,"label":" ","price":74.1},{"type":"A","date":"2018-03-29T01:46:36.000Z","volume":800,"label":" ","price":74.1},{"type":"B","date":"2018-03-29T01:46:42.000Z","volume":4000,"label":" ","price":74.05},{"type":"A","date":"2018-03-29T01:46:42.000Z","volume":400,"label":" ","price":74.1},{"type":"A","date":"2018-03-29T01:46:43.000Z","volume":4000,"label":" ","price":74.1},{"type":"A","date":"2018-03-29T01:46:43.000Z","volume":400,"label":" ","price":74.1},{"type":"A","date":"2018-03-29T01:46:43.000Z","volume":1600,"label":" ","price":74.1},{"type":"B","date":"2018-03-29T01:46:43.000Z","volume":1600,"label":"Y","price":74.05},{"type":"B","date":"2018-03-29T01:46:43.000Z","volume":8400,"label":" ","price":74.05},{"type":"A","date":"2018-03-29T01:46:43.000Z","volume":800,"label":" ","price":74.1},{"type":"A","date":"2018-03-29T01:46:43.000Z","volume":400,"label":" ","price":74.1},{"type":"A","date":"2018-03-29T01:46:49.000Z","volume":800,"label":" ","price":74.1},{"type":"A","date":"2018-03-29T01:46:53.000Z","volume":4000,"label":" ","price":74.1},{"type":"A","date":"2018-03-29T01:46:53.000Z","volume":400,"label":" ","price":74.1},{"type":"U","date":"2018-03-29T01:46:58.000Z","volume":90,"label":"D","price":73.8},{"type":"B","date":"2018-03-29T01:46:59.000Z","volume":400,"label":" ","price":74.05},{"type":"A","date":"2018-03-29T01:47:01.000Z","volume":800,"label":" ","price":74.1},{"type":"A","date":"2018-03-29T01:47:01.000Z","volume":400,"label":" ","price":74.1},{"type":"A","date":"2018-03-29T01:47:07.000Z","volume":400,"label":" ","price":74.1},{"type":"B","date":"2018-03-29T01:47:13.000Z","volume":800,"label":" ","price":74.05},{"type":"A","date":"2018-03-29T01:47:16.000Z","volume":1200,"label":" ","price":74.1},{"type":"A","date":"2018-03-29T01:47:22.000Z","volume":10800,"label":" ","price":74.1},{"type":"A","date":"2018-03-29T01:47:22.000Z","volume":400,"label":" ","price":74.15},{"type":"U","date":"2018-03-29T01:47:23.000Z","volume":12,"label":"D","price":73.5},{"type":"U","date":"2018-03-29T01:47:25.000Z","volume":1600,"label":" ","price":74.1},{"type":"B","date":"2018-03-29T01:47:28.000Z","volume":1600,"label":" ","price":74.1},{"type":"A","date":"2018-03-29T01:47:28.000Z","volume":400,"label":" ","price":74.15},{"type":"B","date":"2018-03-29T01:47:28.000Z","volume":1200,"label":" ","price":74.1},{"type":"A","date":"2018-03-29T01:47:30.000Z","volume":400,"label":" ","price":74.15},{"type":"B","date":"2018-03-29T01:47:32.000Z","volume":4000,"label":" ","price":74.1},{"type":"A","date":"2018-03-29T01:47:32.000Z","volume":400,"label":" ","price":74.15},{"type":"B","date":"2018-03-29T01:47:48.000Z","volume":400,"label":" ","price":74.1},{"type":"B","date":"2018-03-29T01:47:58.000Z","volume":6000,"label":" ","price":74.1},{"type":"B","date":"2018-03-29T01:47:59.000Z","volume":4000,"label":" ","price":74.1},{"type":"B","date":"2018-03-29T01:48:06.000Z","volume":10000,"label":" ","price":74.1},{"type":"B","date":"2018-03-29T01:48:06.000Z","volume":400,"label":" ","price":74.1},{"type":"A","date":"2018-03-29T01:48:08.000Z","volume":10000,"label":" ","price":74.1},{"type":"A","date":"2018-03-29T01:48:09.000Z","volume":5600,"label":" ","price":74.1},{"type":"B","date":"2018-03-29T01:48:10.000Z","volume":1200,"label":" ","price":74.05},{"type":"A","date":"2018-03-29T01:48:11.000Z","volume":2000,"label":" ","price":74.1},{"type":"B","date":"2018-03-29T01:48:19.000Z","volume":400,"label":" ","price":74.05},{"type":"A","date":"2018-03-29T01:48:20.000Z","volume":400,"label":" ","price":74.1},{"type":"B","date":"2018-03-29T01:48:24.000Z","volume":2000,"label":" ","price":74.05},{"type":"B","date":"2018-03-29T01:48:26.000Z","volume":400,"label":" ","price":74.05},{"type":"A","date":"2018-03-29T01:48:27.000Z","volume":400,"label":" ","price":74.1},{"type":"A","date":"2018-03-29T01:48:28.000Z","volume":2000,"label":" ","price":74.1},{"type":"A","date":"2018-03-29T01:48:28.000Z","volume":11600,"label":" ","price":74.1},{"type":"A","date":"2018-03-29T01:48:28.000Z","volume":800,"label":" ","price":74.1},{"type":"B","date":"2018-03-29T01:48:38.000Z","volume":800,"label":" ","price":74.1},{"type":"U","date":"2018-03-29T01:48:40.000Z","volume":160,"label":"D","price":73.35},{"type":"B","date":"2018-03-29T01:48:42.000Z","volume":800,"label":" ","price":74.1},{"type":"B","date":"2018-03-29T01:48:45.000Z","volume":3200,"label":" ","price":74.1},{"type":"B","date":"2018-03-29T01:48:50.000Z","volume":800,"label":" ","price":74.1},{"type":"A","date":"2018-03-29T01:49:00.000Z","volume":800,"label":" ","price":74.15},{"type":"B","date":"2018-03-29T01:49:00.000Z","volume":7600,"label":" ","price":74.1},{"type":"B","date":"2018-03-29T01:49:01.000Z","volume":400,"label":" ","price":74.1},{"type":"B","date":"2018-03-29T01:49:03.000Z","volume":15600,"label":" ","price":74.05},{"type":"A","date":"2018-03-29T01:49:03.000Z","volume":400,"label":" ","price":74.1},{"type":"B","date":"2018-03-29T01:49:06.000Z","volume":8800,"label":" ","price":74.05},{"type":"B","date":"2018-03-29T01:49:07.000Z","volume":2000,"label":" ","price":74},{"type":"A","date":"2018-03-29T01:49:13.000Z","volume":50000,"label":" ","price":74.05},{"type":"A","date":"2018-03-29T01:49:13.000Z","volume":3200,"label":" ","price":74.05},{"type":"A","date":"2018-03-29T01:49:13.000Z","volume":2000,"label":" ","price":74.05},{"type":"A","date":"2018-03-29T01:49:13.000Z","volume":400,"label":"Y","price":74.05},{"type":"A","date":"2018-03-29T01:49:15.000Z","volume":2000,"label":" ","price":74.1},{"type":"B","date":"2018-03-29T01:49:21.000Z","volume":3200,"label":" ","price":74.05},{"type":"B","date":"2018-03-29T01:49:21.000Z","volume":13600,"label":" ","price":74.05},{"type":"A","date":"2018-03-29T01:49:21.000Z","volume":400,"label":" ","price":74.05},{"type":"A","date":"2018-03-29T01:49:29.000Z","volume":400,"label":" ","price":74.05},{"type":"A","date":"2018-03-29T01:49:37.000Z","volume":800,"label":" ","price":74.1},{"type":"B","date":"2018-03-29T01:49:38.000Z","volume":800,"label":" ","price":74.05},{"type":"B","date":"2018-03-29T01:49:38.000Z","volume":92400,"label":" ","price":74},{"type":"B","date":"2018-03-29T01:49:38.000Z","volume":400,"label":" ","price":74.05},{"type":"B","date":"2018-03-29T01:49:38.000Z","volume":1200,"label":" ","price":74.05},{"type":"B","date":"2018-03-29T01:49:38.000Z","volume":2000,"label":" ","price":74.05},{"type":"A","date":"2018-03-29T01:49:38.000Z","volume":3600,"label":" ","price":74.1},{"type":"A","date":"2018-03-29T01:49:38.000Z","volume":400,"label":" ","price":74.1},{"type":"A","date":"2018-03-29T01:49:38.000Z","volume":800,"label":" ","price":74.1},{"type":"B","date":"2018-03-29T01:49:39.000Z","volume":62800,"label":" ","price":74},{"type":"U","date":"2018-03-29T01:49:39.000Z","volume":400,"label":" ","price":74.05},{"type":"A","date":"2018-03-29T01:49:39.000Z","volume":5600,"label":" ","price":74.1},{"type":"A","date":"2018-03-29T01:49:39.000Z","volume":400,"label":" ","price":74.1},{"type":"B","date":"2018-03-29T01:49:40.000Z","volume":4800,"label":" ","price":74.05},{"type":"A","date":"2018-03-29T01:49:40.000Z","volume":400,"label":" ","price":74.1},{"type":"B","date":"2018-03-29T01:49:43.000Z","volume":3600,"label":" ","price":74.05},{"type":"A","date":"2018-03-29T01:49:43.000Z","volume":400,"label":" ","price":74.1},{"type":"B","date":"2018-03-29T01:49:45.000Z","volume":400,"label":"Y","price":74.05},{"type":"B","date":"2018-03-29T01:49:46.000Z","volume":1200,"label":" ","price":74.05},{"type":"B","date":"2018-03-29T01:49:50.000Z","volume":1200,"label":" ","price":74.05},{"type":"B","date":"2018-03-29T01:49:54.000Z","volume":1200,"label":" ","price":74.05},{"type":"B","date":"2018-03-29T01:49:54.000Z","volume":8800,"label":" ","price":74},{"type":"A","date":"2018-03-29T01:49:56.000Z","volume":4000,"label":" ","price":74.1},{"type":"A","date":"2018-03-29T01:49:56.000Z","volume":800,"label":" ","price":74.1},{"type":"B","date":"2018-03-29T01:50:04.000Z","volume":2800,"label":" ","price":74.05},{"type":"A","date":"2018-03-29T01:50:08.000Z","volume":400,"label":" ","price":74.1},{"type":"B","date":"2018-03-29T01:50:08.000Z","volume":1600,"label":" ","price":74.05},{"type":"A","date":"2018-03-29T01:50:09.000Z","volume":15200,"label":" ","price":74.05},{"type":"A","date":"2018-03-29T01:50:09.000Z","volume":800,"label":" ","price":74.1},{"type":"B","date":"2018-03-29T01:50:12.000Z","volume":400,"label":" ","price":74.05},{"type":"B","date":"2018-03-29T01:50:12.000Z","volume":1600,"label":" ","price":74.05},{"type":"B","date":"2018-03-29T01:50:13.000Z","volume":1200,"label":" ","price":74.05},{"type":"B","date":"2018-03-29T01:50:14.000Z","volume":1200,"label":" ","price":74.05},{"type":"B","date":"2018-03-29T01:50:18.000Z","volume":400,"label":" ","price":74.05},{"type":"A","date":"2018-03-29T01:50:41.000Z","volume":800,"label":" ","price":74.1},{"type":"B","date":"2018-03-29T01:50:41.000Z","volume":400,"label":" ","price":74.05},{"type":"B","date":"2018-03-29T01:50:42.000Z","volume":3600,"label":" ","price":74.05},{"type":"B","date":"2018-03-29T01:50:42.000Z","volume":6400,"label":" ","price":74},{"type":"A","date":"2018-03-29T01:50:43.000Z","volume":400,"label":" ","price":74.1},{"type":"B","date":"2018-03-29T01:50:46.000Z","volume":400,"label":" ","price":74.05},{"type":"B","date":"2018-03-29T01:50:47.000Z","volume":800,"label":" ","price":74.05},{"type":"B","date":"2018-03-29T01:50:48.000Z","volume":16000,"label":" ","price":74},{"type":"A","date":"2018-03-29T01:50:48.000Z","volume":1200,"label":" ","price":74.05},{"type":"B","date":"2018-03-29T01:51:07.000Z","volume":800,"label":" ","price":74},{"type":"A","date":"2018-03-29T01:51:08.000Z","volume":1200,"label":" ","price":74.05},{"type":"A","date":"2018-03-29T01:51:08.000Z","volume":6800,"label":" ","price":74.05},{"type":"A","date":"2018-03-29T01:51:08.000Z","volume":800,"label":" ","price":74.05},{"type":"A","date":"2018-03-29T01:51:10.000Z","volume":5600,"label":" ","price":74.05},{"type":"B","date":"2018-03-29T01:51:13.000Z","volume":1600,"label":" ","price":74.05},{"type":"B","date":"2018-03-29T01:51:26.000Z","volume":2000,"label":" ","price":74.05},{"type":"A","date":"2018-03-29T01:51:26.000Z","volume":400,"label":" ","price":74.1},{"type":"A","date":"2018-03-29T01:51:32.000Z","volume":1200,"label":" ","price":74.1},{"type":"A","date":"2018-03-29T01:51:32.000Z","volume":400,"label":" ","price":74.1},{"type":"A","date":"2018-03-29T01:51:35.000Z","volume":2000,"label":" ","price":74.1},{"type":"B","date":"2018-03-29T01:51:37.000Z","volume":3200,"label":" ","price":74.05},{"type":"A","date":"2018-03-29T01:51:37.000Z","volume":400,"label":" ","price":74.1},{"type":"B","date":"2018-03-29T01:51:39.000Z","volume":400,"label":" ","price":74.05},{"type":"B","date":"2018-03-29T01:51:40.000Z","volume":5200,"label":" ","price":74.05},{"type":"A","date":"2018-03-29T01:51:40.000Z","volume":400,"label":" ","price":74.1},{"type":"B","date":"2018-03-29T01:51:41.000Z","volume":2000,"label":" ","price":74.05},{"type":"B","date":"2018-03-29T01:51:48.000Z","volume":400,"label":" ","price":74.05},{"type":"A","date":"2018-03-29T01:51:50.000Z","volume":400,"label":"Y","price":74.1},{"type":"A","date":"2018-03-29T01:51:51.000Z","volume":400,"label":"Y","price":74.1},{"type":"B","date":"2018-03-29T01:51:55.000Z","volume":1200,"label":" ","price":74.05},{"type":"B","date":"2018-03-29T01:51:59.000Z","volume":8800,"label":" ","price":74.05},{"type":"B","date":"2018-03-29T01:52:00.000Z","volume":3600,"label":" ","price":74.05},{"type":"B","date":"2018-03-29T01:52:03.000Z","volume":400,"label":" ","price":74.05},{"type":"A","date":"2018-03-29T01:52:10.000Z","volume":2000,"label":"Y","price":74.1},{"type":"B","date":"2018-03-29T01:52:11.000Z","volume":10000,"label":" ","price":74},{"type":"A","date":"2018-03-29T01:52:13.000Z","volume":800,"label":" ","price":74.05},{"type":"B","date":"2018-03-29T01:52:19.000Z","volume":800,"label":" ","price":74},{"type":"A","date":"2018-03-29T01:52:19.000Z","volume":400,"label":" ","price":74.05},{"type":"B","date":"2018-03-29T01:52:22.000Z","volume":3200,"label":" ","price":74},{"type":"A","date":"2018-03-29T01:52:26.000Z","volume":2400,"label":" ","price":74.05},{"type":"A","date":"2018-03-29T01:52:32.000Z","volume":1200,"label":" ","price":74.05},{"type":"A","date":"2018-03-29T01:52:44.000Z","volume":400,"label":" ","price":74.05},{"type":"A","date":"2018-03-29T01:52:52.000Z","volume":2000,"label":" ","price":74.05},{"type":"A","date":"2018-03-29T01:52:56.000Z","volume":1200,"label":" ","price":74.05},{"type":"A","date":"2018-03-29T01:52:57.000Z","volume":16000,"label":" ","price":74.05},{"type":"A","date":"2018-03-29T01:52:57.000Z","volume":400,"label":" ","price":74.05},{"type":"A","date":"2018-03-29T01:52:57.000Z","volume":800,"label":" ","price":74.05},{"type":"B","date":"2018-03-29T01:52:58.000Z","volume":4000,"label":" ","price":74},{"type":"A","date":"2018-03-29T01:52:58.000Z","volume":400,"label":" ","price":74.05},{"type":"B","date":"2018-03-29T01:52:59.000Z","volume":400,"label":" ","price":74},{"type":"A","date":"2018-03-29T01:52:59.000Z","volume":400,"label":" ","price":74.05},{"type":"B","date":"2018-03-29T01:53:01.000Z","volume":10000,"label":" ","price":74},{"type":"A","date":"2018-03-29T01:53:01.000Z","volume":400,"label":" ","price":74.05},{"type":"A","date":"2018-03-29T01:53:01.000Z","volume":400,"label":" ","price":74.05},{"type":"A","date":"2018-03-29T01:53:01.000Z","volume":800,"label":" ","price":74.05},{"type":"A","date":"2018-03-29T01:53:01.000Z","volume":1600,"label":" ","price":74.05},{"type":"B","date":"2018-03-29T01:53:02.000Z","volume":1200,"label":" ","price":74},{"type":"A","date":"2018-03-29T01:53:02.000Z","volume":400,"label":" ","price":74.05},{"type":"A","date":"2018-03-29T01:53:02.000Z","volume":1200,"label":" ","price":74.05},{"type":"B","date":"2018-03-29T01:53:02.000Z","volume":3600,"label":" ","price":74},{"type":"B","date":"2018-03-29T01:53:17.000Z","volume":1600,"label":" ","price":74},{"type":"B","date":"2018-03-29T01:53:18.000Z","volume":400,"label":" ","price":74},{"type":"B","date":"2018-03-29T01:53:24.000Z","volume":400,"label":" ","price":74},{"type":"B","date":"2018-03-29T01:53:27.000Z","volume":800,"label":" ","price":74},{"type":"B","date":"2018-03-29T01:53:27.000Z","volume":10000,"label":" ","price":74},{"type":"B","date":"2018-03-29T01:53:28.000Z","volume":2800,"label":" ","price":74},{"type":"A","date":"2018-03-29T01:53:30.000Z","volume":14400,"label":" ","price":74.05},{"type":"A","date":"2018-03-29T01:53:30.000Z","volume":2400,"label":" ","price":74.05},{"type":"A","date":"2018-03-29T01:53:32.000Z","volume":400,"label":" ","price":74.05},{"type":"A","date":"2018-03-29T01:53:35.000Z","volume":400,"label":" ","price":74.05},{"type":"A","date":"2018-03-29T01:53:53.000Z","volume":1200,"label":" ","price":74.05},{"type":"A","date":"2018-03-29T01:54:17.000Z","volume":800,"label":" ","price":74.05},{"type":"A","date":"2018-03-29T01:54:17.000Z","volume":1200,"label":" ","price":74.05},{"type":"B","date":"2018-03-29T01:54:26.000Z","volume":1200,"label":" ","price":74},{"type":"A","date":"2018-03-29T01:54:31.000Z","volume":1200,"label":" ","price":74.05},{"type":"A","date":"2018-03-29T01:54:34.000Z","volume":800,"label":"Y","price":74.05},{"type":"B","date":"2018-03-29T01:54:41.000Z","volume":1200,"label":"Y","price":74},{"type":"B","date":"2018-03-29T01:54:42.000Z","volume":800,"label":" ","price":74},{"type":"A","date":"2018-03-29T01:54:47.000Z","volume":5200,"label":" ","price":74.05},{"type":"B","date":"2018-03-29T01:54:48.000Z","volume":1200,"label":" ","price":74},{"type":"A","date":"2018-03-29T01:54:50.000Z","volume":800,"label":" ","price":74.05},{"type":"A","date":"2018-03-29T01:54:54.000Z","volume":800,"label":" ","price":74.05},{"type":"A","date":"2018-03-29T01:54:55.000Z","volume":4000,"label":" ","price":74.05},{"type":"A","date":"2018-03-29T01:54:58.000Z","volume":400,"label":"Y","price":74.05},{"type":"A","date":"2018-03-29T01:55:17.000Z","volume":10000,"label":" ","price":74.05},{"type":"A","date":"2018-03-29T01:55:19.000Z","volume":11600,"label":" ","price":74.05},{"type":"A","date":"2018-03-29T01:55:19.000Z","volume":2000,"label":" ","price":74.1},{"type":"B","date":"2018-03-29T01:55:20.000Z","volume":5200,"label":" ","price":74.05},{"type":"B","date":"2018-03-29T01:55:20.000Z","volume":6400,"label":" ","price":74.05},{"type":"B","date":"2018-03-29T01:55:21.000Z","volume":3600,"label":" ","price":74.05},{"type":"B","date":"2018-03-29T01:55:23.000Z","volume":2400,"label":" ","price":74.05},{"type":"B","date":"2018-03-29T01:55:34.000Z","volume":800,"label":" ","price":74.05},{"type":"B","date":"2018-03-29T01:55:36.000Z","volume":800,"label":" ","price":74.05},{"type":"B","date":"2018-03-29T01:55:38.000Z","volume":2400,"label":" ","price":74.05},{"type":"A","date":"2018-03-29T01:55:44.000Z","volume":400,"label":" ","price":74.1},{"type":"B","date":"2018-03-29T01:55:44.000Z","volume":5600,"label":" ","price":74.05},{"type":"B","date":"2018-03-29T01:55:45.000Z","volume":800,"label":" ","price":74.05},{"type":"B","date":"2018-03-29T01:55:45.000Z","volume":2400,"label":" ","price":74.05},{"type":"B","date":"2018-03-29T01:55:45.000Z","volume":800,"label":" ","price":74},{"type":"B","date":"2018-03-29T01:55:55.000Z","volume":2000,"label":" ","price":74.05},{"type":"A","date":"2018-03-29T01:56:02.000Z","volume":1200,"label":" ","price":74.1},{"type":"B","date":"2018-03-29T01:56:02.000Z","volume":400,"label":" ","price":74.05},{"type":"B","date":"2018-03-29T01:56:09.000Z","volume":1600,"label":" ","price":74.05},{"type":"B","date":"2018-03-29T01:56:09.000Z","volume":800,"label":" ","price":74.05},{"type":"B","date":"2018-03-29T01:56:14.000Z","volume":58400,"label":" ","price":74},{"type":"B","date":"2018-03-29T01:56:15.000Z","volume":14800,"label":" ","price":74},{"type":"A","date":"2018-03-29T01:56:16.000Z","volume":4000,"label":" ","price":74.1},{"type":"A","date":"2018-03-29T01:56:18.000Z","volume":2000,"label":" ","price":74.05},{"type":"A","date":"2018-03-29T01:56:18.000Z","volume":2000,"label":" ","price":74.05},{"type":"A","date":"2018-03-29T01:56:26.000Z","volume":800,"label":" ","price":74.05},{"type":"A","date":"2018-03-29T01:56:29.000Z","volume":400,"label":" ","price":74.05},{"type":"A","date":"2018-03-29T01:56:29.000Z","volume":2000,"label":" ","price":74.05},{"type":"A","date":"2018-03-29T01:56:47.000Z","volume":1600,"label":" ","price":74.05},{"type":"B","date":"2018-03-29T01:56:48.000Z","volume":3200,"label":" ","price":74},{"type":"A","date":"2018-03-29T01:56:56.000Z","volume":400,"label":" ","price":74.05},{"type":"A","date":"2018-03-29T01:56:57.000Z","volume":400,"label":" ","price":74.05},{"type":"A","date":"2018-03-29T01:56:58.000Z","volume":400,"label":" ","price":74.05},{"type":"B","date":"2018-03-29T01:57:01.000Z","volume":56800,"label":" ","price":74},{"type":"B","date":"2018-03-29T01:57:02.000Z","volume":1200,"label":"Y","price":74},{"type":"B","date":"2018-03-29T01:57:02.000Z","volume":12000,"label":" ","price":74},{"type":"B","date":"2018-03-29T01:57:03.000Z","volume":8400,"label":" ","price":74},{"type":"B","date":"2018-03-29T01:57:03.000Z","volume":29600,"label":" ","price":74},{"type":"B","date":"2018-03-29T01:57:03.000Z","volume":133600,"label":" ","price":74},{"type":"B","date":"2018-03-29T01:57:04.000Z","volume":800,"label":"Y","price":74},{"type":"B","date":"2018-03-29T01:57:04.000Z","volume":38800,"label":" ","price":74},{"type":"B","date":"2018-03-29T01:57:06.000Z","volume":81600,"label":" ","price":73.95},{"type":"A","date":"2018-03-29T01:57:06.000Z","volume":1600,"label":" ","price":73.95},{"type":"A","date":"2018-03-29T01:57:07.000Z","volume":1200,"label":" ","price":73.95},{"type":"A","date":"2018-03-29T01:57:08.000Z","volume":800,"label":" ","price":73.95},{"type":"A","date":"2018-03-29T01:57:11.000Z","volume":400,"label":" ","price":73.95},{"type":"A","date":"2018-03-29T01:57:13.000Z","volume":1200,"label":" ","price":73.95},{"type":"A","date":"2018-03-29T01:57:13.000Z","volume":800,"label":" ","price":73.95},{"type":"A","date":"2018-03-29T01:57:19.000Z","volume":20000,"label":" ","price":73.95},{"type":"A","date":"2018-03-29T01:57:20.000Z","volume":4000,"label":" ","price":73.95},{"type":"B","date":"2018-03-29T01:57:22.000Z","volume":800,"label":"Y","price":73.9},{"type":"B","date":"2018-03-29T01:57:22.000Z","volume":9200,"label":" ","price":73.9},{"type":"A","date":"2018-03-29T01:57:23.000Z","volume":400,"label":" ","price":73.95},{"type":"B","date":"2018-03-29T01:57:24.000Z","volume":3200,"label":" ","price":73.9},{"type":"B","date":"2018-03-29T01:57:25.000Z","volume":4400,"label":" ","price":73.9},{"type":"B","date":"2018-03-29T01:57:26.000Z","volume":2000,"label":" ","price":73.9},{"type":"B","date":"2018-03-29T01:57:28.000Z","volume":2000,"label":" ","price":73.9},{"type":"B","date":"2018-03-29T01:57:30.000Z","volume":1600,"label":" ","price":73.9},{"type":"A","date":"2018-03-29T01:57:43.000Z","volume":400,"label":" ","price":73.95},{"type":"B","date":"2018-03-29T01:57:44.000Z","volume":400,"label":" ","price":73.9},{"type":"A","date":"2018-03-29T01:57:49.000Z","volume":400,"label":" ","price":73.95},{"type":"A","date":"2018-03-29T01:57:50.000Z","volume":1200,"label":" ","price":73.95},{"type":"A","date":"2018-03-29T01:57:53.000Z","volume":400,"label":" ","price":73.95},{"type":"A","date":"2018-03-29T01:57:53.000Z","volume":1200,"label":" ","price":73.95},{"type":"A","date":"2018-03-29T01:57:56.000Z","volume":1200,"label":" ","price":73.95},{"type":"A","date":"2018-03-29T01:57:56.000Z","volume":400,"label":" ","price":73.95},{"type":"A","date":"2018-03-29T01:58:01.000Z","volume":4800,"label":" ","price":73.95},{"type":"A","date":"2018-03-29T01:58:02.000Z","volume":400,"label":" ","price":73.95},{"type":"A","date":"2018-03-29T01:58:10.000Z","volume":800,"label":" ","price":73.95},{"type":"A","date":"2018-03-29T01:58:10.000Z","volume":800,"label":" ","price":73.95},{"type":"A","date":"2018-03-29T01:58:11.000Z","volume":1600,"label":" ","price":73.95},{"type":"A","date":"2018-03-29T01:58:17.000Z","volume":2000,"label":" ","price":73.95},{"type":"A","date":"2018-03-29T01:58:21.000Z","volume":1200,"label":" ","price":73.95},{"type":"A","date":"2018-03-29T01:58:27.000Z","volume":400,"label":" ","price":73.95},{"type":"A","date":"2018-03-29T01:58:27.000Z","volume":1200,"label":" ","price":73.95},{"type":"A","date":"2018-03-29T01:58:28.000Z","volume":400,"label":" ","price":73.95},{"type":"A","date":"2018-03-29T01:58:31.000Z","volume":1600,"label":" ","price":73.95},{"type":"A","date":"2018-03-29T01:58:32.000Z","volume":800,"label":" ","price":73.95},{"type":"B","date":"2018-03-29T01:58:33.000Z","volume":2400,"label":" ","price":73.9},{"type":"A","date":"2018-03-29T01:58:39.000Z","volume":7200,"label":" ","price":73.95},{"type":"B","date":"2018-03-29T01:58:39.000Z","volume":1200,"label":" ","price":73.9},{"type":"B","date":"2018-03-29T01:58:40.000Z","volume":1600,"label":" ","price":73.9},{"type":"A","date":"2018-03-29T01:58:40.000Z","volume":400,"label":"Y","price":73.95},{"type":"A","date":"2018-03-29T01:58:40.000Z","volume":20000,"label":" ","price":73.95},{"type":"B","date":"2018-03-29T01:58:41.000Z","volume":2800,"label":" ","price":73.9},{"type":"B","date":"2018-03-29T01:58:43.000Z","volume":800,"label":" ","price":73.9},{"type":"A","date":"2018-03-29T01:58:44.000Z","volume":800,"label":"Y","price":73.95},{"type":"B","date":"2018-03-29T01:58:44.000Z","volume":400,"label":" ","price":73.9},{"type":"A","date":"2018-03-29T01:58:45.000Z","volume":400,"label":" ","price":73.95},{"type":"A","date":"2018-03-29T01:58:52.000Z","volume":1200,"label":" ","price":73.95},{"type":"B","date":"2018-03-29T01:58:53.000Z","volume":5600,"label":"Y","price":73.9},{"type":"B","date":"2018-03-29T01:58:53.000Z","volume":128800,"label":" ","price":73.9},{"type":"B","date":"2018-03-29T01:58:53.000Z","volume":30800,"label":" ","price":73.85},{"type":"A","date":"2018-03-29T01:58:54.000Z","volume":4400,"label":" ","price":73.9},{"type":"B","date":"2018-03-29T01:58:54.000Z","volume":1200,"label":" ","price":73.85},{"type":"A","date":"2018-03-29T01:58:56.000Z","volume":800,"label":" ","price":73.9},{"type":"A","date":"2018-03-29T01:58:56.000Z","volume":800,"label":" ","price":73.9},{"type":"A","date":"2018-03-29T01:59:00.000Z","volume":4000,"label":" ","price":73.9},{"type":"B","date":"2018-03-29T01:59:01.000Z","volume":1200,"label":" ","price":73.85},{"type":"B","date":"2018-03-29T01:59:05.000Z","volume":400,"label":" ","price":73.85},{"type":"B","date":"2018-03-29T01:59:05.000Z","volume":16000,"label":" ","price":73.85},{"type":"B","date":"2018-03-29T01:59:06.000Z","volume":3600,"label":" ","price":73.85},{"type":"B","date":"2018-03-29T01:59:06.000Z","volume":400,"label":" ","price":73.85},{"type":"A","date":"2018-03-29T01:59:15.000Z","volume":1600,"label":" ","price":73.9},{"type":"A","date":"2018-03-29T01:59:18.000Z","volume":800,"label":"Y","price":73.9},{"type":"B","date":"2018-03-29T01:59:19.000Z","volume":800,"label":" ","price":73.85},{"type":"B","date":"2018-03-29T01:59:19.000Z","volume":9200,"label":" ","price":73.85},{"type":"B","date":"2018-03-29T01:59:19.000Z","volume":2800,"label":" ","price":73.85},{"type":"A","date":"2018-03-29T01:59:26.000Z","volume":800,"label":" ","price":73.9},{"type":"A","date":"2018-03-29T01:59:27.000Z","volume":2000,"label":" ","price":73.9},{"type":"B","date":"2018-03-29T01:59:30.000Z","volume":46800,"label":" ","price":73.85},{"type":"A","date":"2018-03-29T01:59:33.000Z","volume":400,"label":" ","price":73.9},{"type":"A","date":"2018-03-29T01:59:36.000Z","volume":400,"label":" ","price":73.85},{"type":"B","date":"2018-03-29T01:59:36.000Z","volume":5200,"label":" ","price":73.8},{"type":"B","date":"2018-03-29T01:59:36.000Z","volume":10000,"label":" ","price":73.8},{"type":"A","date":"2018-03-29T01:59:38.000Z","volume":4000,"label":" ","price":73.85},{"type":"A","date":"2018-03-29T01:59:38.000Z","volume":2000,"label":" ","price":73.85},{"type":"A","date":"2018-03-29T01:59:38.000Z","volume":800,"label":" ","price":73.85},{"type":"A","date":"2018-03-29T01:59:42.000Z","volume":400,"label":" ","price":73.85},{"type":"A","date":"2018-03-29T01:59:44.000Z","volume":800,"label":" ","price":73.85},{"type":"A","date":"2018-03-29T01:59:48.000Z","volume":1200,"label":" ","price":73.85},{"type":"A","date":"2018-03-29T01:59:49.000Z","volume":800,"label":" ","price":73.85},{"type":"A","date":"2018-03-29T01:59:50.000Z","volume":2000,"label":" ","price":73.85},{"type":"B","date":"2018-03-29T01:59:50.000Z","volume":57600,"label":" ","price":73.8},{"type":"A","date":"2018-03-29T01:59:52.000Z","volume":2400,"label":"Y","price":73.85},{"type":"A","date":"2018-03-29T01:59:55.000Z","volume":800,"label":" ","price":73.85},{"type":"A","date":"2018-03-29T01:59:56.000Z","volume":2000,"label":" ","price":73.85},{"type":"B","date":"2018-03-29T01:59:57.000Z","volume":70000,"label":" ","price":73.8},{"type":"B","date":"2018-03-29T01:59:58.000Z","volume":9600,"label":" ","price":73.8},{"type":"A","date":"2018-03-29T01:59:59.000Z","volume":3200,"label":" ","price":73.85},{"type":"B","date":"2018-03-29T01:59:59.000Z","volume":75200,"label":" ","price":73.8},{"type":"B","date":"2018-03-29T02:00:00.000Z","volume":15600,"label":" ","price":73.8},{"type":"B","date":"2018-03-29T02:00:00.000Z","volume":132800,"label":" ","price":73.8},{"type":"B","date":"2018-03-29T02:00:00.000Z","volume":62400,"label":" ","price":73.8},{"type":"B","date":"2018-03-29T02:00:00.000Z","volume":12800,"label":" ","price":73.8},{"type":"B","date":"2018-03-29T02:00:00.000Z","volume":5600,"label":" ","price":73.8},{"type":"B","date":"2018-03-29T02:00:00.000Z","volume":5200,"label":" ","price":73.8},{"type":"A","date":"2018-03-29T02:00:00.000Z","volume":400,"label":" ","price":73.85},{"type":"B","date":"2018-03-29T02:00:01.000Z","volume":10000,"label":" ","price":73.75},{"type":"B","date":"2018-03-29T02:00:01.000Z","volume":23200,"label":" ","price":73.75},{"type":"B","date":"2018-03-29T02:00:01.000Z","volume":21200,"label":" ","price":73.7},{"type":"U","date":"2018-03-29T02:00:01.000Z","volume":28,"label":"D","price":73.98},{"type":"B","date":"2018-03-29T02:00:02.000Z","volume":800,"label":" ","price":73.7},{"type":"B","date":"2018-03-29T02:00:02.000Z","volume":4000,"label":" ","price":73.7},{"type":"B","date":"2018-03-29T02:00:03.000Z","volume":9600,"label":" ","price":73.7},{"type":"A","date":"2018-03-29T02:00:04.000Z","volume":1600,"label":" ","price":73.75},{"type":"A","date":"2018-03-29T02:00:07.000Z","volume":400,"label":" ","price":73.75},{"type":"A","date":"2018-03-29T02:00:08.000Z","volume":400,"label":" ","price":73.75},{"type":"A","date":"2018-03-29T02:00:08.000Z","volume":800,"label":" ","price":73.75},{"type":"A","date":"2018-03-29T02:00:15.000Z","volume":800,"label":" ","price":73.75},{"type":"B","date":"2018-03-29T02:00:16.000Z","volume":800,"label":" ","price":73.7},{"type":"A","date":"2018-03-29T02:00:17.000Z","volume":9600,"label":" ","price":73.75},{"type":"A","date":"2018-03-29T02:00:17.000Z","volume":400,"label":" ","price":73.8},{"type":"B","date":"2018-03-29T02:00:17.000Z","volume":9600,"label":" ","price":73.7},{"type":"A","date":"2018-03-29T02:00:18.000Z","volume":800,"label":" ","price":73.75},{"type":"B","date":"2018-03-29T02:00:19.000Z","volume":9600,"label":" ","price":73.7},{"type":"B","date":"2018-03-29T02:00:20.000Z","volume":9600,"label":" ","price":73.7},{"type":"A","date":"2018-03-29T02:00:20.000Z","volume":800,"label":" ","price":73.75},{"type":"B","date":"2018-03-29T02:00:24.000Z","volume":9200,"label":" ","price":73.7},{"type":"A","date":"2018-03-29T02:00:24.000Z","volume":2000,"label":" ","price":73.75},{"type":"B","date":"2018-03-29T02:00:25.000Z","volume":400,"label":" ","price":73.65},{"type":"A","date":"2018-03-29T02:00:26.000Z","volume":4800,"label":" ","price":73.75},{"type":"A","date":"2018-03-29T02:00:37.000Z","volume":400,"label":" ","price":73.7},{"type":"A","date":"2018-03-29T02:00:38.000Z","volume":800,"label":" ","price":73.7},{"type":"B","date":"2018-03-29T02:00:39.000Z","volume":61200,"label":" ","price":73.65},{"type":"B","date":"2018-03-29T02:00:41.000Z","volume":22800,"label":" ","price":73.65},{"type":"A","date":"2018-03-29T02:00:44.000Z","volume":2000,"label":" ","price":73.7},{"type":"A","date":"2018-03-29T02:00:49.000Z","volume":400,"label":" ","price":73.7},{"type":"A","date":"2018-03-29T02:00:50.000Z","volume":2000,"label":" ","price":73.65},{"type":"A","date":"2018-03-29T02:00:52.000Z","volume":13600,"label":" ","price":73.65},{"type":"A","date":"2018-03-29T02:00:52.000Z","volume":5600,"label":" ","price":73.65},{"type":"A","date":"2018-03-29T02:00:52.000Z","volume":3200,"label":" ","price":73.65},{"type":"A","date":"2018-03-29T02:00:53.000Z","volume":400,"label":" ","price":73.65},{"type":"A","date":"2018-03-29T02:00:53.000Z","volume":2000,"label":" ","price":73.65},{"type":"A","date":"2018-03-29T02:00:55.000Z","volume":400,"label":" ","price":73.7},{"type":"A","date":"2018-03-29T02:01:01.000Z","volume":800,"label":" ","price":73.7},{"type":"B","date":"2018-03-29T02:01:01.000Z","volume":11200,"label":" ","price":73.65},{"type":"B","date":"2018-03-29T02:01:01.000Z","volume":400,"label":" ","price":73.6},{"type":"A","date":"2018-03-29T02:01:05.000Z","volume":400,"label":" ","price":73.65},{"type":"B","date":"2018-03-29T02:01:08.000Z","volume":30000,"label":" ","price":73.6},{"type":"B","date":"2018-03-29T02:01:08.000Z","volume":1200,"label":" ","price":73.6},{"type":"A","date":"2018-03-29T02:01:11.000Z","volume":1200,"label":" ","price":73.65},{"type":"A","date":"2018-03-29T02:01:11.000Z","volume":1200,"label":" ","price":73.65},{"type":"A","date":"2018-03-29T02:01:12.000Z","volume":800,"label":" ","price":73.65},{"type":"A","date":"2018-03-29T02:01:14.000Z","volume":18400,"label":" ","price":73.65},{"type":"A","date":"2018-03-29T02:01:14.000Z","volume":2000,"label":" ","price":73.65},{"type":"A","date":"2018-03-29T02:01:14.000Z","volume":400,"label":" ","price":73.65},{"type":"A","date":"2018-03-29T02:01:15.000Z","volume":6000,"label":" ","price":73.65},{"type":"B","date":"2018-03-29T02:01:15.000Z","volume":4800,"label":" ","price":73.65},{"type":"B","date":"2018-03-29T02:01:15.000Z","volume":18800,"label":" ","price":73.6},{"type":"B","date":"2018-03-29T02:01:17.000Z","volume":2400,"label":" ","price":73.65},{"type":"B","date":"2018-03-29T02:01:18.000Z","volume":2800,"label":" ","price":73.65},{"type":"A","date":"2018-03-29T02:01:18.000Z","volume":400,"label":" ","price":73.7},{"type":"A","date":"2018-03-29T02:01:23.000Z","volume":1200,"label":" ","price":73.65},{"type":"A","date":"2018-03-29T02:01:24.000Z","volume":400,"label":"Y","price":73.65},{"type":"A","date":"2018-03-29T02:01:25.000Z","volume":400,"label":" ","price":73.65},{"type":"A","date":"2018-03-29T02:01:26.000Z","volume":800,"label":" ","price":73.65},{"type":"A","date":"2018-03-29T02:01:26.000Z","volume":400,"label":"Y","price":73.65},{"type":"A","date":"2018-03-29T02:01:30.000Z","volume":78800,"label":" ","price":73.65},{"type":"B","date":"2018-03-29T02:01:31.000Z","volume":2000,"label":" ","price":73.65},{"type":"B","date":"2018-03-29T02:01:35.000Z","volume":2400,"label":" ","price":73.65},{"type":"B","date":"2018-03-29T02:01:37.000Z","volume":400,"label":" ","price":73.65},{"type":"A","date":"2018-03-29T02:01:40.000Z","volume":1200,"label":" ","price":73.7},{"type":"A","date":"2018-03-29T02:01:43.000Z","volume":800,"label":" ","price":73.7},{"type":"B","date":"2018-03-29T02:01:53.000Z","volume":1600,"label":" ","price":73.65},{"type":"B","date":"2018-03-29T02:01:55.000Z","volume":400,"label":" ","price":73.65},{"type":"B","date":"2018-03-29T02:01:56.000Z","volume":800,"label":" ","price":73.65},{"type":"A","date":"2018-03-29T02:02:06.000Z","volume":800,"label":" ","price":73.7},{"type":"B","date":"2018-03-29T02:02:06.000Z","volume":20000,"label":" ","price":73.65},{"type":"B","date":"2018-03-29T02:02:06.000Z","volume":6000,"label":" ","price":73.65},{"type":"B","date":"2018-03-29T02:02:07.000Z","volume":2000,"label":" ","price":73.65},{"type":"B","date":"2018-03-29T02:02:10.000Z","volume":2400,"label":" ","price":73.65},{"type":"A","date":"2018-03-29T02:02:15.000Z","volume":400,"label":" ","price":73.65},{"type":"A","date":"2018-03-29T02:02:18.000Z","volume":2000,"label":" ","price":73.65},{"type":"A","date":"2018-03-29T02:02:18.000Z","volume":1200,"label":" ","price":73.65},{"type":"A","date":"2018-03-29T02:02:19.000Z","volume":4400,"label":" ","price":73.65},{"type":"B","date":"2018-03-29T02:02:19.000Z","volume":400,"label":" ","price":73.65},{"type":"B","date":"2018-03-29T02:02:19.000Z","volume":800,"label":" ","price":73.65},{"type":"B","date":"2018-03-29T02:02:43.000Z","volume":6400,"label":" ","price":73.65},{"type":"A","date":"2018-03-29T02:02:43.000Z","volume":1200,"label":" ","price":73.65},{"type":"A","date":"2018-03-29T02:02:48.000Z","volume":5200,"label":"Y","price":73.65},{"type":"A","date":"2018-03-29T02:02:48.000Z","volume":6800,"label":" ","price":73.65},{"type":"B","date":"2018-03-29T02:02:49.000Z","volume":400,"label":" ","price":73.65},{"type":"B","date":"2018-03-29T02:02:49.000Z","volume":800,"label":" ","price":73.65},{"type":"A","date":"2018-03-29T02:02:49.000Z","volume":400,"label":" ","price":73.7},{"type":"B","date":"2018-03-29T02:02:51.000Z","volume":6800,"label":" ","price":73.65},{"type":"A","date":"2018-03-29T02:02:51.000Z","volume":400,"label":" ","price":73.65},{"type":"A","date":"2018-03-29T02:02:55.000Z","volume":400,"label":"Y","price":73.65},{"type":"A","date":"2018-03-29T02:02:57.000Z","volume":1600,"label":" ","price":73.65},{"type":"A","date":"2018-03-29T02:02:58.000Z","volume":800,"label":" ","price":73.7},{"type":"B","date":"2018-03-29T02:03:00.000Z","volume":400,"label":" ","price":73.65},{"type":"B","date":"2018-03-29T02:03:00.000Z","volume":4800,"label":" ","price":73.6},{"type":"B","date":"2018-03-29T02:03:03.000Z","volume":400,"label":" ","price":73.65},{"type":"B","date":"2018-03-29T02:03:08.000Z","volume":5600,"label":" ","price":73.65},{"type":"A","date":"2018-03-29T02:03:19.000Z","volume":6000,"label":" ","price":73.7},{"type":"B","date":"2018-03-29T02:03:19.000Z","volume":400,"label":" ","price":73.65},{"type":"B","date":"2018-03-29T02:03:20.000Z","volume":400,"label":"Y","price":73.65},{"type":"B","date":"2018-03-29T02:03:20.000Z","volume":400,"label":" ","price":73.65},{"type":"B","date":"2018-03-29T02:03:20.000Z","volume":1200,"label":" ","price":73.65},{"type":"A","date":"2018-03-29T02:03:21.000Z","volume":2000,"label":" ","price":73.65},{"type":"A","date":"2018-03-29T02:03:21.000Z","volume":7600,"label":" ","price":73.65},{"type":"B","date":"2018-03-29T02:03:25.000Z","volume":800,"label":" ","price":73.6},{"type":"A","date":"2018-03-29T02:03:29.000Z","volume":400,"label":" ","price":73.65},{"type":"A","date":"2018-03-29T02:03:29.000Z","volume":2000,"label":" ","price":73.65},{"type":"A","date":"2018-03-29T02:03:34.000Z","volume":800,"label":" ","price":73.65},{"type":"A","date":"2018-03-29T02:03:43.000Z","volume":400,"label":" ","price":73.65},{"type":"A","date":"2018-03-29T02:03:44.000Z","volume":2000,"label":" ","price":73.65},{"type":"A","date":"2018-03-29T02:03:49.000Z","volume":800,"label":" ","price":73.65},{"type":"A","date":"2018-03-29T02:03:50.000Z","volume":1600,"label":" ","price":73.65},{"type":"B","date":"2018-03-29T02:03:50.000Z","volume":5200,"label":" ","price":73.6},{"type":"A","date":"2018-03-29T02:03:54.000Z","volume":1200,"label":" ","price":73.65},{"type":"A","date":"2018-03-29T02:03:55.000Z","volume":1600,"label":" ","price":73.65},{"type":"A","date":"2018-03-29T02:03:56.000Z","volume":4000,"label":" ","price":73.65},{"type":"A","date":"2018-03-29T02:03:58.000Z","volume":800,"label":" ","price":73.65},{"type":"B","date":"2018-03-29T02:03:59.000Z","volume":155600,"label":" ","price":73.6},{"type":"B","date":"2018-03-29T02:03:59.000Z","volume":54400,"label":" ","price":73.55},{"type":"A","date":"2018-03-29T02:04:04.000Z","volume":400,"label":" ","price":73.65},{"type":"A","date":"2018-03-29T02:04:06.000Z","volume":2400,"label":" ","price":73.65},{"type":"A","date":"2018-03-29T02:04:09.000Z","volume":44800,"label":" ","price":73.65},{"type":"A","date":"2018-03-29T02:04:09.000Z","volume":5200,"label":" ","price":73.65},{"type":"B","date":"2018-03-29T02:04:11.000Z","volume":6000,"label":" ","price":73.6},{"type":"U","date":"2018-03-29T02:04:12.000Z","volume":800,"label":" ","price":73.65},{"type":"U","date":"2018-03-29T02:04:12.000Z","volume":5200,"label":" ","price":73.65},{"type":"B","date":"2018-03-29T02:04:12.000Z","volume":800,"label":" ","price":73.6},{"type":"A","date":"2018-03-29T02:04:18.000Z","volume":800,"label":" ","price":73.65},{"type":"A","date":"2018-03-29T02:04:19.000Z","volume":2000,"label":" ","price":73.65},{"type":"A","date":"2018-03-29T02:04:20.000Z","volume":800,"label":" ","price":73.65},{"type":"B","date":"2018-03-29T02:04:20.000Z","volume":800,"label":" ","price":73.6},{"type":"B","date":"2018-03-29T02:04:20.000Z","volume":800,"label":" ","price":73.6},{"type":"A","date":"2018-03-29T02:04:22.000Z","volume":16400,"label":" ","price":73.65},{"type":"A","date":"2018-03-29T02:04:28.000Z","volume":1200,"label":" ","price":73.7},{"type":"B","date":"2018-03-29T02:04:28.000Z","volume":400,"label":"Y","price":73.65},{"type":"B","date":"2018-03-29T02:04:28.000Z","volume":2000,"label":" ","price":73.65},{"type":"B","date":"2018-03-29T02:04:28.000Z","volume":1600,"label":" ","price":73.6},{"type":"A","date":"2018-03-29T02:04:32.000Z","volume":400,"label":" ","price":73.7},{"type":"B","date":"2018-03-29T02:04:40.000Z","volume":1200,"label":" ","price":73.65},{"type":"A","date":"2018-03-29T02:04:41.000Z","volume":30000,"label":" ","price":73.7},{"type":"B","date":"2018-03-29T02:04:41.000Z","volume":2000,"label":"Y","price":73.65},{"type":"A","date":"2018-03-29T02:04:47.000Z","volume":400,"label":" ","price":73.7},{"type":"B","date":"2018-03-29T02:04:49.000Z","volume":11200,"label":" ","price":73.65},{"type":"B","date":"2018-03-29T02:04:55.000Z","volume":46800,"label":" ","price":73.6},{"type":"A","date":"2018-03-29T02:04:58.000Z","volume":400,"label":" ","price":73.6},{"type":"B","date":"2018-03-29T02:05:00.000Z","volume":2400,"label":" ","price":73.6},{"type":"B","date":"2018-03-29T02:05:00.000Z","volume":20800,"label":" ","price":73.55},{"type":"B","date":"2018-03-29T02:05:00.000Z","volume":6800,"label":" ","price":73.55},{"type":"A","date":"2018-03-29T02:05:06.000Z","volume":1200,"label":" ","price":73.65},{"type":"A","date":"2018-03-29T02:05:11.000Z","volume":6000,"label":" ","price":73.65},{"type":"A","date":"2018-03-29T02:05:19.000Z","volume":400,"label":" ","price":73.65},{"type":"A","date":"2018-03-29T02:05:23.000Z","volume":800,"label":" ","price":73.65},{"type":"B","date":"2018-03-29T02:05:24.000Z","volume":2000,"label":" ","price":73.6},{"type":"A","date":"2018-03-29T02:05:25.000Z","volume":1600,"label":" ","price":73.65},{"type":"A","date":"2018-03-29T02:05:26.000Z","volume":800,"label":" ","price":73.65},{"type":"B","date":"2018-03-29T02:05:29.000Z","volume":2000,"label":" ","price":73.6},{"type":"B","date":"2018-03-29T02:05:30.000Z","volume":1200,"label":" ","price":73.6},{"type":"B","date":"2018-03-29T02:05:32.000Z","volume":400,"label":" ","price":73.6},{"type":"A","date":"2018-03-29T02:05:37.000Z","volume":800,"label":" ","price":73.65},{"type":"A","date":"2018-03-29T02:05:42.000Z","volume":800,"label":" ","price":73.65},{"type":"A","date":"2018-03-29T02:05:43.000Z","volume":800,"label":" ","price":73.65},{"type":"B","date":"2018-03-29T02:05:45.000Z","volume":4000,"label":" ","price":73.6},{"type":"A","date":"2018-03-29T02:05:45.000Z","volume":400,"label":" ","price":73.65},{"type":"B","date":"2018-03-29T02:05:47.000Z","volume":400,"label":" ","price":73.6},{"type":"A","date":"2018-03-29T02:05:53.000Z","volume":20000,"label":" ","price":73.65},{"type":"B","date":"2018-03-29T02:05:57.000Z","volume":400,"label":" ","price":73.6},{"type":"A","date":"2018-03-29T02:05:59.000Z","volume":800,"label":" ","price":73.65},{"type":"A","date":"2018-03-29T02:06:03.000Z","volume":400,"label":" ","price":73.65},{"type":"B","date":"2018-03-29T02:06:10.000Z","volume":1200,"label":" ","price":73.6},{"type":"A","date":"2018-03-29T02:06:12.000Z","volume":2800,"label":" ","price":73.65},{"type":"A","date":"2018-03-29T02:06:13.000Z","volume":800,"label":" ","price":73.65},{"type":"A","date":"2018-03-29T02:06:13.000Z","volume":8800,"label":" ","price":73.65},{"type":"A","date":"2018-03-29T02:06:16.000Z","volume":2000,"label":" ","price":73.65},{"type":"A","date":"2018-03-29T02:06:16.000Z","volume":29200,"label":" ","price":73.65},{"type":"A","date":"2018-03-29T02:06:18.000Z","volume":6000,"label":" ","price":73.65},{"type":"A","date":"2018-03-29T02:06:22.000Z","volume":2000,"label":" ","price":73.65},{"type":"A","date":"2018-03-29T02:06:27.000Z","volume":1200,"label":" ","price":73.65},{"type":"A","date":"2018-03-29T02:06:29.000Z","volume":17200,"label":" ","price":73.65},{"type":"A","date":"2018-03-29T02:06:29.000Z","volume":12800,"label":"Y","price":73.7},{"type":"B","date":"2018-03-29T02:06:35.000Z","volume":1200,"label":" ","price":73.65},{"type":"B","date":"2018-03-29T02:06:35.000Z","volume":2800,"label":" ","price":73.65},{"type":"A","date":"2018-03-29T02:06:39.000Z","volume":800,"label":" ","price":73.65},{"type":"A","date":"2018-03-29T02:06:39.000Z","volume":2000,"label":" ","price":73.65},{"type":"A","date":"2018-03-29T02:06:40.000Z","volume":400,"label":"Y","price":73.7},{"type":"A","date":"2018-03-29T02:06:44.000Z","volume":400,"label":" ","price":73.7},{"type":"A","date":"2018-03-29T02:06:45.000Z","volume":2000,"label":"Y","price":73.7},{"type":"A","date":"2018-03-29T02:06:47.000Z","volume":400,"label":"Y","price":73.7},{"type":"A","date":"2018-03-29T02:06:49.000Z","volume":2000,"label":"Y","price":73.7},{"type":"B","date":"2018-03-29T02:06:50.000Z","volume":800,"label":" ","price":73.65},{"type":"A","date":"2018-03-29T02:06:50.000Z","volume":400,"label":" ","price":73.7},{"type":"A","date":"2018-03-29T02:06:55.000Z","volume":1200,"label":" ","price":73.7},{"type":"B","date":"2018-03-29T02:06:57.000Z","volume":2400,"label":" ","price":73.65},{"type":"B","date":"2018-03-29T02:07:00.000Z","volume":20000,"label":" ","price":73.65},{"type":"B","date":"2018-03-29T02:07:05.000Z","volume":10000,"label":" ","price":73.65},{"type":"U","date":"2018-03-29T02:07:12.000Z","volume":19,"label":"D","price":73.15},{"type":"B","date":"2018-03-29T02:07:12.000Z","volume":14800,"label":" ","price":73.65},{"type":"B","date":"2018-03-29T02:07:20.000Z","volume":400,"label":" ","price":73.65},{"type":"A","date":"2018-03-29T02:07:27.000Z","volume":4800,"label":"Y","price":73.7},{"type":"A","date":"2018-03-29T02:07:27.000Z","volume":400,"label":" ","price":73.7},{"type":"B","date":"2018-03-29T02:07:27.000Z","volume":13200,"label":" ","price":73.65},{"type":"B","date":"2018-03-29T02:07:30.000Z","volume":800,"label":" ","price":73.65},{"type":"U","date":"2018-03-29T02:07:39.000Z","volume":24,"label":"D","price":73.35},{"type":"B","date":"2018-03-29T02:07:43.000Z","volume":1200,"label":" ","price":73.65},{"type":"B","date":"2018-03-29T02:07:50.000Z","volume":400,"label":"Y","price":73.65},{"type":"A","date":"2018-03-29T02:07:50.000Z","volume":2000,"label":" ","price":73.7},{"type":"B","date":"2018-03-29T02:08:11.000Z","volume":2000,"label":" ","price":73.65},{"type":"B","date":"2018-03-29T02:08:11.000Z","volume":32000,"label":" ","price":73.65},{"type":"B","date":"2018-03-29T02:08:11.000Z","volume":4000,"label":" ","price":73.65},{"type":"A","date":"2018-03-29T02:08:15.000Z","volume":2000,"label":" ","price":73.7},{"type":"U","date":"2018-03-29T02:08:15.000Z","volume":800,"label":" ","price":73.65},{"type":"U","date":"2018-03-29T02:08:16.000Z","volume":400,"label":" ","price":73.65},{"type":"B","date":"2018-03-29T02:08:22.000Z","volume":1200,"label":" ","price":73.65},{"type":"B","date":"2018-03-29T02:08:28.000Z","volume":1200,"label":" ","price":73.6},{"type":"A","date":"2018-03-29T02:08:33.000Z","volume":1200,"label":" ","price":73.65},{"type":"A","date":"2018-03-29T02:08:33.000Z","volume":2000,"label":" ","price":73.65},{"type":"A","date":"2018-03-29T02:08:35.000Z","volume":800,"label":" ","price":73.65},{"type":"A","date":"2018-03-29T02:08:37.000Z","volume":1200,"label":" ","price":73.65},{"type":"A","date":"2018-03-29T02:08:37.000Z","volume":400,"label":" ","price":73.65},{"type":"A","date":"2018-03-29T02:08:39.000Z","volume":2400,"label":" ","price":73.65},{"type":"B","date":"2018-03-29T02:08:39.000Z","volume":400,"label":" ","price":73.6},{"type":"A","date":"2018-03-29T02:08:41.000Z","volume":400,"label":" ","price":73.65},{"type":"B","date":"2018-03-29T02:08:43.000Z","volume":5200,"label":" ","price":73.6},{"type":"A","date":"2018-03-29T02:08:43.000Z","volume":2800,"label":" ","price":73.65},{"type":"A","date":"2018-03-29T02:08:44.000Z","volume":800,"label":" ","price":73.65},{"type":"A","date":"2018-03-29T02:08:44.000Z","volume":1200,"label":" ","price":73.65},{"type":"A","date":"2018-03-29T02:08:45.000Z","volume":400,"label":" ","price":73.65},{"type":"A","date":"2018-03-29T02:08:46.000Z","volume":1200,"label":" ","price":73.65},{"type":"A","date":"2018-03-29T02:08:47.000Z","volume":400,"label":" ","price":73.65},{"type":"A","date":"2018-03-29T02:08:48.000Z","volume":800,"label":" ","price":73.65},{"type":"A","date":"2018-03-29T02:08:50.000Z","volume":800,"label":" ","price":73.65},{"type":"A","date":"2018-03-29T02:08:52.000Z","volume":2000,"label":" ","price":73.65},{"type":"A","date":"2018-03-29T02:08:53.000Z","volume":400,"label":" ","price":73.65},{"type":"B","date":"2018-03-29T02:08:54.000Z","volume":1600,"label":"Y","price":73.6},{"type":"B","date":"2018-03-29T02:08:54.000Z","volume":3200,"label":" ","price":73.6},{"type":"A","date":"2018-03-29T02:08:56.000Z","volume":400,"label":" ","price":73.65},{"type":"A","date":"2018-03-29T02:09:00.000Z","volume":400,"label":" ","price":73.65},{"type":"A","date":"2018-03-29T02:09:01.000Z","volume":2000,"label":" ","price":73.65},{"type":"B","date":"2018-03-29T02:09:01.000Z","volume":400,"label":" ","price":73.6},{"type":"B","date":"2018-03-29T02:09:03.000Z","volume":400,"label":" ","price":73.6},{"type":"A","date":"2018-03-29T02:09:06.000Z","volume":1200,"label":" ","price":73.65},{"type":"B","date":"2018-03-29T02:09:06.000Z","volume":400,"label":" ","price":73.6},{"type":"B","date":"2018-03-29T02:09:08.000Z","volume":800,"label":" ","price":73.6},{"type":"A","date":"2018-03-29T02:09:08.000Z","volume":400,"label":" ","price":73.65},{"type":"A","date":"2018-03-29T02:09:09.000Z","volume":400,"label":" ","price":73.65},{"type":"B","date":"2018-03-29T02:09:17.000Z","volume":1200,"label":" ","price":73.6},{"type":"A","date":"2018-03-29T02:09:18.000Z","volume":2000,"label":" ","price":73.65},{"type":"B","date":"2018-03-29T02:09:22.000Z","volume":800,"label":" ","price":73.6},{"type":"A","date":"2018-03-29T02:09:27.000Z","volume":9200,"label":" ","price":73.65},{"type":"A","date":"2018-03-29T02:09:31.000Z","volume":800,"label":" ","price":73.65},{"type":"A","date":"2018-03-29T02:09:33.000Z","volume":800,"label":" ","price":73.65},{"type":"A","date":"2018-03-29T02:09:33.000Z","volume":400,"label":" ","price":73.65},{"type":"B","date":"2018-03-29T02:09:35.000Z","volume":37200,"label":" ","price":73.6},{"type":"B","date":"2018-03-29T02:09:38.000Z","volume":400,"label":" ","price":73.6},{"type":"A","date":"2018-03-29T02:09:52.000Z","volume":400,"label":" ","price":73.65},{"type":"B","date":"2018-03-29T02:09:54.000Z","volume":7200,"label":" ","price":73.6},{"type":"A","date":"2018-03-29T02:09:57.000Z","volume":800,"label":" ","price":73.65},{"type":"B","date":"2018-03-29T02:10:02.000Z","volume":400,"label":" ","price":73.6},{"type":"A","date":"2018-03-29T02:10:08.000Z","volume":400,"label":" ","price":73.65},{"type":"A","date":"2018-03-29T02:10:09.000Z","volume":1200,"label":" ","price":73.65},{"type":"A","date":"2018-03-29T02:10:19.000Z","volume":800,"label":" ","price":73.65},{"type":"A","date":"2018-03-29T02:10:24.000Z","volume":1200,"label":" ","price":73.65},{"type":"B","date":"2018-03-29T02:10:25.000Z","volume":400,"label":" ","price":73.6},{"type":"A","date":"2018-03-29T02:10:31.000Z","volume":800,"label":" ","price":73.65},{"type":"B","date":"2018-03-29T02:10:34.000Z","volume":1200,"label":" ","price":73.6},{"type":"B","date":"2018-03-29T02:10:34.000Z","volume":800,"label":" ","price":73.6},{"type":"A","date":"2018-03-29T02:10:35.000Z","volume":800,"label":" ","price":73.65},{"type":"A","date":"2018-03-29T02:10:35.000Z","volume":2000,"label":" ","price":73.65},{"type":"B","date":"2018-03-29T02:10:44.000Z","volume":1200,"label":" ","price":73.6},{"type":"A","date":"2018-03-29T02:10:47.000Z","volume":400,"label":" ","price":73.65},{"type":"A","date":"2018-03-29T02:10:52.000Z","volume":1600,"label":" ","price":73.65},{"type":"A","date":"2018-03-29T02:10:55.000Z","volume":1200,"label":" ","price":73.65},{"type":"A","date":"2018-03-29T02:10:58.000Z","volume":1200,"label":" ","price":73.65},{"type":"A","date":"2018-03-29T02:10:58.000Z","volume":1200,"label":" ","price":73.65},{"type":"A","date":"2018-03-29T02:11:03.000Z","volume":1200,"label":"Y","price":73.65},{"type":"A","date":"2018-03-29T02:11:03.000Z","volume":18800,"label":" ","price":73.65},{"type":"A","date":"2018-03-29T02:11:04.000Z","volume":400,"label":" ","price":73.65},{"type":"B","date":"2018-03-29T02:11:06.000Z","volume":2400,"label":" ","price":73.6},{"type":"A","date":"2018-03-29T02:11:08.000Z","volume":400,"label":" ","price":73.65},{"type":"A","date":"2018-03-29T02:11:11.000Z","volume":6400,"label":" ","price":73.65},{"type":"U","date":"2018-03-29T02:11:11.000Z","volume":150,"label":"D","price":73.871},{"type":"A","date":"2018-03-29T02:11:13.000Z","volume":800,"label":"Y","price":73.65},{"type":"A","date":"2018-03-29T02:11:15.000Z","volume":10000,"label":" ","price":73.65},{"type":"A","date":"2018-03-29T02:11:15.000Z","volume":400,"label":" ","price":73.65},{"type":"A","date":"2018-03-29T02:11:16.000Z","volume":40000,"label":" ","price":73.65},{"type":"A","date":"2018-03-29T02:11:16.000Z","volume":2000,"label":" ","price":73.65},{"type":"A","date":"2018-03-29T02:11:19.000Z","volume":800,"label":" ","price":73.65},{"type":"A","date":"2018-03-29T02:11:21.000Z","volume":1200,"label":" ","price":73.65},{"type":"A","date":"2018-03-29T02:11:26.000Z","volume":400,"label":" ","price":73.65},{"type":"A","date":"2018-03-29T02:11:26.000Z","volume":8400,"label":" ","price":73.65},{"type":"A","date":"2018-03-29T02:11:30.000Z","volume":2000,"label":" ","price":73.65},{"type":"A","date":"2018-03-29T02:11:30.000Z","volume":400,"label":" ","price":73.65},{"type":"B","date":"2018-03-29T02:11:36.000Z","volume":4400,"label":" ","price":73.65},{"type":"A","date":"2018-03-29T02:11:36.000Z","volume":400,"label":" ","price":73.65},{"type":"B","date":"2018-03-29T02:11:36.000Z","volume":1200,"label":" ","price":73.6},{"type":"A","date":"2018-03-29T02:11:38.000Z","volume":400,"label":" ","price":73.65},{"type":"A","date":"2018-03-29T02:11:41.000Z","volume":1600,"label":" ","price":73.65},{"type":"A","date":"2018-03-29T02:11:42.000Z","volume":800,"label":" ","price":73.65},{"type":"B","date":"2018-03-29T02:11:48.000Z","volume":106400,"label":" ","price":73.6},{"type":"A","date":"2018-03-29T02:11:51.000Z","volume":400,"label":" ","price":73.65},{"type":"A","date":"2018-03-29T02:11:59.000Z","volume":400,"label":" ","price":73.65},{"type":"A","date":"2018-03-29T02:12:00.000Z","volume":20000,"label":" ","price":73.65},{"type":"A","date":"2018-03-29T02:12:01.000Z","volume":4000,"label":" ","price":73.65},{"type":"B","date":"2018-03-29T02:12:03.000Z","volume":800,"label":"Y","price":73.6},{"type":"B","date":"2018-03-29T02:12:03.000Z","volume":6400,"label":" ","price":73.6},{"type":"B","date":"2018-03-29T02:12:08.000Z","volume":10000,"label":" ","price":73.6},{"type":"B","date":"2018-03-29T02:12:16.000Z","volume":1200,"label":" ","price":73.6},{"type":"A","date":"2018-03-29T02:12:17.000Z","volume":800,"label":" ","price":73.65},{"type":"B","date":"2018-03-29T02:12:20.000Z","volume":1200,"label":" ","price":73.6},{"type":"B","date":"2018-03-29T02:12:26.000Z","volume":2000,"label":" ","price":73.6},{"type":"A","date":"2018-03-29T02:12:29.000Z","volume":400,"label":" ","price":73.65},{"type":"A","date":"2018-03-29T02:12:30.000Z","volume":800,"label":" ","price":73.65},{"type":"B","date":"2018-03-29T02:12:33.000Z","volume":800,"label":" ","price":73.6},{"type":"A","date":"2018-03-29T02:12:35.000Z","volume":400,"label":" ","price":73.65},{"type":"A","date":"2018-03-29T02:12:36.000Z","volume":400,"label":" ","price":73.65},{"type":"B","date":"2018-03-29T02:12:40.000Z","volume":100400,"label":"Y","price":73.6},{"type":"B","date":"2018-03-29T02:12:40.000Z","volume":49600,"label":" ","price":73.6},{"type":"B","date":"2018-03-29T02:12:40.000Z","volume":1600,"label":" ","price":73.6},{"type":"B","date":"2018-03-29T02:12:42.000Z","volume":800,"label":"Y","price":73.6},{"type":"B","date":"2018-03-29T02:12:42.000Z","volume":2000,"label":" ","price":73.6},{"type":"A","date":"2018-03-29T02:12:43.000Z","volume":400,"label":" ","price":73.6},{"type":"A","date":"2018-03-29T02:12:43.000Z","volume":800,"label":" ","price":73.65},{"type":"B","date":"2018-03-29T02:12:52.000Z","volume":400,"label":" ","price":73.6},{"type":"B","date":"2018-03-29T02:12:52.000Z","volume":6400,"label":" ","price":73.55},{"type":"B","date":"2018-03-29T02:12:57.000Z","volume":7600,"label":" ","price":73.6},{"type":"A","date":"2018-03-29T02:12:58.000Z","volume":800,"label":" ","price":73.6},{"type":"A","date":"2018-03-29T02:12:58.000Z","volume":800,"label":" ","price":73.6},{"type":"A","date":"2018-03-29T02:12:59.000Z","volume":400,"label":" ","price":73.6},{"type":"A","date":"2018-03-29T02:13:01.000Z","volume":800,"label":" ","price":73.6},{"type":"A","date":"2018-03-29T02:13:03.000Z","volume":1600,"label":" ","price":73.6},{"type":"A","date":"2018-03-29T02:13:04.000Z","volume":400,"label":" ","price":73.65},{"type":"A","date":"2018-03-29T02:13:04.000Z","volume":4800,"label":" ","price":73.65},{"type":"B","date":"2018-03-29T02:13:05.000Z","volume":1200,"label":" ","price":73.6},{"type":"A","date":"2018-03-29T02:13:07.000Z","volume":800,"label":" ","price":73.65},{"type":"A","date":"2018-03-29T02:13:11.000Z","volume":1200,"label":" ","price":73.65},{"type":"A","date":"2018-03-29T02:13:13.000Z","volume":800,"label":" ","price":73.65},{"type":"A","date":"2018-03-29T02:13:16.000Z","volume":400,"label":" ","price":73.65},{"type":"A","date":"2018-03-29T02:13:19.000Z","volume":800,"label":" ","price":73.65},{"type":"A","date":"2018-03-29T02:13:20.000Z","volume":400,"label":" ","price":73.65},{"type":"A","date":"2018-03-29T02:13:21.000Z","volume":400,"label":" ","price":73.65},{"type":"A","date":"2018-03-29T02:13:25.000Z","volume":800,"label":" ","price":73.65},{"type":"B","date":"2018-03-29T02:13:26.000Z","volume":1200,"label":" ","price":73.6},{"type":"B","date":"2018-03-29T02:13:32.000Z","volume":400,"label":" ","price":73.6},{"type":"A","date":"2018-03-29T02:13:38.000Z","volume":400,"label":" ","price":73.65},{"type":"B","date":"2018-03-29T02:13:38.000Z","volume":2000,"label":" ","price":73.6},{"type":"A","date":"2018-03-29T02:13:40.000Z","volume":800,"label":" ","price":73.65},{"type":"A","date":"2018-03-29T02:13:50.000Z","volume":2000,"label":" ","price":73.65},{"type":"B","date":"2018-03-29T02:13:50.000Z","volume":400,"label":" ","price":73.6},{"type":"B","date":"2018-03-29T02:13:54.000Z","volume":400,"label":"Y","price":73.6},{"type":"A","date":"2018-03-29T02:14:01.000Z","volume":6000,"label":" ","price":73.65},{"type":"A","date":"2018-03-29T02:14:05.000Z","volume":1200,"label":" ","price":73.65},{"type":"A","date":"2018-03-29T02:14:22.000Z","volume":400,"label":" ","price":73.65},{"type":"A","date":"2018-03-29T02:14:23.000Z","volume":400,"label":" ","price":73.65},{"type":"A","date":"2018-03-29T02:14:31.000Z","volume":400,"label":" ","price":73.65},{"type":"B","date":"2018-03-29T02:14:31.000Z","volume":400,"label":" ","price":73.6},{"type":"A","date":"2018-03-29T02:14:34.000Z","volume":1200,"label":" ","price":73.65},{"type":"A","date":"2018-03-29T02:14:34.000Z","volume":800,"label":" ","price":73.65},{"type":"A","date":"2018-03-29T02:14:35.000Z","volume":400,"label":"Y","price":73.65},{"type":"A","date":"2018-03-29T02:14:35.000Z","volume":400,"label":" ","price":73.65},{"type":"A","date":"2018-03-29T02:14:35.000Z","volume":400,"label":" ","price":73.65},{"type":"A","date":"2018-03-29T02:14:37.000Z","volume":800,"label":" ","price":73.65},{"type":"A","date":"2018-03-29T02:14:38.000Z","volume":4800,"label":" ","price":73.65},{"type":"A","date":"2018-03-29T02:14:39.000Z","volume":1200,"label":"Y","price":73.65},{"type":"A","date":"2018-03-29T02:14:42.000Z","volume":400,"label":" ","price":73.65},{"type":"A","date":"2018-03-29T02:14:42.000Z","volume":400,"label":" ","price":73.65},{"type":"B","date":"2018-03-29T02:14:43.000Z","volume":400,"label":"Y","price":73.6},{"type":"B","date":"2018-03-29T02:14:43.000Z","volume":14400,"label":" ","price":73.6},{"type":"A","date":"2018-03-29T02:14:43.000Z","volume":400,"label":" ","price":73.65},{"type":"A","date":"2018-03-29T02:14:43.000Z","volume":400,"label":" ","price":73.65},{"type":"A","date":"2018-03-29T02:14:45.000Z","volume":1200,"label":" ","price":73.65},{"type":"A","date":"2018-03-29T02:14:45.000Z","volume":800,"label":" ","price":73.65},{"type":"A","date":"2018-03-29T02:14:47.000Z","volume":800,"label":" ","price":73.65},{"type":"B","date":"2018-03-29T02:14:49.000Z","volume":800,"label":" ","price":73.6},{"type":"A","date":"2018-03-29T02:14:54.000Z","volume":400,"label":" ","price":73.65},{"type":"B","date":"2018-03-29T02:14:58.000Z","volume":400,"label":" ","price":73.6},{"type":"A","date":"2018-03-29T02:15:02.000Z","volume":400,"label":" ","price":73.65},{"type":"B","date":"2018-03-29T02:15:06.000Z","volume":400,"label":" ","price":73.6},{"type":"A","date":"2018-03-29T02:15:10.000Z","volume":2800,"label":" ","price":73.65},{"type":"A","date":"2018-03-29T02:15:16.000Z","volume":800,"label":" ","price":73.65},{"type":"B","date":"2018-03-29T02:15:16.000Z","volume":400,"label":" ","price":73.6},{"type":"B","date":"2018-03-29T02:15:16.000Z","volume":9600,"label":" ","price":73.6},{"type":"B","date":"2018-03-29T02:15:19.000Z","volume":800,"label":"Y","price":73.6},{"type":"B","date":"2018-03-29T02:15:19.000Z","volume":8800,"label":" ","price":73.6},{"type":"A","date":"2018-03-29T02:15:21.000Z","volume":1600,"label":" ","price":73.65},{"type":"A","date":"2018-03-29T02:15:30.000Z","volume":800,"label":" ","price":73.65},{"type":"A","date":"2018-03-29T02:15:32.000Z","volume":400,"label":" ","price":73.65},{"type":"A","date":"2018-03-29T02:15:40.000Z","volume":800,"label":" ","price":73.65},{"type":"B","date":"2018-03-29T02:15:43.000Z","volume":6000,"label":"Y","price":73.6},{"type":"B","date":"2018-03-29T02:15:43.000Z","volume":4000,"label":" ","price":73.6},{"type":"A","date":"2018-03-29T02:15:43.000Z","volume":1200,"label":" ","price":73.65},{"type":"A","date":"2018-03-29T02:15:46.000Z","volume":2000,"label":"Y","price":73.65},{"type":"A","date":"2018-03-29T02:15:50.000Z","volume":800,"label":" ","price":73.65},{"type":"B","date":"2018-03-29T02:15:53.000Z","volume":3200,"label":" ","price":73.6},{"type":"A","date":"2018-03-29T02:15:54.000Z","volume":2000,"label":" ","price":73.65},{"type":"A","date":"2018-03-29T02:15:54.000Z","volume":400,"label":" ","price":73.65},{"type":"A","date":"2018-03-29T02:15:59.000Z","volume":1200,"label":" ","price":73.65},{"type":"A","date":"2018-03-29T02:16:02.000Z","volume":400,"label":" ","price":73.65},{"type":"A","date":"2018-03-29T02:16:07.000Z","volume":10000,"label":" ","price":73.65},{"type":"A","date":"2018-03-29T02:16:08.000Z","volume":400,"label":" ","price":73.65},{"type":"A","date":"2018-03-29T02:16:10.000Z","volume":800,"label":" ","price":73.65},{"type":"U","date":"2018-03-29T02:16:11.000Z","volume":266,"label":"D","price":73.1},{"type":"A","date":"2018-03-29T02:16:14.000Z","volume":800,"label":" ","price":73.65},{"type":"B","date":"2018-03-29T02:16:20.000Z","volume":400,"label":" ","price":73.6},{"type":"A","date":"2018-03-29T02:16:24.000Z","volume":10000,"label":" ","price":73.65},{"type":"A","date":"2018-03-29T02:16:30.000Z","volume":1200,"label":"Y","price":73.65},{"type":"B","date":"2018-03-29T02:16:31.000Z","volume":800,"label":" ","price":73.6},{"type":"A","date":"2018-03-29T02:16:34.000Z","volume":400,"label":"Y","price":73.65},{"type":"A","date":"2018-03-29T02:16:42.000Z","volume":400,"label":" ","price":73.65},{"type":"A","date":"2018-03-29T02:17:06.000Z","volume":1200,"label":" ","price":73.65},{"type":"A","date":"2018-03-29T02:17:08.000Z","volume":400,"label":" ","price":73.65},{"type":"A","date":"2018-03-29T02:17:17.000Z","volume":14000,"label":" ","price":73.65},{"type":"A","date":"2018-03-29T02:17:17.000Z","volume":3600,"label":" ","price":73.65},{"type":"A","date":"2018-03-29T02:17:20.000Z","volume":400,"label":" ","price":73.65},{"type":"A","date":"2018-03-29T02:17:21.000Z","volume":800,"label":" ","price":73.65},{"type":"A","date":"2018-03-29T02:17:23.000Z","volume":2000,"label":" ","price":73.65},{"type":"B","date":"2018-03-29T02:17:26.000Z","volume":400,"label":" ","price":73.6},{"type":"A","date":"2018-03-29T02:17:26.000Z","volume":2000,"label":" ","price":73.65},{"type":"B","date":"2018-03-29T02:17:26.000Z","volume":3200,"label":" ","price":73.6},{"type":"A","date":"2018-03-29T02:17:27.000Z","volume":800,"label":" ","price":73.65},{"type":"A","date":"2018-03-29T02:17:28.000Z","volume":16400,"label":" ","price":73.65},{"type":"A","date":"2018-03-29T02:17:44.000Z","volume":800,"label":" ","price":73.7},{"type":"A","date":"2018-03-29T02:17:44.000Z","volume":400,"label":" ","price":73.7},{"type":"B","date":"2018-03-29T02:17:53.000Z","volume":8000,"label":" ","price":73.65},{"type":"A","date":"2018-03-29T02:18:02.000Z","volume":20000,"label":" ","price":73.7},{"type":"B","date":"2018-03-29T02:18:04.000Z","volume":19600,"label":" ","price":73.65},{"type":"A","date":"2018-03-29T02:18:09.000Z","volume":1200,"label":" ","price":73.65},{"type":"A","date":"2018-03-29T02:18:11.000Z","volume":1200,"label":" ","price":73.65},{"type":"A","date":"2018-03-29T02:18:13.000Z","volume":400,"label":" ","price":73.65},{"type":"A","date":"2018-03-29T02:18:22.000Z","volume":400,"label":" ","price":73.65},{"type":"A","date":"2018-03-29T02:18:22.000Z","volume":4000,"label":" ","price":73.65},{"type":"B","date":"2018-03-29T02:18:24.000Z","volume":1200,"label":" ","price":73.6},{"type":"A","date":"2018-03-29T02:18:26.000Z","volume":2000,"label":" ","price":73.65},{"type":"A","date":"2018-03-29T02:18:31.000Z","volume":400,"label":" ","price":73.65},{"type":"A","date":"2018-03-29T02:18:33.000Z","volume":400,"label":" ","price":73.65},{"type":"A","date":"2018-03-29T02:18:37.000Z","volume":400,"label":" ","price":73.65},{"type":"A","date":"2018-03-29T02:18:41.000Z","volume":400,"label":" ","price":73.65},{"type":"A","date":"2018-03-29T02:18:45.000Z","volume":4000,"label":" ","price":73.65},{"type":"A","date":"2018-03-29T02:18:55.000Z","volume":400,"label":" ","price":73.65},{"type":"A","date":"2018-03-29T02:19:03.000Z","volume":800,"label":" ","price":73.65},{"type":"A","date":"2018-03-29T02:19:04.000Z","volume":800,"label":" ","price":73.65},{"type":"A","date":"2018-03-29T02:19:06.000Z","volume":400,"label":"Y","price":73.65},{"type":"B","date":"2018-03-29T02:19:07.000Z","volume":10000,"label":" ","price":73.6},{"type":"B","date":"2018-03-29T02:19:07.000Z","volume":800,"label":" ","price":73.6},{"type":"A","date":"2018-03-29T02:19:13.000Z","volume":2000,"label":" ","price":73.65},{"type":"B","date":"2018-03-29T02:19:14.000Z","volume":2000,"label":" ","price":73.6},{"type":"A","date":"2018-03-29T02:19:14.000Z","volume":800,"label":"Y","price":73.65},{"type":"A","date":"2018-03-29T02:19:17.000Z","volume":1200,"label":" ","price":73.65},{"type":"A","date":"2018-03-29T02:19:17.000Z","volume":800,"label":" ","price":73.65},{"type":"B","date":"2018-03-29T02:19:28.000Z","volume":8000,"label":" ","price":73.6},{"type":"B","date":"2018-03-29T02:19:30.000Z","volume":2400,"label":" ","price":73.6},{"type":"A","date":"2018-03-29T02:19:31.000Z","volume":10000,"label":" ","price":73.65},{"type":"B","date":"2018-03-29T02:19:35.000Z","volume":8400,"label":" ","price":73.6},{"type":"U","date":"2018-03-29T02:19:37.000Z","volume":308,"label":"D","price":73.05},{"type":"A","date":"2018-03-29T02:19:39.000Z","volume":400,"label":" ","price":73.65},{"type":"B","date":"2018-03-29T02:19:42.000Z","volume":800,"label":"Y","price":73.6},{"type":"A","date":"2018-03-29T02:19:44.000Z","volume":400,"label":" ","price":73.65},{"type":"B","date":"2018-03-29T02:19:48.000Z","volume":3200,"label":" ","price":73.6},{"type":"A","date":"2018-03-29T02:19:50.000Z","volume":2000,"label":" ","price":73.65},{"type":"A","date":"2018-03-29T02:19:51.000Z","volume":800,"label":" ","price":73.65},{"type":"A","date":"2018-03-29T02:19:51.000Z","volume":800,"label":" ","price":73.65},{"type":"A","date":"2018-03-29T02:19:56.000Z","volume":400,"label":" ","price":73.65},{"type":"A","date":"2018-03-29T02:19:59.000Z","volume":2000,"label":" ","price":73.65},{"type":"A","date":"2018-03-29T02:20:12.000Z","volume":800,"label":" ","price":73.65},{"type":"A","date":"2018-03-29T02:20:18.000Z","volume":400,"label":"Y","price":73.65},{"type":"A","date":"2018-03-29T02:20:20.000Z","volume":400,"label":" ","price":73.65},{"type":"A","date":"2018-03-29T02:20:24.000Z","volume":4400,"label":" ","price":73.65},{"type":"A","date":"2018-03-29T02:20:38.000Z","volume":1200,"label":" ","price":73.65},{"type":"A","date":"2018-03-29T02:20:38.000Z","volume":4000,"label":" ","price":73.65},{"type":"A","date":"2018-03-29T02:20:38.000Z","volume":800,"label":" ","price":73.65},{"type":"A","date":"2018-03-29T02:20:40.000Z","volume":800,"label":" ","price":73.65},{"type":"A","date":"2018-03-29T02:20:43.000Z","volume":2000,"label":" ","price":73.65},{"type":"A","date":"2018-03-29T02:20:45.000Z","volume":400,"label":" ","price":73.65},{"type":"A","date":"2018-03-29T02:20:52.000Z","volume":2800,"label":" ","price":73.65},{"type":"A","date":"2018-03-29T02:20:56.000Z","volume":400,"label":" ","price":73.65},{"type":"A","date":"2018-03-29T02:20:56.000Z","volume":1200,"label":" ","price":73.65},{"type":"A","date":"2018-03-29T02:20:57.000Z","volume":2000,"label":" ","price":73.65},{"type":"A","date":"2018-03-29T02:20:58.000Z","volume":400,"label":" ","price":73.65},{"type":"B","date":"2018-03-29T02:21:00.000Z","volume":2800,"label":" ","price":73.6},{"type":"A","date":"2018-03-29T02:21:08.000Z","volume":10000,"label":" ","price":73.65},{"type":"A","date":"2018-03-29T02:21:09.000Z","volume":2000,"label":" ","price":73.65},{"type":"A","date":"2018-03-29T02:21:10.000Z","volume":6400,"label":" ","price":73.65},{"type":"A","date":"2018-03-29T02:21:11.000Z","volume":400,"label":" ","price":73.65},{"type":"A","date":"2018-03-29T02:21:19.000Z","volume":400,"label":" ","price":73.65},{"type":"A","date":"2018-03-29T02:21:19.000Z","volume":2000,"label":" ","price":73.65},{"type":"A","date":"2018-03-29T02:21:22.000Z","volume":800,"label":" ","price":73.65},{"type":"A","date":"2018-03-29T02:21:30.000Z","volume":800,"label":" ","price":73.65},{"type":"A","date":"2018-03-29T02:21:30.000Z","volume":800,"label":" ","price":73.65},{"type":"B","date":"2018-03-29T02:21:35.000Z","volume":1200,"label":" ","price":73.6},{"type":"A","date":"2018-03-29T02:21:40.000Z","volume":16400,"label":" ","price":73.65},{"type":"A","date":"2018-03-29T02:21:40.000Z","volume":4400,"label":" ","price":73.65},{"type":"A","date":"2018-03-29T02:21:41.000Z","volume":400,"label":" ","price":73.65},{"type":"A","date":"2018-03-29T02:21:51.000Z","volume":2400,"label":" ","price":73.65},{"type":"B","date":"2018-03-29T02:21:51.000Z","volume":800,"label":" ","price":73.6},{"type":"A","date":"2018-03-29T02:21:54.000Z","volume":117200,"label":" ","price":73.65},{"type":"U","date":"2018-03-29T02:21:55.000Z","volume":200,"label":"D","price":73.1},{"type":"A","date":"2018-03-29T02:22:07.000Z","volume":400,"label":" ","price":73.7},{"type":"A","date":"2018-03-29T02:22:09.000Z","volume":400,"label":" ","price":73.7},{"type":"A","date":"2018-03-29T02:22:18.000Z","volume":400,"label":" ","price":73.7},{"type":"B","date":"2018-03-29T02:22:22.000Z","volume":10000,"label":" ","price":73.65},{"type":"A","date":"2018-03-29T02:22:23.000Z","volume":800,"label":"Y","price":73.7},{"type":"A","date":"2018-03-29T02:22:33.000Z","volume":400,"label":" ","price":73.7},{"type":"A","date":"2018-03-29T02:22:33.000Z","volume":2000,"label":"Y","price":73.7},{"type":"B","date":"2018-03-29T02:22:45.000Z","volume":6000,"label":" ","price":73.65},{"type":"A","date":"2018-03-29T02:22:51.000Z","volume":400,"label":" ","price":73.7}