[{"type":"B","date":"2018-04-17T01:34:40.000Z","volume":500,"label":" ","price":30.1},{"type":"B","date":"2018-04-17T01:56:16.000Z","volume":500,"label":" ","price":30.1},{"type":"B","date":"2018-04-17T02:00:37.000Z","volume":1000,"label":" ","price":30.1},{"type":"B","date":"2018-04-17T02:03:39.000Z","volume":2500,"label":" ","price":30.1},{"type":"B","date":"2018-04-17T02:03:39.000Z","volume":4000,"label":" ","price":30.1},{"type":"B","date":"2018-04-17T02:03:39.000Z","volume":500,"label":" ","price":30.1},{"type":"B","date":"2018-04-17T02:03:39.000Z","volume":500,"label":" ","price":30.1},{"type":"B","date":"2018-04-17T02:03:41.000Z","volume":1500,"label":" ","price":30.1},{"type":"B","date":"2018-04-17T02:03:47.000Z","volume":500,"label":" ","price":30.05},{"type":"B","date":"2018-04-17T02:03:48.000Z","volume":500,"label":" ","price":30.05},{"type":"B","date":"2018-04-17T02:03:49.000Z","volume":2000,"label":" ","price":30.05},{"type":"B","date":"2018-04-17T02:03:49.000Z","volume":4000,"label":" ","price":30.05},{"type":"B","date":"2018-04-17T02:03:49.000Z","volume":500,"label":" ","price":30.05},{"type":"B","date":"2018-04-17T02:03:51.000Z","volume":500,"label":" ","price":30.05},{"type":"A","date":"2018-04-17T02:09:06.000Z","volume":500,"label":" ","price":30.1},{"type":"A","date":"2018-04-17T02:11:06.000Z","volume":1000,"label":" ","price":30.1},{"type":"B","date":"2018-04-17T02:11:06.000Z","volume":500,"label":" ","price":30.05},{"type":"B","date":"2018-04-17T02:19:08.000Z","volume":500,"label":" ","price":30.05},{"type":"A","date":"2018-04-17T02:33:09.000Z","volume":500,"label":" ","price":30.1},{"type":"B","date":"2018-04-17T02:46:05.000Z","volume":6000,"label":" ","price":30.05},{"type":"B","date":"2018-04-17T02:46:06.000Z","volume":1000,"label":" ","price":30.05},{"type":"B","date":"2018-04-17T02:46:07.000Z","volume":1500,"label":" ","price":30.05},{"type":"B","date":"2018-04-17T02:46:07.000Z","volume":500,"label":" ","price":30.05},{"type":"B","date":"2018-04-17T02:46:08.000Z","volume":500,"label":" ","price":30.05},{"type":"B","date":"2018-04-17T02:46:17.000Z","volume":500,"label":" ","price":30.05},{"type":"A","date":"2018-04-17T02:47:24.000Z","volume":500,"label":" ","price":30.1},{"type":"B","date":"2018-04-17T02:56:17.000Z","volume":500,"label":" ","price":30.05},{"type":"B","date":"2018-04-17T03:05:55.000Z","volume":500,"label":" ","price":30.05},{"type":"B","date":"2018-04-17T03:05:57.000Z","volume":500,"label":" ","price":30.05},{"type":"B","date":"2018-04-17T03:06:48.000Z","volume":500,"label":" ","price":30.05},{"type":"B","date":"2018-04-17T03:18:14.000Z","volume":1000,"label":" ","price":30.05},{"type":"A","date":"2018-04-17T03:38:06.000Z","volume":4000,"label":" ","price":30.1},{"type":"B","date":"2018-04-17T03:38:06.000Z","volume":500,"label":" ","price":30.05},{"type":"B","date":"2018-04-17T03:38:06.000Z","volume":500,"label":" ","price":30.05},{"type":"B","date":"2018-04-17T03:38:17.000Z","volume":500,"label":" ","price":30.05},{"type":"A","date":"2018-04-17T03:48:14.000Z","volume":1000,"label":" ","price":30.1},{"type":"A","date":"2018-04-17T03:55:00.000Z","volume":500,"label":" ","price":30.1},{"type":"A","date":"2018-04-17T05:00:42.000Z","volume":500,"label":" ","price":30.1},{"type":"U","date":"2018-04-17T05:07:31.000Z","volume":500,"label":"X","price":30.05},{"type":"A","date":"2018-04-17T05:14:28.000Z","volume":500,"label":" ","price":30.1},{"type":"A","date":"2018-04-17T05:16:25.000Z","volume":1000,"label":" ","price":30.1},{"type":"A","date":"2018-04-17T05:20:37.000Z","volume":1000,"label":" ","price":30.1},{"type":"A","date":"2018-04-17T05:47:10.000Z","volume":1000,"label":" ","price":30.1},{"type":"A","date":"2018-04-17T05:47:22.000Z","volume":500,"label":" ","price":30.1},{"type":"B","date":"2018-04-17T05:47:22.000Z","volume":500,"label":" ","price":30.05},{"type":"B","date":"2018-04-17T05:50:51.000Z","volume":2000,"label":" ","price":30.05},{"type":"B","date":"2018-04-17T05:50:51.000Z","volume":500,"label":" ","price":30.05},{"type":"B","date":"2018-04-17T05:50:52.000Z","volume":500,"label":" ","price":30.05},{"type":"B","date":"2018-04-17T06:00:41.000Z","volume":500,"label":" ","price":30.05},{"type":"B","date":"2018-04-17T06:08:34.000Z","volume":500,"label":" ","price":30.05},{"type":"A","date":"2018-04-17T06:11:59.000Z","volume":500,"label":" ","price":30.1},{"type":"A","date":"2018-04-17T06:21:25.000Z","volume":2000,"label":" ","price":30.1},{"type":"B","date":"2018-04-17T06:21:27.000Z","volume":500,"label":" ","price":30.05},{"type":"A","date":"2018-04-17T06:21:37.000Z","volume":500,"label":" ","price":30.15},{"type":"A","date":"2018-04-17T06:29:41.000Z","volume":2500,"label":" ","price":30.15},{"type":"B","date":"2018-04-17T06:29:43.000Z","volume":500,"label":" ","price":30.1},{"type":"B","date":"2018-04-17T06:31:36.000Z","volume":3000,"label":" ","price":30.1},{"type":"B","date":"2018-04-17T06:31:38.000Z","volume":500,"label":" ","price":30.05},{"type":"B","date":"2018-04-17T06:46:59.000Z","volume":1000,"label":" ","price":30.05},{"type":"B","date":"2018-04-17T06:47:00.000Z","volume":500,"label":" ","price":30.05},{"type":"A","date":"2018-04-17T06:56:22.000Z","volume":1500,"label":" ","price":30.1},{"type":"B","date":"2018-04-17T06:56:22.000Z","volume":500,"label":" ","price":30.1},{"type":"B","date":"2018-04-17T06:56:22.000Z","volume":500,"label":" ","price":30.1},{"type":"A","date":"2018-04-17T07:07:30.000Z","volume":500,"label":" ","price":30.15},{"type":"B","date":"2018-04-17T07:26:43.000Z","volume":2000,"label":" ","price":30.15},{"type":"B","date":"2018-04-17T07:26:43.000Z","volume":1000,"label":" ","price":30.1},{"type":"B","date":"2018-04-17T07:26:44.000Z","volume":500,"label":" ","price":30.1},{"type":"B","date":"2018-04-17T07:26:44.000Z","volume":500,"label":" ","price":30.1},{"type":"B","date":"2018-04-17T07:26:45.000Z","volume":1000,"label":" ","price":30.1},{"type":"B","date":"2018-04-17T07:26:48.000Z","volume":500,"label":" ","price":30.1},{"type":"B","date":"2018-04-17T07:26:48.000Z","volume":500,"label":" ","price":30.1},{"type":"A","date":"2018-04-17T07:31:15.000Z","volume":3500,"label":" ","price":30.15},{"type":"A","date":"2018-04-17T07:31:15.000Z","volume":500,"label":" ","price":30.2},{"type":"A","date":"2018-04-17T07:31:15.000Z","volume":2000,"label":" ","price":30.3},{"type":"B","date":"2018-04-17T07:31:16.000Z","volume":500,"label":" ","price":30.1},{"type":"B","date":"2018-04-17T07:31:17.000Z","volume":500,"label":" ","price":30.1},{"type":"A","date":"2018-04-17T07:32:20.000Z","volume":1000,"label":" ","price":30.15},{"type":"B","date":"2018-04-17T07:32:21.000Z","volume":500,"label":" ","price":30.15},{"type":"U","date":"2018-04-17T07:45:18.000Z","volume":50,"label":"D","price":29.8},{"type":"A","date":"2018-04-17T07:55:47.000Z","volume":2500,"label":" ","price":30.15},{"type":"A","date":"2018-04-17T07:58:26.000Z","volume":500,"label":"Y","price":30.15},{"type":"B","date":"2018-04-17T07:58:27.000Z","volume":500,"label":" ","price":30.1},{"type":"A","date":"2018-04-17T07:59:14.000Z","volume":1000,"label":" ","price":30.15},{"type":"B","date":"2018-04-17T07:59:15.000Z","volume":500,"label":" ","price":30.1},{"type":"A","date":"2018-04-17T07:59:18.000Z","volume":500,"label":" ","price":30.15},{"type":"A","date":"2018-04-17T07:59:28.000Z","volume":500,"label":" ","price":30.15},{"type":"U","date":"2018-04-17T08:08:24.000Z","volume":2000,"label":"U","price":30.1}]