[{"type":"B","date":"2018-04-03T01:58:18.000Z","volume":26000,"label":" ","price":1.22},{"type":"A","date":"2018-04-03T01:58:25.000Z","volume":6000,"label":" ","price":1.22},{"type":"B","date":"2018-04-03T02:01:16.000Z","volume":6000,"label":" ","price":1.21},{"type":"A","date":"2018-04-03T02:19:07.000Z","volume":2000,"label":" ","price":1.22},{"type":"B","date":"2018-04-03T02:23:15.000Z","volume":14000,"label":" ","price":1.24},{"type":"A","date":"2018-04-03T02:55:39.000Z","volume":50000,"label":" ","price":1.24},{"type":"A","date":"2018-04-03T03:11:08.000Z","volume":26000,"label":" ","price":1.24},{"type":"B","date":"2018-04-03T03:16:31.000Z","volume":12000,"label":" ","price":1.22},{"type":"B","date":"2018-04-03T03:16:31.000Z","volume":2000,"label":" ","price":1.21},{"type":"B","date":"2018-04-03T03:16:31.000Z","volume":10000,"label":"Y","price":1.2},{"type":"B","date":"2018-04-03T03:16:31.000Z","volume":44000,"label":" ","price":1.2},{"type":"A","date":"2018-04-03T03:25:36.000Z","volume":10000,"label":" ","price":1.2},{"type":"A","date":"2018-04-03T03:26:30.000Z","volume":10000,"label":" ","price":1.2},{"type":"A","date":"2018-04-03T03:29:27.000Z","volume":12000,"label":" ","price":1.2},{"type":"A","date":"2018-04-03T03:29:29.000Z","volume":2000,"label":" ","price":1.23},{"type":"A","date":"2018-04-03T03:32:59.000Z","volume":2000,"label":" ","price":1.23},{"type":"A","date":"2018-04-03T03:45:27.000Z","volume":10000,"label":" ","price":1.23},{"type":"A","date":"2018-04-03T03:46:29.000Z","volume":2000,"label":" ","price":1.23},{"type":"A","date":"2018-04-03T03:58:59.000Z","volume":2000,"label":" ","price":1.23},{"type":"A","date":"2018-04-03T05:00:04.000Z","volume":50000,"label":" ","price":1.23},{"type":"A","date":"2018-04-03T05:00:04.000Z","volume":50000,"label":" ","price":1.24},{"type":"U","date":"2018-04-03T05:03:16.000Z","volume":12000,"label":" ","price":1.2},{"type":"U","date":"2018-04-03T05:03:16.000Z","volume":8000,"label":" ","price":1.2},{"type":"B","date":"2018-04-03T05:30:08.000Z","volume":4000,"label":" ","price":1.2},{"type":"A","date":"2018-04-03T05:31:57.000Z","volume":20000,"label":" ","price":1.2},{"type":"A","date":"2018-04-03T05:56:03.000Z","volume":4000,"label":" ","price":1.22},{"type":"A","date":"2018-04-03T05:56:03.000Z","volume":24000,"label":" ","price":1.23},{"type":"A","date":"2018-04-03T05:57:34.000Z","volume":16000,"label":" ","price":1.23},{"type":"A","date":"2018-04-03T05:57:34.000Z","volume":6000,"label":" ","price":1.24},{"type":"A","date":"2018-04-03T06:06:35.000Z","volume":12000,"label":" ","price":1.23},{"type":"A","date":"2018-04-03T06:06:35.000Z","volume":64000,"label":" ","price":1.24},{"type":"A","date":"2018-04-03T06:10:50.000Z","volume":20000,"label":" ","price":1.25},{"type":"A","date":"2018-04-03T06:18:33.000Z","volume":16000,"label":" ","price":1.25},{"type":"B","date":"2018-04-03T06:18:33.000Z","volume":4000,"label":" ","price":1.25},{"type":"A","date":"2018-04-03T06:37:54.000Z","volume":16000,"label":" ","price":1.26},{"type":"B","date":"2018-04-03T06:37:54.000Z","volume":20000,"label":" ","price":1.26},{"type":"A","date":"2018-04-03T06:45:46.000Z","volume":10000,"label":" ","price":1.26},{"type":"A","date":"2018-04-03T07:08:06.000Z","volume":10000,"label":" ","price":1.26},{"type":"A","date":"2018-04-03T07:14:48.000Z","volume":18000,"label":" ","price":1.26},{"type":"A","date":"2018-04-03T07:16:34.000Z","volume":12000,"label":" ","price":1.27},{"type":"B","date":"2018-04-03T07:38:14.000Z","volume":6000,"label":" ","price":1.25},{"type":"B","date":"2018-04-03T07:42:48.000Z","volume":4000,"label":" ","price":1.25},{"type":"B","date":"2018-04-03T07:55:17.000Z","volume":30000,"label":" ","price":1.25},{"type":"B","date":"2018-04-03T07:58:22.000Z","volume":10000,"label":" ","price":1.25}]