[{"type":"A","date":"2018-04-18T01:30:02.000Z","volume":10000,"label":" ","price":0.51},{"type":"A","date":"2018-04-18T01:30:05.000Z","volume":10000,"label":" ","price":0.51},{"type":"B","date":"2018-04-18T01:30:08.000Z","volume":10000,"label":" ","price":0.5},{"type":"A","date":"2018-04-18T01:30:11.000Z","volume":10000,"label":" ","price":0.5},{"type":"A","date":"2018-04-18T01:30:16.000Z","volume":50000,"label":" ","price":0.5},{"type":"A","date":"2018-04-18T01:30:35.000Z","volume":60000,"label":" ","price":0.5},{"type":"A","date":"2018-04-18T01:30:45.000Z","volume":100000,"label":" ","price":0.5},{"type":"A","date":"2018-04-18T01:35:18.000Z","volume":15000,"label":" ","price":0.5},{"type":"A","date":"2018-04-18T01:36:36.000Z","volume":5000,"label":" ","price":0.5},{"type":"A","date":"2018-04-18T01:38:12.000Z","volume":5000,"label":" ","price":0.5},{"type":"A","date":"2018-04-18T01:43:26.000Z","volume":10000,"label":" ","price":0.5},{"type":"A","date":"2018-04-18T01:45:37.000Z","volume":70000,"label":" ","price":0.5},{"type":"A","date":"2018-04-18T01:47:16.000Z","volume":20000,"label":" ","price":0.5},{"type":"A","date":"2018-04-18T01:51:32.000Z","volume":80000,"label":" ","price":0.5},{"type":"A","date":"2018-04-18T01:52:09.000Z","volume":5000,"label":" ","price":0.51},{"type":"A","date":"2018-04-18T02:00:41.000Z","volume":10000,"label":" ","price":0.51},{"type":"A","date":"2018-04-18T02:20:02.000Z","volume":15000,"label":" ","price":0.51},{"type":"A","date":"2018-04-18T02:28:13.000Z","volume":5000,"label":" ","price":0.51},{"type":"U","date":"2018-04-18T02:32:02.000Z","volume":4961,"label":"D","price":0.48},{"type":"B","date":"2018-04-18T02:33:37.000Z","volume":5000,"label":" ","price":0.5},{"type":"B","date":"2018-04-18T02:38:22.000Z","volume":15000,"label":" ","price":0.5},{"type":"A","date":"2018-04-18T02:42:23.000Z","volume":10000,"label":" ","price":0.51},{"type":"U","date":"2018-04-18T02:56:54.000Z","volume":2040,"label":"D","price":0.485},{"type":"A","date":"2018-04-18T02:59:08.000Z","volume":5000,"label":" ","price":0.51},{"type":"B","date":"2018-04-18T03:07:04.000Z","volume":5000,"label":" ","price":0.5},{"type":"A","date":"2018-04-18T03:19:23.000Z","volume":10000,"label":" ","price":0.51},{"type":"A","date":"2018-04-18T03:28:06.000Z","volume":15000,"label":" ","price":0.51},{"type":"A","date":"2018-04-18T03:39:13.000Z","volume":20000,"label":" ","price":0.51},{"type":"B","date":"2018-04-18T03:45:02.000Z","volume":5000,"label":" ","price":0.5},{"type":"A","date":"2018-04-18T03:56:07.000Z","volume":25000,"label":" ","price":0.51},{"type":"B","date":"2018-04-18T05:00:00.000Z","volume":10000,"label":" ","price":0.5},{"type":"U","date":"2018-04-18T05:02:25.000Z","volume":2656,"label":"D","price":0.48},{"type":"A","date":"2018-04-18T05:06:22.000Z","volume":5000,"label":" ","price":0.51},{"type":"B","date":"2018-04-18T05:13:08.000Z","volume":40000,"label":" ","price":0.5},{"type":"A","date":"2018-04-18T05:20:48.000Z","volume":15000,"label":" ","price":0.51},{"type":"A","date":"2018-04-18T05:31:42.000Z","volume":10000,"label":" ","price":0.51},{"type":"B","date":"2018-04-18T05:33:17.000Z","volume":30000,"label":" ","price":0.5},{"type":"B","date":"2018-04-18T05:34:53.000Z","volume":85000,"label":" ","price":0.5},{"type":"A","date":"2018-04-18T05:41:42.000Z","volume":5000,"label":" ","price":0.5},{"type":"A","date":"2018-04-18T05:52:22.000Z","volume":15000,"label":" ","price":0.5},{"type":"A","date":"2018-04-18T05:59:30.000Z","volume":20000,"label":" ","price":0.5},{"type":"A","date":"2018-04-18T06:05:00.000Z","volume":50000,"label":" ","price":0.5},{"type":"A","date":"2018-04-18T06:05:00.000Z","volume":15000,"label":" ","price":0.5},{"type":"B","date":"2018-04-18T06:10:17.000Z","volume":40000,"label":" ","price":0.5},{"type":"B","date":"2018-04-18T06:15:54.000Z","volume":10000,"label":" ","price":0.5},{"type":"B","date":"2018-04-18T06:21:56.000Z","volume":25000,"label":" ","price":0.5},{"type":"B","date":"2018-04-18T06:22:53.000Z","volume":5000,"label":" ","price":0.5},{"type":"U","date":"2018-04-18T06:22:55.000Z","volume":1410,"label":"D","price":0.48},{"type":"B","date":"2018-04-18T06:29:15.000Z","volume":15000,"label":" ","price":0.5},{"type":"B","date":"2018-04-18T06:35:52.000Z","volume":10000,"label":" ","price":0.5},{"type":"B","date":"2018-04-18T06:43:34.000Z","volume":50000,"label":" ","price":0.5},{"type":"B","date":"2018-04-18T06:49:43.000Z","volume":30000,"label":" ","price":0.5},{"type":"B","date":"2018-04-18T06:50:18.000Z","volume":30000,"label":" ","price":0.5},{"type":"B","date":"2018-04-18T06:52:33.000Z","volume":35000,"label":" ","price":0.5},{"type":"B","date":"2018-04-18T06:54:53.000Z","volume":50000,"label":" ","price":0.5},{"type":"B","date":"2018-04-18T06:57:16.000Z","volume":40000,"label":" ","price":0.5},{"type":"B","date":"2018-04-18T07:02:34.000Z","volume":35000,"label":" ","price":0.5},{"type":"B","date":"2018-04-18T07:07:50.000Z","volume":25000,"label":" ","price":0.5},{"type":"B","date":"2018-04-18T07:10:08.000Z","volume":55000,"label":" ","price":0.5},{"type":"B","date":"2018-04-18T07:13:33.000Z","volume":5000,"label":" ","price":0.5},{"type":"B","date":"2018-04-18T07:13:42.000Z","volume":45000,"label":" ","price":0.5},{"type":"B","date":"2018-04-18T07:14:21.000Z","volume":5000,"label":" ","price":0.5},{"type":"B","date":"2018-04-18T07:17:39.000Z","volume":65000,"label":" ","price":0.5},{"type":"U","date":"2018-04-18T07:36:41.000Z","volume":52,"label":"D","price":0.48},{"type":"B","date":"2018-04-18T07:36:52.000Z","volume":50000,"label":" ","price":0.5},{"type":"B","date":"2018-04-18T07:45:44.000Z","volume":70000,"label":" ","price":0.5},{"type":"B","date":"2018-04-18T07:47:39.000Z","volume":5000,"label":" ","price":0.5},{"type":"B","date":"2018-04-18T07:49:03.000Z","volume":40000,"label":" ","price":0.5},{"type":"B","date":"2018-04-18T07:53:45.000Z","volume":50000,"label":" ","price":0.5}]