[{"type":"U","date":"2018-04-30T01:20:00.000Z","volume":210000,"label":"U","price":0.112},{"type":"U","date":"2018-04-30T01:42:22.000Z","volume":140000,"label":" ","price":0.111},{"type":"B","date":"2018-04-30T01:42:22.000Z","volume":42000,"label":" ","price":0.111},{"type":"A","date":"2018-04-30T01:42:27.000Z","volume":14000,"label":" ","price":0.112},{"type":"B","date":"2018-04-30T01:42:56.000Z","volume":28000,"label":" ","price":0.11},{"type":"A","date":"2018-04-30T01:43:27.000Z","volume":112000,"label":" ","price":0.11},{"type":"B","date":"2018-04-30T01:50:00.000Z","volume":28000,"label":" ","price":0.11},{"type":"B","date":"2018-04-30T02:02:12.000Z","volume":126000,"label":" ","price":0.11},{"type":"B","date":"2018-04-30T02:02:13.000Z","volume":126000,"label":" ","price":0.11},{"type":"A","date":"2018-04-30T02:09:20.000Z","volume":182000,"label":" ","price":0.111},{"type":"A","date":"2018-04-30T02:18:47.000Z","volume":98000,"label":" ","price":0.11},{"type":"A","date":"2018-04-30T02:26:39.000Z","volume":140000,"label":" ","price":0.11},{"type":"B","date":"2018-04-30T02:27:10.000Z","volume":140000,"label":" ","price":0.109},{"type":"B","date":"2018-04-30T02:35:03.000Z","volume":154000,"label":" ","price":0.109},{"type":"B","date":"2018-04-30T02:41:30.000Z","volume":84000,"label":" ","price":0.109},{"type":"B","date":"2018-04-30T02:47:17.000Z","volume":42000,"label":" ","price":0.109},{"type":"U","date":"2018-04-30T03:51:09.000Z","volume":904,"label":"D","price":0.106},{"type":"B","date":"2018-04-30T05:12:08.000Z","volume":672000,"label":" ","price":0.11},{"type":"A","date":"2018-04-30T05:27:58.000Z","volume":140000,"label":" ","price":0.11},{"type":"A","date":"2018-04-30T05:30:16.000Z","volume":210000,"label":" ","price":0.11},{"type":"A","date":"2018-04-30T05:40:42.000Z","volume":210000,"label":" ","price":0.11},{"type":"A","date":"2018-04-30T05:45:30.000Z","volume":140000,"label":" ","price":0.11},{"type":"A","date":"2018-04-30T05:47:57.000Z","volume":140000,"label":" ","price":0.11},{"type":"A","date":"2018-04-30T06:09:00.000Z","volume":168000,"label":" ","price":0.11},{"type":"B","date":"2018-04-30T06:09:53.000Z","volume":42000,"label":" ","price":0.11},{"type":"B","date":"2018-04-30T06:19:37.000Z","volume":14000,"label":" ","price":0.109},{"type":"B","date":"2018-04-30T06:36:30.000Z","volume":378000,"label":" ","price":0.109},{"type":"U","date":"2018-04-30T06:36:49.000Z","volume":10000,"label":"D","price":0.104},{"type":"B","date":"2018-04-30T06:38:42.000Z","volume":14000,"label":" ","price":0.109},{"type":"A","date":"2018-04-30T06:39:50.000Z","volume":14000,"label":" ","price":0.11},{"type":"A","date":"2018-04-30T06:42:24.000Z","volume":42000,"label":" ","price":0.11},{"type":"B","date":"2018-04-30T07:05:45.000Z","volume":84000,"label":" ","price":0.109},{"type":"A","date":"2018-04-30T07:18:04.000Z","volume":350000,"label":" ","price":0.11},{"type":"B","date":"2018-04-30T07:31:16.000Z","volume":154000,"label":"Y","price":0.11},{"type":"B","date":"2018-04-30T07:31:16.000Z","volume":280000,"label":" ","price":0.11},{"type":"B","date":"2018-04-30T07:45:43.000Z","volume":98000,"label":" ","price":0.109}]