[{"type":"B","date":"2018-04-04T01:38:31.000Z","volume":10000,"label":" ","price":0.91},{"type":"B","date":"2018-04-04T01:38:31.000Z","volume":192000,"label":" ","price":0.9},{"type":"B","date":"2018-04-04T01:40:33.000Z","volume":34000,"label":" ","price":0.9},{"type":"B","date":"2018-04-04T01:40:33.000Z","volume":210000,"label":" ","price":0.9},{"type":"B","date":"2018-04-04T01:40:33.000Z","volume":4000,"label":" ","price":0.9},{"type":"B","date":"2018-04-04T01:40:39.000Z","volume":10000,"label":" ","price":0.9},{"type":"B","date":"2018-04-04T01:41:33.000Z","volume":20000,"label":" ","price":0.9},{"type":"A","date":"2018-04-04T01:45:56.000Z","volume":40000,"label":" ","price":0.9},{"type":"A","date":"2018-04-04T01:46:20.000Z","volume":2000,"label":" ","price":0.9},{"type":"A","date":"2018-04-04T01:47:59.000Z","volume":50000,"label":" ","price":0.9},{"type":"A","date":"2018-04-04T01:48:11.000Z","volume":50000,"label":" ","price":0.9},{"type":"A","date":"2018-04-04T01:50:44.000Z","volume":14000,"label":" ","price":0.9},{"type":"B","date":"2018-04-04T01:51:10.000Z","volume":2000,"label":" ","price":0.9},{"type":"B","date":"2018-04-04T01:53:40.000Z","volume":2000,"label":" ","price":0.9},{"type":"B","date":"2018-04-04T01:58:10.000Z","volume":2000,"label":" ","price":0.9},{"type":"B","date":"2018-04-04T02:10:10.000Z","volume":2000,"label":" ","price":0.9},{"type":"B","date":"2018-04-04T02:15:11.000Z","volume":4000,"label":" ","price":0.9},{"type":"B","date":"2018-04-04T02:17:41.000Z","volume":2000,"label":" ","price":0.9},{"type":"B","date":"2018-04-04T02:23:12.000Z","volume":2000,"label":" ","price":0.9},{"type":"B","date":"2018-04-04T02:24:04.000Z","volume":22000,"label":" ","price":0.9},{"type":"B","date":"2018-04-04T02:28:42.000Z","volume":2000,"label":" ","price":0.9},{"type":"B","date":"2018-04-04T02:34:12.000Z","volume":2000,"label":" ","price":0.9},{"type":"B","date":"2018-04-04T02:55:53.000Z","volume":10000,"label":" ","price":0.9},{"type":"B","date":"2018-04-04T02:56:43.000Z","volume":2000,"label":" ","price":0.9},{"type":"B","date":"2018-04-04T05:21:30.000Z","volume":12000,"label":"Y","price":0.9},{"type":"B","date":"2018-04-04T05:21:30.000Z","volume":10000,"label":" ","price":0.9},{"type":"B","date":"2018-04-04T05:21:46.000Z","volume":2000,"label":" ","price":0.9},{"type":"B","date":"2018-04-04T05:45:20.000Z","volume":100000,"label":" ","price":0.9},{"type":"B","date":"2018-04-04T05:49:22.000Z","volume":200000,"label":" ","price":0.9},{"type":"B","date":"2018-04-04T05:49:23.000Z","volume":2000,"label":" ","price":0.9},{"type":"B","date":"2018-04-04T06:01:24.000Z","volume":2000,"label":" ","price":0.89},{"type":"B","date":"2018-04-04T06:05:24.000Z","volume":2000,"label":" ","price":0.89},{"type":"B","date":"2018-04-04T06:06:54.000Z","volume":2000,"label":" ","price":0.89},{"type":"B","date":"2018-04-04T06:08:24.000Z","volume":2000,"label":" ","price":0.89},{"type":"B","date":"2018-04-04T06:09:34.000Z","volume":14000,"label":" ","price":0.89},{"type":"B","date":"2018-04-04T06:10:24.000Z","volume":2000,"label":" ","price":0.89},{"type":"B","date":"2018-04-04T06:12:24.000Z","volume":2000,"label":" ","price":0.89},{"type":"B","date":"2018-04-04T06:14:25.000Z","volume":2000,"label":" ","price":0.89},{"type":"B","date":"2018-04-04T06:26:12.000Z","volume":20000,"label":" ","price":0.89},{"type":"B","date":"2018-04-04T06:36:28.000Z","volume":10000,"label":" ","price":0.89},{"type":"B","date":"2018-04-04T06:38:55.000Z","volume":2000,"label":" ","price":0.89},{"type":"B","date":"2018-04-04T06:40:17.000Z","volume":26000,"label":" ","price":0.89},{"type":"B","date":"2018-04-04T06:49:12.000Z","volume":10000,"label":" ","price":0.89},{"type":"B","date":"2018-04-04T06:49:26.000Z","volume":2000,"label":" ","price":0.89},{"type":"B","date":"2018-04-04T06:50:26.000Z","volume":50000,"label":" ","price":0.89},{"type":"B","date":"2018-04-04T06:51:09.000Z","volume":2000,"label":" ","price":0.89},{"type":"B","date":"2018-04-04T06:53:17.000Z","volume":40000,"label":" ","price":0.89},{"type":"A","date":"2018-04-04T07:02:23.000Z","volume":20000,"label":" ","price":0.9},{"type":"B","date":"2018-04-04T07:05:33.000Z","volume":50000,"label":" ","price":0.89},{"type":"B","date":"2018-04-04T07:07:02.000Z","volume":4000,"label":" ","price":0.89},{"type":"B","date":"2018-04-04T07:09:56.000Z","volume":2000,"label":" ","price":0.89},{"type":"A","date":"2018-04-04T07:11:33.000Z","volume":30000,"label":"Y","price":0.9},{"type":"A","date":"2018-04-04T07:11:33.000Z","volume":70000,"label":" ","price":0.9},{"type":"A","date":"2018-04-04T07:12:17.000Z","volume":100000,"label":" ","price":0.9},{"type":"A","date":"2018-04-04T07:12:45.000Z","volume":200000,"label":" ","price":0.9},{"type":"A","date":"2018-04-04T07:13:06.000Z","volume":2000,"label":" ","price":0.9},{"type":"A","date":"2018-04-04T07:13:48.000Z","volume":200000,"label":" ","price":0.9},{"type":"A","date":"2018-04-04T07:14:20.000Z","volume":200000,"label":" ","price":0.9},{"type":"A","date":"2018-04-04T07:14:50.000Z","volume":10000,"label":" ","price":0.9},{"type":"B","date":"2018-04-04T07:16:33.000Z","volume":100000,"label":" ","price":0.9},{"type":"B","date":"2018-04-04T07:20:38.000Z","volume":30000,"label":" ","price":0.9},{"type":"B","date":"2018-04-04T07:43:24.000Z","volume":2000,"label":" ","price":0.9},{"type":"B","date":"2018-04-04T07:43:27.000Z","volume":4000,"label":" ","price":0.9},{"type":"U","date":"2018-04-04T07:43:34.000Z","volume":2000,"label":"X","price":0.905},{"type":"U","date":"2018-04-04T07:44:24.000Z","volume":4000,"label":"X","price":0.9},{"type":"B","date":"2018-04-04T07:46:00.000Z","volume":10000,"label":" ","price":0.9},{"type":"B","date":"2018-04-04T07:47:50.000Z","volume":50000,"label":" ","price":0.9},{"type":"B","date":"2018-04-04T07:47:54.000Z","volume":30000,"label":" ","price":0.9},{"type":"U","date":"2018-04-04T07:48:04.000Z","volume":4000,"label":"X","price":0.905},{"type":"B","date":"2018-04-04T07:48:07.000Z","volume":2000,"label":" ","price":0.9},{"type":"B","date":"2018-04-04T07:48:12.000Z","volume":12000,"label":" ","price":0.9},{"type":"B","date":"2018-04-04T07:48:42.000Z","volume":10000,"label":"Y","price":0.9},{"type":"B","date":"2018-04-04T07:48:42.000Z","volume":22000,"label":" ","price":0.9},{"type":"A","date":"2018-04-04T07:49:03.000Z","volume":2000,"label":" ","price":0.9},{"type":"A","date":"2018-04-04T07:54:34.000Z","volume":4000,"label":" ","price":0.9},{"type":"B","date":"2018-04-04T07:59:28.000Z","volume":2000,"label":" ","price":0.89},{"type":"B","date":"2018-04-04T07:59:43.000Z","volume":2000,"label":" ","price":0.89}]