[{"type":"U","date":"2018-03-28T01:40:07.000Z","volume":100000,"label":" ","price":0.43},{"type":"B","date":"2018-03-28T02:25:45.000Z","volume":260000,"label":" ","price":0.42},{"type":"B","date":"2018-03-28T02:26:16.000Z","volume":12000,"label":" ","price":0.415},{"type":"B","date":"2018-03-28T02:35:15.000Z","volume":10000,"label":" ","price":0.415},{"type":"B","date":"2018-03-28T02:35:15.000Z","volume":178000,"label":" ","price":0.415},{"type":"A","date":"2018-03-28T02:36:51.000Z","volume":30000,"label":" ","price":0.415},{"type":"A","date":"2018-03-28T02:36:51.000Z","volume":70000,"label":" ","price":0.415},{"type":"A","date":"2018-03-28T02:50:22.000Z","volume":4000,"label":" ","price":0.415},{"type":"B","date":"2018-03-28T02:57:14.000Z","volume":100000,"label":" ","price":0.41},{"type":"B","date":"2018-03-28T02:59:52.000Z","volume":60000,"label":"Y","price":0.41},{"type":"B","date":"2018-03-28T02:59:52.000Z","volume":240000,"label":" ","price":0.41},{"type":"B","date":"2018-03-28T02:59:52.000Z","volume":10000,"label":" ","price":0.41},{"type":"B","date":"2018-03-28T03:00:23.000Z","volume":46000,"label":" ","price":0.405},{"type":"A","date":"2018-03-28T03:02:50.000Z","volume":20000,"label":" ","price":0.41},{"type":"A","date":"2018-03-28T03:06:27.000Z","volume":2000,"label":" ","price":0.42},{"type":"A","date":"2018-03-28T03:24:16.000Z","volume":100000,"label":" ","price":0.42},{"type":"B","date":"2018-03-28T03:32:19.000Z","volume":12000,"label":" ","price":0.415},{"type":"A","date":"2018-03-28T03:34:55.000Z","volume":2000,"label":" ","price":0.42},{"type":"B","date":"2018-03-28T05:37:15.000Z","volume":60000,"label":" ","price":0.415},{"type":"B","date":"2018-03-28T06:03:01.000Z","volume":2000,"label":" ","price":0.41},{"type":"B","date":"2018-03-28T06:21:46.000Z","volume":4000,"label":" ","price":0.41},{"type":"A","date":"2018-03-28T07:01:38.000Z","volume":2000,"label":" ","price":0.42},{"type":"A","date":"2018-03-28T07:05:01.000Z","volume":100000,"label":" ","price":0.415},{"type":"B","date":"2018-03-28T07:58:54.000Z","volume":100000,"label":" ","price":0.41}]