[{"type":"A","date":"2018-05-03T01:30:04.000Z","volume":2000,"label":" ","price":17},{"type":"B","date":"2018-05-03T01:31:17.000Z","volume":2000,"label":" ","price":16.82},{"type":"A","date":"2018-05-03T01:33:33.000Z","volume":12000,"label":" ","price":16.88},{"type":"B","date":"2018-05-03T01:33:34.000Z","volume":2000,"label":" ","price":16.84},{"type":"U","date":"2018-05-03T01:33:35.000Z","volume":2000,"label":" ","price":16.86},{"type":"U","date":"2018-05-03T01:33:36.000Z","volume":2000,"label":" ","price":16.86},{"type":"B","date":"2018-05-03T01:33:47.000Z","volume":2000,"label":" ","price":16.86},{"type":"A","date":"2018-05-03T01:35:13.000Z","volume":2000,"label":" ","price":16.88},{"type":"A","date":"2018-05-03T01:35:13.000Z","volume":4000,"label":" ","price":16.88},{"type":"B","date":"2018-05-03T01:35:16.000Z","volume":2000,"label":" ","price":16.86},{"type":"A","date":"2018-05-03T01:38:25.000Z","volume":6000,"label":" ","price":16.9},{"type":"A","date":"2018-05-03T01:38:32.000Z","volume":2000,"label":" ","price":17},{"type":"A","date":"2018-05-03T01:40:24.000Z","volume":8000,"label":" ","price":16.98},{"type":"A","date":"2018-05-03T01:40:28.000Z","volume":2000,"label":" ","price":16.98},{"type":"A","date":"2018-05-03T01:41:12.000Z","volume":6000,"label":" ","price":16.98},{"type":"A","date":"2018-05-03T01:41:12.000Z","volume":2000,"label":" ","price":16.98},{"type":"A","date":"2018-05-03T01:41:47.000Z","volume":6000,"label":" ","price":16.98},{"type":"B","date":"2018-05-03T01:43:58.000Z","volume":8000,"label":" ","price":16.92},{"type":"B","date":"2018-05-03T01:44:23.000Z","volume":4000,"label":" ","price":16.92},{"type":"B","date":"2018-05-03T01:45:28.000Z","volume":2000,"label":" ","price":16.9},{"type":"B","date":"2018-05-03T01:46:32.000Z","volume":2000,"label":"Y","price":16.88},{"type":"B","date":"2018-05-03T01:46:32.000Z","volume":6000,"label":" ","price":16.88},{"type":"B","date":"2018-05-03T01:48:00.000Z","volume":4000,"label":" ","price":16.82},{"type":"A","date":"2018-05-03T01:51:20.000Z","volume":4000,"label":" ","price":16.86},{"type":"A","date":"2018-05-03T01:54:40.000Z","volume":2000,"label":" ","price":16.88},{"type":"B","date":"2018-05-03T01:58:33.000Z","volume":6000,"label":" ","price":16.84},{"type":"B","date":"2018-05-03T01:58:33.000Z","volume":4000,"label":"Y","price":16.82},{"type":"B","date":"2018-05-03T01:58:33.000Z","volume":6000,"label":" ","price":16.82},{"type":"B","date":"2018-05-03T01:58:33.000Z","volume":4000,"label":" ","price":16.8},{"type":"B","date":"2018-05-03T02:04:02.000Z","volume":2000,"label":" ","price":16.84},{"type":"B","date":"2018-05-03T02:04:05.000Z","volume":2000,"label":"Y","price":16.82},{"type":"B","date":"2018-05-03T02:04:05.000Z","volume":6000,"label":" ","price":16.82},{"type":"B","date":"2018-05-03T02:04:05.000Z","volume":22000,"label":" ","price":16.8},{"type":"A","date":"2018-05-03T02:04:06.000Z","volume":2000,"label":" ","price":16.88},{"type":"B","date":"2018-05-03T02:04:31.000Z","volume":18000,"label":" ","price":16.8},{"type":"B","date":"2018-05-03T02:04:31.000Z","volume":12000,"label":" ","price":16.78},{"type":"B","date":"2018-05-03T02:07:14.000Z","volume":6000,"label":" ","price":16.8},{"type":"B","date":"2018-05-03T02:11:10.000Z","volume":2000,"label":" ","price":16.78},{"type":"B","date":"2018-05-03T02:16:01.000Z","volume":2000,"label":" ","price":16.78},{"type":"B","date":"2018-05-03T02:20:02.000Z","volume":18000,"label":" ","price":16.78},{"type":"B","date":"2018-05-03T02:20:02.000Z","volume":2000,"label":" ","price":16.78},{"type":"A","date":"2018-05-03T02:20:02.000Z","volume":2000,"label":" ","price":16.82},{"type":"U","date":"2018-05-03T02:20:35.000Z","volume":2000,"label":" ","price":16.8},{"type":"A","date":"2018-05-03T02:20:40.000Z","volume":2000,"label":" ","price":16.82},{"type":"A","date":"2018-05-03T02:22:37.000Z","volume":4000,"label":" ","price":16.82},{"type":"B","date":"2018-05-03T02:22:47.000Z","volume":2000,"label":" ","price":16.8},{"type":"B","date":"2018-05-03T02:26:00.000Z","volume":6000,"label":" ","price":16.8},{"type":"A","date":"2018-05-03T02:26:00.000Z","volume":2000,"label":" ","price":16.8},{"type":"B","date":"2018-05-03T02:27:07.000Z","volume":8000,"label":" ","price":16.78},{"type":"B","date":"2018-05-03T02:27:30.000Z","volume":2000,"label":" ","price":16.76},{"type":"B","date":"2018-05-03T02:29:12.000Z","volume":12000,"label":" ","price":16.76},{"type":"B","date":"2018-05-03T02:29:26.000Z","volume":2000,"label":" ","price":16.74},{"type":"A","date":"2018-05-03T02:31:51.000Z","volume":6000,"label":" ","price":16.78},{"type":"A","date":"2018-05-03T02:40:43.000Z","volume":2000,"label":" ","price":16.78},{"type":"A","date":"2018-05-03T02:40:46.000Z","volume":2000,"label":" ","price":16.78},{"type":"B","date":"2018-05-03T02:43:50.000Z","volume":2000,"label":" ","price":16.74},{"type":"A","date":"2018-05-03T02:44:14.000Z","volume":2000,"label":" ","price":16.78},{"type":"A","date":"2018-05-03T02:44:40.000Z","volume":4000,"label":" ","price":16.78},{"type":"B","date":"2018-05-03T02:44:47.000Z","volume":2000,"label":" ","price":16.74},{"type":"A","date":"2018-05-03T02:49:36.000Z","volume":2000,"label":" ","price":16.78},{"type":"A","date":"2018-05-03T02:51:47.000Z","volume":6000,"label":" ","price":16.78},{"type":"A","date":"2018-05-03T02:51:47.000Z","volume":2000,"label":" ","price":16.78},{"type":"B","date":"2018-05-03T02:52:39.000Z","volume":30000,"label":" ","price":16.74},{"type":"A","date":"2018-05-03T02:52:39.000Z","volume":2000,"label":" ","price":16.78},{"type":"A","date":"2018-05-03T02:52:50.000Z","volume":6000,"label":" ","price":16.78},{"type":"A","date":"2018-05-03T02:52:52.000Z","volume":2000,"label":" ","price":16.78},{"type":"B","date":"2018-05-03T02:56:12.000Z","volume":4000,"label":" ","price":16.76},{"type":"A","date":"2018-05-03T02:56:20.000Z","volume":4000,"label":" ","price":16.76},{"type":"A","date":"2018-05-03T02:57:53.000Z","volume":10000,"label":" ","price":16.76},{"type":"A","date":"2018-05-03T02:58:55.000Z","volume":2000,"label":"Y","price":16.76},{"type":"A","date":"2018-05-03T02:59:27.000Z","volume":2000,"label":"Y","price":16.76},{"type":"A","date":"2018-05-03T02:59:27.000Z","volume":8000,"label":" ","price":16.76},{"type":"A","date":"2018-05-03T02:59:32.000Z","volume":2000,"label":" ","price":16.76},{"type":"A","date":"2018-05-03T02:59:49.000Z","volume":4000,"label":" ","price":16.76},{"type":"B","date":"2018-05-03T03:00:04.000Z","volume":20000,"label":" ","price":16.74},{"type":"B","date":"2018-05-03T03:00:17.000Z","volume":2000,"label":" ","price":16.74},{"type":"B","date":"2018-05-03T03:04:23.000Z","volume":20000,"label":" ","price":16.72},{"type":"B","date":"2018-05-03T03:04:23.000Z","volume":28000,"label":" ","price":16.72},{"type":"A","date":"2018-05-03T03:04:51.000Z","volume":6000,"label":" ","price":16.74},{"type":"A","date":"2018-05-03T03:09:31.000Z","volume":2000,"label":" ","price":16.74},{"type":"B","date":"2018-05-03T03:10:43.000Z","volume":4000,"label":" ","price":16.7},{"type":"A","date":"2018-05-03T03:10:50.000Z","volume":2000,"label":" ","price":16.72},{"type":"B","date":"2018-05-03T03:11:40.000Z","volume":8000,"label":" ","price":16.7},{"type":"B","date":"2018-05-03T03:12:37.000Z","volume":8000,"label":" ","price":16.7},{"type":"B","date":"2018-05-03T03:13:00.000Z","volume":2000,"label":" ","price":16.7},{"type":"B","date":"2018-05-03T03:13:36.000Z","volume":10000,"label":" ","price":16.7},{"type":"A","date":"2018-05-03T03:13:43.000Z","volume":10000,"label":" ","price":16.72},{"type":"A","date":"2018-05-03T03:14:21.000Z","volume":8000,"label":" ","price":16.72},{"type":"A","date":"2018-05-03T03:14:25.000Z","volume":2000,"label":" ","price":16.72},{"type":"B","date":"2018-05-03T03:14:25.000Z","volume":4000,"label":" ","price":16.7},{"type":"B","date":"2018-05-03T03:14:25.000Z","volume":48000,"label":" ","price":16.7},{"type":"A","date":"2018-05-03T03:14:25.000Z","volume":8000,"label":" ","price":16.72},{"type":"B","date":"2018-05-03T03:16:40.000Z","volume":2000,"label":" ","price":16.68},{"type":"B","date":"2018-05-03T03:16:48.000Z","volume":18000,"label":" ","price":16.68},{"type":"A","date":"2018-05-03T03:17:31.000Z","volume":14000,"label":" ","price":16.68},{"type":"A","date":"2018-05-03T03:17:53.000Z","volume":8000,"label":" ","price":16.68},{"type":"A","date":"2018-05-03T03:18:21.000Z","volume":2000,"label":" ","price":16.68},{"type":"A","date":"2018-05-03T03:18:26.000Z","volume":4000,"label":" ","price":16.68},{"type":"A","date":"2018-05-03T03:18:36.000Z","volume":2000,"label":" ","price":16.68},{"type":"A","date":"2018-05-03T03:18:38.000Z","volume":6000,"label":" ","price":16.68},{"type":"A","date":"2018-05-03T03:24:53.000Z","volume":2000,"label":" ","price":16.7},{"type":"A","date":"2018-05-03T03:26:07.000Z","volume":4000,"label":"Y","price":16.7},{"type":"A","date":"2018-05-03T03:26:07.000Z","volume":34000,"label":" ","price":16.7},{"type":"A","date":"2018-05-03T03:26:07.000Z","volume":4000,"label":" ","price":16.72},{"type":"B","date":"2018-05-03T03:36:35.000Z","volume":2000,"label":" ","price":16.72},{"type":"U","date":"2018-05-03T03:37:08.000Z","volume":2000,"label":"X","price":16.72},{"type":"A","date":"2018-05-03T03:37:30.000Z","volume":4000,"label":" ","price":16.74},{"type":"A","date":"2018-05-03T03:38:39.000Z","volume":4000,"label":" ","price":16.74},{"type":"A","date":"2018-05-03T03:38:59.000Z","volume":2000,"label":" ","price":16.74},{"type":"B","date":"2018-05-03T03:39:09.000Z","volume":2000,"label":" ","price":16.72},{"type":"A","date":"2018-05-03T03:39:46.000Z","volume":4000,"label":" ","price":16.74},{"type":"B","date":"2018-05-03T03:40:45.000Z","volume":2000,"label":" ","price":16.72},{"type":"A","date":"2018-05-03T03:41:56.000Z","volume":4000,"label":" ","price":16.74},{"type":"B","date":"2018-05-03T03:42:29.000Z","volume":4000,"label":" ","price":16.72},{"type":"B","date":"2018-05-03T03:43:56.000Z","volume":2000,"label":" ","price":16.72},{"type":"A","date":"2018-05-03T03:44:55.000Z","volume":2000,"label":" ","price":16.74},{"type":"B","date":"2018-05-03T03:45:36.000Z","volume":2000,"label":" ","price":16.72},{"type":"B","date":"2018-05-03T03:47:18.000Z","volume":4000,"label":" ","price":16.72},{"type":"A","date":"2018-05-03T03:47:55.000Z","volume":4000,"label":" ","price":16.74},{"type":"B","date":"2018-05-03T03:48:55.000Z","volume":2000,"label":" ","price":16.72},{"type":"B","date":"2018-05-03T03:49:30.000Z","volume":2000,"label":" ","price":16.72},{"type":"B","date":"2018-05-03T03:50:33.000Z","volume":2000,"label":" ","price":16.72},{"type":"B","date":"2018-05-03T03:52:12.000Z","volume":4000,"label":" ","price":16.72},{"type":"B","date":"2018-05-03T03:52:12.000Z","volume":4000,"label":" ","price":16.72},{"type":"B","date":"2018-05-03T03:53:54.000Z","volume":4000,"label":" ","price":16.72},{"type":"A","date":"2018-05-03T03:55:55.000Z","volume":2000,"label":" ","price":16.74},{"type":"B","date":"2018-05-03T03:57:04.000Z","volume":4000,"label":" ","price":16.72},{"type":"A","date":"2018-05-03T03:57:20.000Z","volume":2000,"label":" ","price":16.72},{"type":"U","date":"2018-05-03T03:57:40.000Z","volume":2000,"label":"X","price":16.7},{"type":"U","date":"2018-05-03T03:58:10.000Z","volume":4000,"label":"X","price":16.7},{"type":"B","date":"2018-05-03T03:59:42.000Z","volume":30000,"label":" ","price":16.7},{"type":"A","date":"2018-05-03T05:00:00.000Z","volume":2000,"label":" ","price":16.72},{"type":"A","date":"2018-05-03T05:00:00.000Z","volume":4000,"label":" ","price":16.72},{"type":"A","date":"2018-05-03T05:00:18.000Z","volume":6000,"label":" ","price":16.72},{"type":"B","date":"2018-05-03T05:00:18.000Z","volume":2000,"label":"Y","price":16.7},{"type":"A","date":"2018-05-03T05:02:29.000Z","volume":2000,"label":" ","price":16.72},{"type":"B","date":"2018-05-03T05:02:40.000Z","volume":2000,"label":" ","price":16.7},{"type":"U","date":"2018-05-03T05:02:54.000Z","volume":1197,"label":"D","price":16.8},{"type":"A","date":"2018-05-03T05:06:40.000Z","volume":2000,"label":" ","price":16.72},{"type":"A","date":"2018-05-03T05:06:53.000Z","volume":10000,"label":" ","price":16.72},{"type":"A","date":"2018-05-03T05:06:53.000Z","volume":2000,"label":" ","price":16.72},{"type":"A","date":"2018-05-03T05:06:53.000Z","volume":2000,"label":" ","price":16.72},{"type":"A","date":"2018-05-03T05:06:53.000Z","volume":4000,"label":" ","price":16.74},{"type":"B","date":"2018-05-03T05:09:19.000Z","volume":42000,"label":" ","price":16.72},{"type":"A","date":"2018-05-03T05:09:24.000Z","volume":6000,"label":" ","price":16.72},{"type":"A","date":"2018-05-03T05:09:24.000Z","volume":4000,"label":" ","price":16.72},{"type":"B","date":"2018-05-03T05:09:25.000Z","volume":2000,"label":" ","price":16.7},{"type":"U","date":"2018-05-03T05:10:13.000Z","volume":273,"label":"D","price":16.7},{"type":"A","date":"2018-05-03T05:14:52.000Z","volume":2000,"label":" ","price":16.72},{"type":"A","date":"2018-05-03T05:16:11.000Z","volume":10000,"label":" ","price":16.72},{"type":"A","date":"2018-05-03T05:18:18.000Z","volume":2000,"label":" ","price":16.72},{"type":"A","date":"2018-05-03T05:18:22.000Z","volume":2000,"label":" ","price":16.72},{"type":"A","date":"2018-05-03T05:18:40.000Z","volume":4000,"label":" ","price":16.72},{"type":"A","date":"2018-05-03T05:21:17.000Z","volume":4000,"label":" ","price":16.72},{"type":"A","date":"2018-05-03T05:21:18.000Z","volume":2000,"label":" ","price":16.72},{"type":"A","date":"2018-05-03T05:21:18.000Z","volume":12000,"label":" ","price":16.72},{"type":"A","date":"2018-05-03T05:21:18.000Z","volume":12000,"label":" ","price":16.72},{"type":"A","date":"2018-05-03T05:21:18.000Z","volume":4000,"label":" ","price":16.74},{"type":"A","date":"2018-05-03T05:27:53.000Z","volume":4000,"label":" ","price":16.76},{"type":"A","date":"2018-05-03T05:27:54.000Z","volume":20000,"label":" ","price":16.76},{"type":"A","date":"2018-05-03T05:27:54.000Z","volume":4000,"label":" ","price":16.78},{"type":"B","date":"2018-05-03T05:29:28.000Z","volume":8000,"label":" ","price":16.78},{"type":"B","date":"2018-05-03T05:33:00.000Z","volume":10000,"label":"Y","price":16.74},{"type":"B","date":"2018-05-03T05:33:00.000Z","volume":8000,"label":" ","price":16.74},{"type":"A","date":"2018-05-03T05:33:02.000Z","volume":2000,"label":" ","price":16.74},{"type":"A","date":"2018-05-03T05:34:23.000Z","volume":2000,"label":" ","price":16.78},{"type":"B","date":"2018-05-03T05:35:23.000Z","volume":2000,"label":" ","price":16.76},{"type":"B","date":"2018-05-03T05:35:29.000Z","volume":4000,"label":" ","price":16.76},{"type":"A","date":"2018-05-03T05:36:21.000Z","volume":10000,"label":" ","price":16.76},{"type":"B","date":"2018-05-03T05:38:40.000Z","volume":2000,"label":" ","price":16.74},{"type":"B","date":"2018-05-03T05:44:04.000Z","volume":16000,"label":" ","price":16.74},{"type":"B","date":"2018-05-03T05:44:56.000Z","volume":4000,"label":" ","price":16.74},{"type":"B","date":"2018-05-03T05:45:22.000Z","volume":26000,"label":" ","price":16.72},{"type":"B","date":"2018-05-03T05:45:22.000Z","volume":2000,"label":" ","price":16.72},{"type":"B","date":"2018-05-03T05:45:32.000Z","volume":50000,"label":" ","price":16.7},{"type":"A","date":"2018-05-03T05:45:36.000Z","volume":4000,"label":" ","price":16.72},{"type":"A","date":"2018-05-03T05:45:36.000Z","volume":10000,"label":" ","price":16.74},{"type":"B","date":"2018-05-03T05:45:47.000Z","volume":6000,"label":" ","price":16.72},{"type":"B","date":"2018-05-03T05:45:58.000Z","volume":50000,"label":" ","price":16.7},{"type":"B","date":"2018-05-03T05:46:08.000Z","volume":30000,"label":" ","price":16.7},{"type":"B","date":"2018-05-03T05:46:42.000Z","volume":50000,"label":" ","price":16.7},{"type":"A","date":"2018-05-03T05:46:46.000Z","volume":24000,"label":" ","price":16.72},{"type":"B","date":"2018-05-03T05:46:46.000Z","volume":50000,"label":" ","price":16.7},{"type":"U","date":"2018-05-03T05:46:52.000Z","volume":2000,"label":" ","price":16.72},{"type":"U","date":"2018-05-03T05:46:52.000Z","volume":6000,"label":" ","price":16.72},{"type":"A","date":"2018-05-03T05:48:59.000Z","volume":40000,"label":" ","price":16.74},{"type":"A","date":"2018-05-03T05:48:59.000Z","volume":6000,"label":" ","price":16.78},{"type":"B","date":"2018-05-03T05:49:56.000Z","volume":10000,"label":" ","price":16.76},{"type":"B","date":"2018-05-03T05:50:20.000Z","volume":18000,"label":" ","price":16.74},{"type":"B","date":"2018-05-03T05:50:20.000Z","volume":2000,"label":" ","price":16.74},{"type":"B","date":"2018-05-03T05:51:00.000Z","volume":2000,"label":" ","price":16.72},{"type":"B","date":"2018-05-03T05:51:00.000Z","volume":2000,"label":" ","price":16.72},{"type":"A","date":"2018-05-03T05:51:07.000Z","volume":2000,"label":" ","price":16.72},{"type":"A","date":"2018-05-03T05:51:08.000Z","volume":4000,"label":" ","price":16.72},{"type":"B","date":"2018-05-03T05:53:03.000Z","volume":10000,"label":" ","price":16.72},{"type":"A","date":"2018-05-03T05:53:03.000Z","volume":6000,"label":" ","price":16.72},{"type":"A","date":"2018-05-03T05:53:07.000Z","volume":4000,"label":" ","price":16.72},{"type":"B","date":"2018-05-03T05:54:31.000Z","volume":8000,"label":" ","price":16.72},{"type":"A","date":"2018-05-03T05:54:35.000Z","volume":8000,"label":" ","price":16.72},{"type":"A","date":"2018-05-03T05:54:55.000Z","volume":4000,"label":" ","price":16.72},{"type":"A","date":"2018-05-03T05:55:40.000Z","volume":6000,"label":" ","price":16.74},{"type":"B","date":"2018-05-03T05:57:17.000Z","volume":2000,"label":" ","price":16.74},{"type":"A","date":"2018-05-03T05:57:30.000Z","volume":2000,"label":" ","price":16.74},{"type":"A","date":"2018-05-03T05:58:08.000Z","volume":4000,"label":" ","price":16.74},{"type":"A","date":"2018-05-03T05:58:36.000Z","volume":2000,"label":" ","price":16.74},{"type":"A","date":"2018-05-03T06:00:46.000Z","volume":8000,"label":" ","price":16.74},{"type":"A","date":"2018-05-03T06:00:59.000Z","volume":2000,"label":" ","price":16.74},{"type":"A","date":"2018-05-03T06:02:46.000Z","volume":4000,"label":" ","price":16.74},{"type":"A","date":"2018-05-03T06:02:49.000Z","volume":2000,"label":" ","price":16.74},{"type":"A","date":"2018-05-03T06:04:19.000Z","volume":10000,"label":" ","price":16.74},{"type":"A","date":"2018-05-03T06:04:25.000Z","volume":4000,"label":" ","price":16.74},{"type":"A","date":"2018-05-03T06:04:28.000Z","volume":2000,"label":" ","price":16.74},{"type":"A","date":"2018-05-03T06:04:28.000Z","volume":2000,"label":" ","price":16.74},{"type":"A","date":"2018-05-03T06:04:28.000Z","volume":6000,"label":" ","price":16.76},{"type":"A","date":"2018-05-03T06:05:05.000Z","volume":2000,"label":" ","price":16.76},{"type":"A","date":"2018-05-03T06:06:13.000Z","volume":10000,"label":" ","price":16.76},{"type":"B","date":"2018-05-03T06:06:40.000Z","volume":8000,"label":" ","price":16.74},{"type":"A","date":"2018-05-03T06:06:50.000Z","volume":2000,"label":" ","price":16.74},{"type":"B","date":"2018-05-03T06:07:38.000Z","volume":2000,"label":" ","price":16.72},{"type":"A","date":"2018-05-03T06:08:03.000Z","volume":2000,"label":" ","price":16.74},{"type":"A","date":"2018-05-03T06:08:57.000Z","volume":4000,"label":" ","price":16.74},{"type":"A","date":"2018-05-03T06:08:57.000Z","volume":4000,"label":" ","price":16.74},{"type":"A","date":"2018-05-03T06:08:57.000Z","volume":4000,"label":" ","price":16.76},{"type":"A","date":"2018-05-03T06:09:16.000Z","volume":4000,"label":" ","price":16.76},{"type":"A","date":"2018-05-03T06:09:16.000Z","volume":2000,"label":" ","price":16.76},{"type":"B","date":"2018-05-03T06:10:20.000Z","volume":4000,"label":" ","price":16.74},{"type":"B","date":"2018-05-03T06:10:20.000Z","volume":2000,"label":" ","price":16.74},{"type":"A","date":"2018-05-03T06:10:37.000Z","volume":14000,"label":" ","price":16.74},{"type":"B","date":"2018-05-03T06:12:56.000Z","volume":8000,"label":" ","price":16.74},{"type":"B","date":"2018-05-03T06:14:20.000Z","volume":2000,"label":" ","price":16.72},{"type":"B","date":"2018-05-03T06:16:47.000Z","volume":12000,"label":"Y","price":16.72},{"type":"B","date":"2018-05-03T06:16:47.000Z","volume":8000,"label":" ","price":16.72},{"type":"B","date":"2018-05-03T06:16:59.000Z","volume":20000,"label":" ","price":16.72},{"type":"B","date":"2018-05-03T06:16:59.000Z","volume":24000,"label":" ","price":16.72},{"type":"B","date":"2018-05-03T06:17:09.000Z","volume":18000,"label":" ","price":16.7},{"type":"B","date":"2018-05-03T06:17:10.000Z","volume":30000,"label":" ","price":16.7},{"type":"A","date":"2018-05-03T06:17:24.000Z","volume":16000,"label":" ","price":16.72},{"type":"B","date":"2018-05-03T06:19:05.000Z","volume":12000,"label":" ","price":16.7},{"type":"B","date":"2018-05-03T06:20:04.000Z","volume":18000,"label":" ","price":16.7},{"type":"B","date":"2018-05-03T06:20:22.000Z","volume":20000,"label":" ","price":16.7},{"type":"B","date":"2018-05-03T06:20:31.000Z","volume":50000,"label":" ","price":16.7},{"type":"B","date":"2018-05-03T06:20:37.000Z","volume":50000,"label":" ","price":16.7},{"type":"A","date":"2018-05-03T06:21:07.000Z","volume":26000,"label":" ","price":16.72},{"type":"B","date":"2018-05-03T06:22:50.000Z","volume":2000,"label":" ","price":16.72},{"type":"B","date":"2018-05-03T06:23:36.000Z","volume":2000,"label":" ","price":16.72},{"type":"B","date":"2018-05-03T06:23:42.000Z","volume":2000,"label":" ","price":16.72},{"type":"B","date":"2018-05-03T06:24:06.000Z","volume":6000,"label":" ","price":16.72},{"type":"B","date":"2018-05-03T06:24:06.000Z","volume":8000,"label":" ","price":16.72},{"type":"B","date":"2018-05-03T06:24:40.000Z","volume":50000,"label":" ","price":16.7},{"type":"A","date":"2018-05-03T06:24:47.000Z","volume":8000,"label":" ","price":16.74},{"type":"B","date":"2018-05-03T06:24:47.000Z","volume":4000,"label":" ","price":16.72},{"type":"B","date":"2018-05-03T06:24:49.000Z","volume":2000,"label":" ","price":16.72},{"type":"B","date":"2018-05-03T06:24:49.000Z","volume":28000,"label":" ","price":16.7},{"type":"A","date":"2018-05-03T06:24:49.000Z","volume":6000,"label":" ","price":16.74},{"type":"B","date":"2018-05-03T06:27:06.000Z","volume":22000,"label":" ","price":16.7},{"type":"A","date":"2018-05-03T06:27:12.000Z","volume":6000,"label":" ","price":16.72},{"type":"A","date":"2018-05-03T06:28:37.000Z","volume":24000,"label":" ","price":16.72},{"type":"A","date":"2018-05-03T06:29:11.000Z","volume":4000,"label":" ","price":16.72},{"type":"A","date":"2018-05-03T06:29:25.000Z","volume":10000,"label":" ","price":16.72},{"type":"B","date":"2018-05-03T06:29:59.000Z","volume":252000,"label":" ","price":16.7},{"type":"U","date":"2018-05-03T06:30:04.000Z","volume":8000,"label":"Y","price":16.7},{"type":"B","date":"2018-05-03T06:30:10.000Z","volume":2000,"label":" ","price":16.7},{"type":"A","date":"2018-05-03T06:30:10.000Z","volume":10000,"label":" ","price":16.72},{"type":"B","date":"2018-05-03T06:31:07.000Z","volume":6000,"label":" ","price":16.68},{"type":"B","date":"2018-05-03T06:31:08.000Z","volume":2000,"label":" ","price":16.68},{"type":"U","date":"2018-05-03T06:31:11.000Z","volume":10000,"label":" ","price":16.7},{"type":"A","date":"2018-05-03T06:31:53.000Z","volume":50000,"label":" ","price":16.7},{"type":"A","date":"2018-05-03T06:32:11.000Z","volume":4000,"label":" ","price":16.7},{"type":"B","date":"2018-05-03T06:32:35.000Z","volume":30000,"label":" ","price":16.7},{"type":"U","date":"2018-05-03T06:34:11.000Z","volume":1400,"label":"D","price":16.54},{"type":"A","date":"2018-05-03T06:34:12.000Z","volume":4000,"label":" ","price":16.72},{"type":"B","date":"2018-05-03T06:34:59.000Z","volume":10000,"label":" ","price":16.7},{"type":"A","date":"2018-05-03T06:36:02.000Z","volume":2000,"label":" ","price":16.72},{"type":"A","date":"2018-05-03T06:36:28.000Z","volume":4000,"label":" ","price":16.72},{"type":"B","date":"2018-05-03T06:37:20.000Z","volume":20000,"label":" ","price":16.7},{"type":"B","date":"2018-05-03T06:38:37.000Z","volume":30000,"label":" ","price":16.7},{"type":"B","date":"2018-05-03T06:38:37.000Z","volume":4000,"label":" ","price":16.7},{"type":"B","date":"2018-05-03T06:38:37.000Z","volume":26000,"label":" ","price":16.68},{"type":"B","date":"2018-05-03T06:39:36.000Z","volume":66000,"label":" ","price":16.68},{"type":"B","date":"2018-05-03T06:41:16.000Z","volume":16000,"label":" ","price":16.68},{"type":"A","date":"2018-05-03T06:41:21.000Z","volume":34000,"label":" ","price":16.68},{"type":"B","date":"2018-05-03T06:43:31.000Z","volume":10000,"label":" ","price":16.68},{"type":"B","date":"2018-05-03T06:44:20.000Z","volume":2000,"label":" ","price":16.68},{"type":"A","date":"2018-05-03T06:45:15.000Z","volume":6000,"label":" ","price":16.7},{"type":"B","date":"2018-05-03T06:46:31.000Z","volume":22000,"label":" ","price":16.68},{"type":"A","date":"2018-05-03T06:48:12.000Z","volume":24000,"label":" ","price":16.7},{"type":"B","date":"2018-05-03T06:49:15.000Z","volume":16000,"label":" ","price":16.68},{"type":"A","date":"2018-05-03T06:49:29.000Z","volume":2000,"label":" ","price":16.7},{"type":"A","date":"2018-05-03T06:49:30.000Z","volume":2000,"label":" ","price":16.7},{"type":"A","date":"2018-05-03T06:49:59.000Z","volume":4000,"label":" ","price":16.7},{"type":"B","date":"2018-05-03T06:50:54.000Z","volume":28000,"label":" ","price":16.68},{"type":"B","date":"2018-05-03T06:51:46.000Z","volume":26000,"label":" ","price":16.68},{"type":"B","date":"2018-05-03T06:53:20.000Z","volume":20000,"label":" ","price":16.68},{"type":"B","date":"2018-05-03T06:54:08.000Z","volume":2000,"label":" ","price":16.68},{"type":"B","date":"2018-05-03T06:54:48.000Z","volume":30000,"label":" ","price":16.68},{"type":"B","date":"2018-05-03T06:54:48.000Z","volume":42000,"label":" ","price":16.68},{"type":"B","date":"2018-05-03T06:55:14.000Z","volume":6000,"label":" ","price":16.68},{"type":"A","date":"2018-05-03T06:56:50.000Z","volume":2000,"label":" ","price":16.7},{"type":"B","date":"2018-05-03T06:57:19.000Z","volume":24000,"label":" ","price":16.68},{"type":"A","date":"2018-05-03T06:58:34.000Z","volume":2000,"label":" ","price":16.7},{"type":"A","date":"2018-05-03T06:58:53.000Z","volume":6000,"label":" ","price":16.7},{"type":"A","date":"2018-05-03T07:00:05.000Z","volume":6000,"label":" ","price":16.7},{"type":"B","date":"2018-05-03T07:00:06.000Z","volume":16000,"label":" ","price":16.68},{"type":"B","date":"2018-05-03T07:00:40.000Z","volume":2000,"label":" ","price":16.68},{"type":"A","date":"2018-05-03T07:02:09.000Z","volume":2000,"label":" ","price":16.7},{"type":"B","date":"2018-05-03T07:02:51.000Z","volume":26000,"label":" ","price":16.68},{"type":"A","date":"2018-05-03T07:03:06.000Z","volume":6000,"label":" ","price":16.7},{"type":"A","date":"2018-05-03T07:05:15.000Z","volume":4000,"label":" ","price":16.7},{"type":"B","date":"2018-05-03T07:05:41.000Z","volume":24000,"label":" ","price":16.68},{"type":"A","date":"2018-05-03T07:08:01.000Z","volume":6000,"label":" ","price":16.7},{"type":"B","date":"2018-05-03T07:08:41.000Z","volume":28000,"label":" ","price":16.68},{"type":"A","date":"2018-05-03T07:10:06.000Z","volume":2000,"label":" ","price":16.7},{"type":"B","date":"2018-05-03T07:11:28.000Z","volume":28000,"label":" ","price":16.68},{"type":"B","date":"2018-05-03T07:14:09.000Z","volume":8000,"label":" ","price":16.68},{"type":"B","date":"2018-05-03T07:14:09.000Z","volume":4000,"label":" ","price":16.68},{"type":"B","date":"2018-05-03T07:15:34.000Z","volume":4000,"label":" ","price":16.68},{"type":"B","date":"2018-05-03T07:15:34.000Z","volume":4000,"label":" ","price":16.68},{"type":"B","date":"2018-05-03T07:16:47.000Z","volume":2000,"label":" ","price":16.68},{"type":"B","date":"2018-05-03T07:16:47.000Z","volume":4000,"label":" ","price":16.68},{"type":"B","date":"2018-05-03T07:17:00.000Z","volume":2000,"label":" ","price":16.66},{"type":"B","date":"2018-05-03T07:17:26.000Z","volume":32000,"label":" ","price":16.66},{"type":"B","date":"2018-05-03T07:19:34.000Z","volume":22000,"label":" ","price":16.68},{"type":"A","date":"2018-05-03T07:19:36.000Z","volume":26000,"label":" ","price":16.7},{"type":"B","date":"2018-05-03T07:19:36.000Z","volume":6000,"label":" ","price":16.66},{"type":"A","date":"2018-05-03T07:20:11.000Z","volume":12000,"label":" ","price":16.7},{"type":"A","date":"2018-05-03T07:20:11.000Z","volume":6000,"label":" ","price":16.7},{"type":"A","date":"2018-05-03T07:21:37.000Z","volume":2000,"label":" ","price":16.7},{"type":"B","date":"2018-05-03T07:21:57.000Z","volume":8000,"label":" ","price":16.68},{"type":"B","date":"2018-05-03T07:22:08.000Z","volume":2000,"label":" ","price":16.68},{"type":"B","date":"2018-05-03T07:22:08.000Z","volume":24000,"label":" ","price":16.68},{"type":"B","date":"2018-05-03T07:22:08.000Z","volume":12000,"label":" ","price":16.66},{"type":"B","date":"2018-05-03T07:22:18.000Z","volume":4000,"label":" ","price":16.68},{"type":"A","date":"2018-05-03T07:22:18.000Z","volume":2000,"label":" ","price":16.68},{"type":"A","date":"2018-05-03T07:23:59.000Z","volume":16000,"label":" ","price":16.68},{"type":"B","date":"2018-05-03T07:24:57.000Z","volume":8000,"label":" ","price":16.66},{"type":"A","date":"2018-05-03T07:25:06.000Z","volume":6000,"label":" ","price":16.68},{"type":"A","date":"2018-05-03T07:25:20.000Z","volume":6000,"label":" ","price":16.68},{"type":"A","date":"2018-05-03T07:25:20.000Z","volume":24000,"label":" ","price":16.68},{"type":"A","date":"2018-05-03T07:25:38.000Z","volume":8000,"label":" ","price":16.68},{"type":"A","date":"2018-05-03T07:27:08.000Z","volume":20000,"label":" ","price":16.7},{"type":"A","date":"2018-05-03T07:27:26.000Z","volume":4000,"label":" ","price":16.7},{"type":"A","date":"2018-05-03T07:27:26.000Z","volume":8000,"label":" ","price":16.7},{"type":"A","date":"2018-05-03T07:27:39.000Z","volume":20000,"label":" ","price":16.7},{"type":"B","date":"2018-05-03T07:27:43.000Z","volume":2000,"label":" ","price":16.7},{"type":"U","date":"2018-05-03T07:28:19.000Z","volume":4000,"label":"Y","price":16.78},{"type":"A","date":"2018-05-03T07:28:23.000Z","volume":2000,"label":" ","price":16.78},{"type":"A","date":"2018-05-03T07:29:46.000Z","volume":10000,"label":" ","price":16.78},{"type":"A","date":"2018-05-03T07:29:46.000Z","volume":2000,"label":" ","price":16.78},{"type":"B","date":"2018-05-03T07:30:55.000Z","volume":6000,"label":" ","price":16.72},{"type":"B","date":"2018-05-03T07:30:55.000Z","volume":2000,"label":" ","price":16.7},{"type":"U","date":"2018-05-03T07:31:56.000Z","volume":4000,"label":" ","price":16.76},{"type":"U","date":"2018-05-03T07:31:56.000Z","volume":2000,"label":" ","price":16.76},{"type":"A","date":"2018-05-03T07:31:56.000Z","volume":2000,"label":" ","price":16.76},{"type":"B","date":"2018-05-03T07:31:58.000Z","volume":2000,"label":" ","price":16.74},{"type":"A","date":"2018-05-03T07:32:18.000Z","volume":2000,"label":" ","price":16.76},{"type":"B","date":"2018-05-03T07:33:16.000Z","volume":10000,"label":" ","price":16.72},{"type":"B","date":"2018-05-03T07:33:16.000Z","volume":6000,"label":" ","price":16.7},{"type":"B","date":"2018-05-03T07:35:54.000Z","volume":12000,"label":" ","price":16.7},{"type":"U","date":"2018-05-03T07:36:59.000Z","volume":2000,"label":" ","price":16.72},{"type":"B","date":"2018-05-03T07:37:01.000Z","volume":2000,"label":" ","price":16.72},{"type":"B","date":"2018-05-03T07:38:40.000Z","volume":18000,"label":" ","price":16.7},{"type":"B","date":"2018-05-03T07:38:40.000Z","volume":2000,"label":" ","price":16.68},{"type":"B","date":"2018-05-03T07:40:38.000Z","volume":2000,"label":" ","price":16.68},{"type":"B","date":"2018-05-03T07:41:28.000Z","volume":10000,"label":" ","price":16.7},{"type":"B","date":"2018-05-03T07:41:28.000Z","volume":14000,"label":" ","price":16.68},{"type":"A","date":"2018-05-03T07:42:45.000Z","volume":10000,"label":" ","price":16.72},{"type":"A","date":"2018-05-03T07:43:35.000Z","volume":26000,"label":" ","price":16.72},{"type":"U","date":"2018-05-03T07:44:43.000Z","volume":2000,"label":"X","price":16.72},{"type":"B","date":"2018-05-03T07:46:09.000Z","volume":2000,"label":" ","price":16.72},{"type":"B","date":"2018-05-03T07:46:42.000Z","volume":20000,"label":" ","price":16.72},{"type":"B","date":"2018-05-03T07:47:42.000Z","volume":2000,"label":" ","price":16.72},{"type":"A","date":"2018-05-03T07:47:42.000Z","volume":2000,"label":" ","price":16.74},{"type":"B","date":"2018-05-03T07:49:22.000Z","volume":2000,"label":" ","price":16.72},{"type":"B","date":"2018-05-03T07:49:22.000Z","volume":4000,"label":" ","price":16.72},{"type":"B","date":"2018-05-03T07:49:32.000Z","volume":16000,"label":" ","price":16.7},{"type":"A","date":"2018-05-03T07:50:21.000Z","volume":4000,"label":" ","price":16.72},{"type":"A","date":"2018-05-03T07:50:26.000Z","volume":4000,"label":" ","price":16.72},{"type":"B","date":"2018-05-03T07:50:53.000Z","volume":2000,"label":" ","price":16.7},{"type":"A","date":"2018-05-03T07:51:55.000Z","volume":2000,"label":" ","price":16.72},{"type":"B","date":"2018-05-03T07:52:08.000Z","volume":10000,"label":" ","price":16.7},{"type":"B","date":"2018-05-03T07:52:24.000Z","volume":2000,"label":" ","price":16.7},{"type":"A","date":"2018-05-03T07:52:53.000Z","volume":4000,"label":" ","price":16.72},{"type":"B","date":"2018-05-03T07:52:54.000Z","volume":14000,"label":" ","price":16.7},{"type":"B","date":"2018-05-03T07:53:16.000Z","volume":4000,"label":" ","price":16.7},{"type":"B","date":"2018-05-03T07:53:50.000Z","volume":8000,"label":" ","price":16.7},{"type":"U","date":"2018-05-03T07:53:56.000Z","volume":2000,"label":" ","price":16.7},{"type":"B","date":"2018-05-03T07:53:59.000Z","volume":12000,"label":" ","price":16.68},{"type":"B","date":"2018-05-03T07:54:01.000Z","volume":4000,"label":" ","price":16.68},{"type":"B","date":"2018-05-03T07:54:16.000Z","volume":2000,"label":" ","price":16.7},{"type":"A","date":"2018-05-03T07:54:20.000Z","volume":8000,"label":" ","price":16.7},{"type":"A","date":"2018-05-03T07:54:23.000Z","volume":14000,"label":" ","price":16.7},{"type":"A","date":"2018-05-03T07:54:23.000Z","volume":6000,"label":" ","price":16.7},{"type":"A","date":"2018-05-03T07:54:23.000Z","volume":4000,"label":" ","price":16.7},{"type":"A","date":"2018-05-03T07:55:31.000Z","volume":2000,"label":" ","price":16.7},{"type":"B","date":"2018-05-03T07:55:31.000Z","volume":2000,"label":" ","price":16.7},{"type":"B","date":"2018-05-03T07:55:53.000Z","volume":2000,"label":" ","price":16.7},{"type":"A","date":"2018-05-03T07:55:57.000Z","volume":8000,"label":" ","price":16.72},{"type":"A","date":"2018-05-03T07:57:24.000Z","volume":2000,"label":" ","price":16.72},{"type":"B","date":"2018-05-03T07:57:24.000Z","volume":2000,"label":" ","price":16.7},{"type":"B","date":"2018-05-03T07:57:32.000Z","volume":2000,"label":" ","price":16.7},{"type":"B","date":"2018-05-03T07:57:32.000Z","volume":2000,"label":" ","price":16.7},{"type":"U","date":"2018-05-03T07:57:36.000Z","volume":2000,"label":"X","price":16.7},{"type":"B","date":"2018-05-03T07:57:41.000Z","volume":12000,"label":" ","price":16.7},{"type":"B","date":"2018-05-03T07:57:48.000Z","volume":4000,"label":" ","price":16.7},{"type":"A","date":"2018-05-03T07:58:12.000Z","volume":16000,"label":" ","price":16.7},{"type":"U","date":"2018-05-03T07:59:00.000Z","volume":2000,"label":" ","price":16.7},{"type":"A","date":"2018-05-03T07:59:03.000Z","volume":2000,"label":" ","price":16.72},{"type":"A","date":"2018-05-03T07:59:04.000Z","volume":2000,"label":" ","price":16.72},{"type":"A","date":"2018-05-03T07:59:15.000Z","volume":2000,"label":" ","price":16.74},{"type":"A","date":"2018-05-03T07:59:33.000Z","volume":2000,"label":" ","price":16.74},{"type":"U","date":"2018-05-03T08:08:12.000Z","volume":172000,"label":"U","price":16.7}]