[{"type":"A","date":"2018-04-20T01:35:20.000Z","volume":1000,"label":" ","price":17.46},{"type":"B","date":"2018-04-20T02:57:34.000Z","volume":5000,"label":" ","price":17.1},{"type":"B","date":"2018-04-20T03:00:09.000Z","volume":1000,"label":" ","price":17.1},{"type":"A","date":"2018-04-20T03:01:55.000Z","volume":1000,"label":" ","price":17.08},{"type":"A","date":"2018-04-20T03:03:17.000Z","volume":1000,"label":" ","price":17.08},{"type":"A","date":"2018-04-20T03:05:38.000Z","volume":3000,"label":" ","price":17.08},{"type":"A","date":"2018-04-20T03:09:19.000Z","volume":2000,"label":" ","price":17.08},{"type":"A","date":"2018-04-20T03:17:46.000Z","volume":1000,"label":" ","price":17.08},{"type":"A","date":"2018-04-20T03:18:32.000Z","volume":1000,"label":" ","price":17.08},{"type":"A","date":"2018-04-20T03:18:50.000Z","volume":1000,"label":" ","price":17.1},{"type":"A","date":"2018-04-20T03:19:54.000Z","volume":1000,"label":" ","price":17.1},{"type":"A","date":"2018-04-20T03:21:22.000Z","volume":1000,"label":" ","price":17.1},{"type":"B","date":"2018-04-20T03:26:47.000Z","volume":1000,"label":" ","price":17.16},{"type":"B","date":"2018-04-20T03:27:07.000Z","volume":1000,"label":" ","price":17.16},{"type":"B","date":"2018-04-20T03:29:56.000Z","volume":1000,"label":" ","price":17.14},{"type":"B","date":"2018-04-20T03:31:59.000Z","volume":1000,"label":" ","price":17.14},{"type":"A","date":"2018-04-20T03:34:09.000Z","volume":1000,"label":" ","price":17.16},{"type":"A","date":"2018-04-20T03:46:06.000Z","volume":1000,"label":" ","price":17.16},{"type":"A","date":"2018-04-20T06:00:12.000Z","volume":1000,"label":" ","price":17.18},{"type":"B","date":"2018-04-20T06:30:37.000Z","volume":1000,"label":" ","price":17.14},{"type":"A","date":"2018-04-20T07:18:04.000Z","volume":1000,"label":" ","price":17.16},{"type":"B","date":"2018-04-20T07:22:28.000Z","volume":1000,"label":" ","price":17.14},{"type":"B","date":"2018-04-20T07:27:56.000Z","volume":4000,"label":" ","price":17.1},{"type":"U","date":"2018-04-20T07:37:33.000Z","volume":174000,"label":"X","price":17.12},{"type":"A","date":"2018-04-20T07:59:44.000Z","volume":1000,"label":" ","price":17.16}]