[{"type":"U","date":"2018-03-28T01:05:00.000Z","volume":25700,"label":"P","price":37.312},{"type":"U","date":"2018-03-28T01:05:00.000Z","volume":102800,"label":"P","price":37.311},{"type":"U","date":"2018-03-28T01:20:00.000Z","volume":3000,"label":"U","price":36.9},{"type":"B","date":"2018-03-28T01:30:01.000Z","volume":500,"label":" ","price":36.8},{"type":"B","date":"2018-03-28T01:30:01.000Z","volume":500,"label":" ","price":36.7},{"type":"B","date":"2018-03-28T01:30:01.000Z","volume":500,"label":" ","price":36.65},{"type":"B","date":"2018-03-28T01:30:02.000Z","volume":500,"label":" ","price":36.65},{"type":"U","date":"2018-03-28T01:30:03.000Z","volume":500,"label":" ","price":36.7},{"type":"A","date":"2018-03-28T01:30:07.000Z","volume":2000,"label":" ","price":36.65},{"type":"A","date":"2018-03-28T01:30:07.000Z","volume":500,"label":" ","price":36.65},{"type":"A","date":"2018-03-28T01:30:12.000Z","volume":1000,"label":" ","price":36.65},{"type":"A","date":"2018-03-28T01:30:20.000Z","volume":2500,"label":" ","price":36.65},{"type":"A","date":"2018-03-28T01:30:20.000Z","volume":500,"label":" ","price":36.85},{"type":"A","date":"2018-03-28T01:30:20.000Z","volume":1000,"label":" ","price":36.9},{"type":"A","date":"2018-03-28T01:30:20.000Z","volume":1000,"label":" ","price":36.9},{"type":"A","date":"2018-03-28T01:30:20.000Z","volume":500,"label":" ","price":36.9},{"type":"A","date":"2018-03-28T01:30:20.000Z","volume":1000,"label":" ","price":36.9},{"type":"U","date":"2018-03-28T01:30:22.000Z","volume":500,"label":"Y","price":36.65},{"type":"A","date":"2018-03-28T01:30:24.000Z","volume":1000,"label":" ","price":36.65},{"type":"A","date":"2018-03-28T01:30:24.000Z","volume":500,"label":" ","price":36.7},{"type":"A","date":"2018-03-28T01:31:08.000Z","volume":500,"label":" ","price":36.65},{"type":"B","date":"2018-03-28T01:31:41.000Z","volume":500,"label":" ","price":36.55},{"type":"A","date":"2018-03-28T01:31:43.000Z","volume":500,"label":" ","price":36.65},{"type":"U","date":"2018-03-28T01:31:51.000Z","volume":500,"label":" ","price":36.6},{"type":"A","date":"2018-03-28T01:31:51.000Z","volume":1000,"label":" ","price":36.65},{"type":"A","date":"2018-03-28T01:31:52.000Z","volume":2500,"label":" ","price":36.6},{"type":"B","date":"2018-03-28T01:31:53.000Z","volume":500,"label":" ","price":36.6},{"type":"A","date":"2018-03-28T01:31:53.000Z","volume":500,"label":"Y","price":36.65},{"type":"A","date":"2018-03-28T01:31:53.000Z","volume":500,"label":" ","price":36.65},{"type":"A","date":"2018-03-28T01:32:01.000Z","volume":7500,"label":" ","price":36.65},{"type":"A","date":"2018-03-28T01:32:01.000Z","volume":3000,"label":" ","price":36.65},{"type":"A","date":"2018-03-28T01:32:01.000Z","volume":1000,"label":" ","price":36.7},{"type":"A","date":"2018-03-28T01:32:01.000Z","volume":2000,"label":" ","price":36.7},{"type":"A","date":"2018-03-28T01:32:03.000Z","volume":500,"label":" ","price":36.7},{"type":"A","date":"2018-03-28T01:32:03.000Z","volume":3500,"label":" ","price":36.8},{"type":"B","date":"2018-03-28T01:32:03.000Z","volume":500,"label":" ","price":36.7},{"type":"A","date":"2018-03-28T01:32:03.000Z","volume":500,"label":"Y","price":36.9},{"type":"A","date":"2018-03-28T01:32:03.000Z","volume":2000,"label":" ","price":36.9},{"type":"A","date":"2018-03-28T01:32:04.000Z","volume":500,"label":"Y","price":36.85},{"type":"A","date":"2018-03-28T01:32:04.000Z","volume":1000,"label":" ","price":36.85},{"type":"A","date":"2018-03-28T01:33:03.000Z","volume":1000,"label":" ","price":36.9},{"type":"A","date":"2018-03-28T01:33:03.000Z","volume":2000,"label":" ","price":36.9},{"type":"A","date":"2018-03-28T01:33:03.000Z","volume":1000,"label":" ","price":36.9},{"type":"B","date":"2018-03-28T01:33:03.000Z","volume":500,"label":" ","price":36.7},{"type":"A","date":"2018-03-28T01:33:04.000Z","volume":1000,"label":" ","price":36.85},{"type":"B","date":"2018-03-28T01:33:06.000Z","volume":3000,"label":" ","price":36.8},{"type":"B","date":"2018-03-28T01:33:06.000Z","volume":500,"label":" ","price":36.8},{"type":"A","date":"2018-03-28T01:33:31.000Z","volume":500,"label":" ","price":36.75},{"type":"A","date":"2018-03-28T01:33:33.000Z","volume":500,"label":" ","price":36.75},{"type":"A","date":"2018-03-28T01:33:33.000Z","volume":500,"label":" ","price":36.75},{"type":"A","date":"2018-03-28T01:33:33.000Z","volume":500,"label":" ","price":36.75},{"type":"A","date":"2018-03-28T01:33:33.000Z","volume":500,"label":" ","price":36.75},{"type":"A","date":"2018-03-28T01:33:37.000Z","volume":1000,"label":" ","price":36.8},{"type":"A","date":"2018-03-28T01:34:04.000Z","volume":500,"label":" ","price":36.8},{"type":"A","date":"2018-03-28T01:34:04.000Z","volume":500,"label":" ","price":36.8},{"type":"A","date":"2018-03-28T01:34:04.000Z","volume":500,"label":" ","price":36.8},{"type":"A","date":"2018-03-28T01:34:04.000Z","volume":500,"label":" ","price":36.8},{"type":"A","date":"2018-03-28T01:34:04.000Z","volume":500,"label":" ","price":36.8},{"type":"A","date":"2018-03-28T01:34:04.000Z","volume":1000,"label":" ","price":36.8},{"type":"B","date":"2018-03-28T01:34:17.000Z","volume":2500,"label":" ","price":36.75},{"type":"B","date":"2018-03-28T01:34:18.000Z","volume":3000,"label":" ","price":36.7},{"type":"B","date":"2018-03-28T01:34:19.000Z","volume":2500,"label":" ","price":36.65},{"type":"B","date":"2018-03-28T01:34:20.000Z","volume":500,"label":" ","price":36.6},{"type":"B","date":"2018-03-28T01:34:22.000Z","volume":1500,"label":" ","price":36.6},{"type":"B","date":"2018-03-28T01:34:22.000Z","volume":500,"label":" ","price":36.45},{"type":"B","date":"2018-03-28T01:35:51.000Z","volume":500,"label":" ","price":36.4},{"type":"B","date":"2018-03-28T01:35:54.000Z","volume":500,"label":" ","price":36.4},{"type":"A","date":"2018-03-28T01:36:18.000Z","volume":500,"label":" ","price":36.55},{"type":"A","date":"2018-03-28T01:36:18.000Z","volume":500,"label":" ","price":36.55},{"type":"A","date":"2018-03-28T01:36:18.000Z","volume":500,"label":" ","price":36.55},{"type":"A","date":"2018-03-28T01:36:21.000Z","volume":500,"label":"Y","price":36.55},{"type":"A","date":"2018-03-28T01:36:21.000Z","volume":500,"label":"Y","price":36.55},{"type":"A","date":"2018-03-28T01:36:21.000Z","volume":500,"label":" ","price":36.55},{"type":"A","date":"2018-03-28T01:36:21.000Z","volume":500,"label":" ","price":36.55},{"type":"A","date":"2018-03-28T01:36:21.000Z","volume":500,"label":" ","price":36.55},{"type":"B","date":"2018-03-28T01:36:27.000Z","volume":500,"label":" ","price":36.45},{"type":"A","date":"2018-03-28T01:36:42.000Z","volume":500,"label":" ","price":36.5},{"type":"A","date":"2018-03-28T01:36:42.000Z","volume":500,"label":" ","price":36.5},{"type":"A","date":"2018-03-28T01:36:42.000Z","volume":500,"label":" ","price":36.5},{"type":"U","date":"2018-03-28T01:36:55.000Z","volume":500,"label":"X","price":36.475},{"type":"A","date":"2018-03-28T01:37:03.000Z","volume":1500,"label":" ","price":36.5},{"type":"A","date":"2018-03-28T01:37:03.000Z","volume":500,"label":" ","price":36.5},{"type":"A","date":"2018-03-28T01:37:03.000Z","volume":500,"label":" ","price":36.5},{"type":"A","date":"2018-03-28T01:37:04.000Z","volume":3000,"label":" ","price":36.5},{"type":"A","date":"2018-03-28T01:37:04.000Z","volume":2500,"label":" ","price":36.5},{"type":"A","date":"2018-03-28T01:37:04.000Z","volume":500,"label":" ","price":36.5},{"type":"A","date":"2018-03-28T01:37:04.000Z","volume":5500,"label":" ","price":36.55},{"type":"U","date":"2018-03-28T01:37:09.000Z","volume":500,"label":" ","price":36.55},{"type":"U","date":"2018-03-28T01:37:09.000Z","volume":500,"label":" ","price":36.55},{"type":"B","date":"2018-03-28T01:37:09.000Z","volume":1500,"label":" ","price":36.5},{"type":"U","date":"2018-03-28T01:38:06.000Z","volume":500,"label":"X","price":36.55},{"type":"A","date":"2018-03-28T01:38:17.000Z","volume":2000,"label":" ","price":36.55},{"type":"A","date":"2018-03-28T01:38:18.000Z","volume":1500,"label":" ","price":36.6},{"type":"A","date":"2018-03-28T01:38:20.000Z","volume":3000,"label":" ","price":36.6},{"type":"A","date":"2018-03-28T01:38:20.000Z","volume":500,"label":" ","price":36.6},{"type":"A","date":"2018-03-28T01:38:34.000Z","volume":500,"label":" ","price":36.65},{"type":"A","date":"2018-03-28T01:38:34.000Z","volume":1500,"label":" ","price":36.65},{"type":"A","date":"2018-03-28T01:38:37.000Z","volume":500,"label":" ","price":36.7},{"type":"U","date":"2018-03-28T01:39:05.000Z","volume":500,"label":"X","price":36.675},{"type":"A","date":"2018-03-28T01:39:18.000Z","volume":1000,"label":" ","price":36.7},{"type":"U","date":"2018-03-28T01:39:48.000Z","volume":500,"label":" ","price":36.7},{"type":"A","date":"2018-03-28T01:39:49.000Z","volume":500,"label":" ","price":36.7},{"type":"B","date":"2018-03-28T01:39:55.000Z","volume":4000,"label":" ","price":36.65},{"type":"B","date":"2018-03-28T01:39:55.000Z","volume":500,"label":" ","price":36.65},{"type":"B","date":"2018-03-28T01:40:00.000Z","volume":500,"label":" ","price":36.65},{"type":"B","date":"2018-03-28T01:40:00.000Z","volume":1000,"label":" ","price":36.6},{"type":"B","date":"2018-03-28T01:40:00.000Z","volume":500,"label":" ","price":36.6},{"type":"B","date":"2018-03-28T01:40:01.000Z","volume":500,"label":" ","price":36.6},{"type":"B","date":"2018-03-28T01:40:02.000Z","volume":1500,"label":" ","price":36.6},{"type":"B","date":"2018-03-28T01:40:15.000Z","volume":6500,"label":" ","price":36.55},{"type":"B","date":"2018-03-28T01:40:15.000Z","volume":3500,"label":" ","price":36.55},{"type":"B","date":"2018-03-28T01:40:16.000Z","volume":1000,"label":" ","price":36.5},{"type":"A","date":"2018-03-28T01:40:30.000Z","volume":7000,"label":" ","price":36.55},{"type":"A","date":"2018-03-28T01:40:31.000Z","volume":500,"label":" ","price":36.55},{"type":"A","date":"2018-03-28T01:40:35.000Z","volume":500,"label":" ","price":36.55},{"type":"A","date":"2018-03-28T01:40:54.000Z","volume":500,"label":" ","price":36.55},{"type":"U","date":"2018-03-28T01:41:14.000Z","volume":500,"label":"X","price":36.525},{"type":"A","date":"2018-03-28T01:41:15.000Z","volume":500,"label":" ","price":36.55},{"type":"A","date":"2018-03-28T01:41:15.000Z","volume":1000,"label":" ","price":36.55},{"type":"A","date":"2018-03-28T01:41:34.000Z","volume":1000,"label":" ","price":36.55},{"type":"A","date":"2018-03-28T01:41:34.000Z","volume":500,"label":" ","price":36.55},{"type":"U","date":"2018-03-28T01:41:53.000Z","volume":500,"label":"X","price":36.525},{"type":"A","date":"2018-03-28T01:42:11.000Z","volume":1000,"label":" ","price":36.55},{"type":"U","date":"2018-03-28T01:42:17.000Z","volume":500,"label":"X","price":36.525},{"type":"B","date":"2018-03-28T01:42:42.000Z","volume":18500,"label":" ","price":36.5},{"type":"B","date":"2018-03-28T01:42:42.000Z","volume":2000,"label":" ","price":36.5},{"type":"B","date":"2018-03-28T01:42:43.000Z","volume":500,"label":" ","price":36.5},{"type":"B","date":"2018-03-28T01:42:46.000Z","volume":2500,"label":" ","price":36.5},{"type":"B","date":"2018-03-28T01:42:46.000Z","volume":2000,"label":" ","price":36.5},{"type":"B","date":"2018-03-28T01:42:46.000Z","volume":500,"label":" ","price":36.5},{"type":"B","date":"2018-03-28T01:42:46.000Z","volume":2000,"label":" ","price":36.5},{"type":"B","date":"2018-03-28T01:42:47.000Z","volume":1500,"label":" ","price":36.5},{"type":"B","date":"2018-03-28T01:42:47.000Z","volume":2000,"label":" ","price":36.5},{"type":"B","date":"2018-03-28T01:42:48.000Z","volume":6000,"label":" ","price":36.5},{"type":"B","date":"2018-03-28T01:42:48.000Z","volume":500,"label":" ","price":36.45},{"type":"B","date":"2018-03-28T01:42:52.000Z","volume":1500,"label":" ","price":36.4},{"type":"B","date":"2018-03-28T01:42:59.000Z","volume":1500,"label":" ","price":36.4},{"type":"B","date":"2018-03-28T01:42:59.000Z","volume":2000,"label":" ","price":36.4},{"type":"B","date":"2018-03-28T01:42:59.000Z","volume":500,"label":" ","price":36.4},{"type":"B","date":"2018-03-28T01:42:59.000Z","volume":1000,"label":"Y","price":36.4},{"type":"B","date":"2018-03-28T01:42:59.000Z","volume":1000,"label":" ","price":36.4},{"type":"B","date":"2018-03-28T01:42:59.000Z","volume":1500,"label":" ","price":36.4},{"type":"A","date":"2018-03-28T01:42:59.000Z","volume":500,"label":" ","price":36.4},{"type":"B","date":"2018-03-28T01:43:00.000Z","volume":1000,"label":" ","price":36.35},{"type":"B","date":"2018-03-28T01:43:01.000Z","volume":1000,"label":" ","price":36.3},{"type":"U","date":"2018-03-28T01:43:36.000Z","volume":500,"label":"X","price":36.35},{"type":"U","date":"2018-03-28T01:43:39.000Z","volume":500,"label":"X","price":36.35},{"type":"A","date":"2018-03-28T01:44:33.000Z","volume":500,"label":" ","price":36.35},{"type":"B","date":"2018-03-28T01:44:36.000Z","volume":4500,"label":" ","price":36.3},{"type":"B","date":"2018-03-28T01:44:36.000Z","volume":1000,"label":" ","price":36.3},{"type":"A","date":"2018-03-28T01:44:38.000Z","volume":500,"label":" ","price":36.35},{"type":"B","date":"2018-03-28T01:44:44.000Z","volume":500,"label":" ","price":36.3},{"type":"B","date":"2018-03-28T01:45:15.000Z","volume":500,"label":" ","price":36.3},{"type":"A","date":"2018-03-28T01:45:15.000Z","volume":500,"label":" ","price":36.35},{"type":"B","date":"2018-03-28T01:45:15.000Z","volume":500,"label":" ","price":36.3},{"type":"B","date":"2018-03-28T01:45:29.000Z","volume":500,"label":" ","price":36.3},{"type":"B","date":"2018-03-28T01:45:31.000Z","volume":1000,"label":" ","price":36.3},{"type":"U","date":"2018-03-28T01:45:31.000Z","volume":500,"label":"X","price":36.3},{"type":"B","date":"2018-03-28T01:45:38.000Z","volume":1500,"label":" ","price":36.3},{"type":"B","date":"2018-03-28T01:45:39.000Z","volume":500,"label":" ","price":36.25},{"type":"B","date":"2018-03-28T01:45:40.000Z","volume":1000,"label":" ","price":36.25},{"type":"A","date":"2018-03-28T01:45:48.000Z","volume":500,"label":" ","price":36.25},{"type":"A","date":"2018-03-28T01:45:49.000Z","volume":1000,"label":" ","price":36.25},{"type":"A","date":"2018-03-28T01:45:51.000Z","volume":7500,"label":" ","price":36.25},{"type":"A","date":"2018-03-28T01:46:19.000Z","volume":2000,"label":" ","price":36.25},{"type":"A","date":"2018-03-28T01:46:41.000Z","volume":3000,"label":" ","price":36.25},{"type":"A","date":"2018-03-28T01:46:41.000Z","volume":2500,"label":"Y","price":36.25},{"type":"A","date":"2018-03-28T01:46:41.000Z","volume":3500,"label":" ","price":36.25},{"type":"A","date":"2018-03-28T01:46:41.000Z","volume":1000,"label":" ","price":36.3},{"type":"A","date":"2018-03-28T01:46:41.000Z","volume":1000,"label":" ","price":36.35},{"type":"B","date":"2018-03-28T01:46:41.000Z","volume":500,"label":" ","price":36.4},{"type":"B","date":"2018-03-28T01:47:21.000Z","volume":500,"label":" ","price":36.4},{"type":"U","date":"2018-03-28T01:47:59.000Z","volume":500,"label":"X","price":36.45},{"type":"B","date":"2018-03-28T01:48:11.000Z","volume":500,"label":" ","price":36.4},{"type":"A","date":"2018-03-28T01:48:49.000Z","volume":1000,"label":" ","price":36.5},{"type":"U","date":"2018-03-28T01:49:22.000Z","volume":500,"label":"X","price":36.45},{"type":"A","date":"2018-03-28T01:49:33.000Z","volume":500,"label":" ","price":36.5},{"type":"A","date":"2018-03-28T01:49:33.000Z","volume":500,"label":" ","price":36.5},{"type":"U","date":"2018-03-28T01:49:36.000Z","volume":500,"label":"X","price":36.45},{"type":"A","date":"2018-03-28T01:50:18.000Z","volume":1000,"label":" ","price":36.45},{"type":"A","date":"2018-03-28T01:50:18.000Z","volume":500,"label":" ","price":36.45},{"type":"A","date":"2018-03-28T01:50:24.000Z","volume":2000,"label":" ","price":36.45},{"type":"B","date":"2018-03-28T01:51:01.000Z","volume":500,"label":"Y","price":36.4},{"type":"B","date":"2018-03-28T01:51:01.000Z","volume":500,"label":" ","price":36.4},{"type":"A","date":"2018-03-28T01:51:22.000Z","volume":3000,"label":" ","price":36.45},{"type":"A","date":"2018-03-28T01:51:33.000Z","volume":1000,"label":" ","price":36.45},{"type":"A","date":"2018-03-28T01:51:33.000Z","volume":500,"label":" ","price":36.45},{"type":"U","date":"2018-03-28T01:51:55.000Z","volume":500,"label":"X","price":36.425},{"type":"U","date":"2018-03-28T01:52:09.000Z","volume":500,"label":"X","price":36.425},{"type":"U","date":"2018-03-28T01:52:11.000Z","volume":500,"label":"X","price":36.425},{"type":"A","date":"2018-03-28T01:52:18.000Z","volume":500,"label":" ","price":36.45},{"type":"A","date":"2018-03-28T01:52:18.000Z","volume":1000,"label":" ","price":36.45},{"type":"A","date":"2018-03-28T01:53:03.000Z","volume":1000,"label":" ","price":36.45},{"type":"A","date":"2018-03-28T01:53:03.000Z","volume":500,"label":" ","price":36.45},{"type":"B","date":"2018-03-28T01:53:06.000Z","volume":1000,"label":"Y","price":36.4},{"type":"B","date":"2018-03-28T01:53:06.000Z","volume":1000,"label":" ","price":36.4},{"type":"A","date":"2018-03-28T01:53:20.000Z","volume":500,"label":" ","price":36.45},{"type":"B","date":"2018-03-28T01:53:40.000Z","volume":2000,"label":" ","price":36.4},{"type":"B","date":"2018-03-28T01:53:40.000Z","volume":2500,"label":" ","price":36.4},{"type":"B","date":"2018-03-28T01:53:40.000Z","volume":500,"label":"Y","price":36.4},{"type":"B","date":"2018-03-28T01:53:40.000Z","volume":3000,"label":" ","price":36.4},{"type":"B","date":"2018-03-28T01:53:40.000Z","volume":8000,"label":" ","price":36.4},{"type":"B","date":"2018-03-28T01:53:40.000Z","volume":500,"label":" ","price":36.4},{"type":"B","date":"2018-03-28T01:53:47.000Z","volume":500,"label":" ","price":36.3},{"type":"B","date":"2018-03-28T01:54:41.000Z","volume":500,"label":" ","price":36.3},{"type":"B","date":"2018-03-28T01:55:45.000Z","volume":500,"label":" ","price":36.3},{"type":"B","date":"2018-03-28T01:55:57.000Z","volume":500,"label":" ","price":36.3},{"type":"B","date":"2018-03-28T01:56:17.000Z","volume":2500,"label":" ","price":36.3},{"type":"A","date":"2018-03-28T01:56:18.000Z","volume":500,"label":" ","price":36.35},{"type":"A","date":"2018-03-28T01:56:18.000Z","volume":1000,"label":" ","price":36.35},{"type":"A","date":"2018-03-28T01:56:18.000Z","volume":1000,"label":" ","price":36.35},{"type":"A","date":"2018-03-28T01:56:18.000Z","volume":1000,"label":" ","price":36.35},{"type":"B","date":"2018-03-28T01:56:18.000Z","volume":1500,"label":"Y","price":36.3},{"type":"B","date":"2018-03-28T01:56:18.000Z","volume":2500,"label":" ","price":36.3},{"type":"B","date":"2018-03-28T01:56:19.000Z","volume":3500,"label":" ","price":36.3},{"type":"B","date":"2018-03-28T01:56:20.000Z","volume":1000,"label":" ","price":36.3},{"type":"B","date":"2018-03-28T01:56:20.000Z","volume":1000,"label":" ","price":36.3},{"type":"B","date":"2018-03-28T01:56:21.000Z","volume":2000,"label":" ","price":36.3},{"type":"B","date":"2018-03-28T01:56:21.000Z","volume":500,"label":" ","price":36.3},{"type":"B","date":"2018-03-28T01:56:22.000Z","volume":500,"label":" ","price":36.3},{"type":"B","date":"2018-03-28T01:56:22.000Z","volume":500,"label":" ","price":36.3},{"type":"A","date":"2018-03-28T01:56:22.000Z","volume":500,"label":"Y","price":36.3},{"type":"A","date":"2018-03-28T01:56:27.000Z","volume":1000,"label":" ","price":36.3},{"type":"B","date":"2018-03-28T01:56:28.000Z","volume":500,"label":" ","price":36.25},{"type":"B","date":"2018-03-28T01:56:32.000Z","volume":500,"label":" ","price":36.25},{"type":"U","date":"2018-03-28T01:57:57.000Z","volume":500,"label":"X","price":36.275},{"type":"A","date":"2018-03-28T01:57:59.000Z","volume":4500,"label":" ","price":36.3},{"type":"A","date":"2018-03-28T01:57:59.000Z","volume":13000,"label":" ","price":36.3},{"type":"A","date":"2018-03-28T01:57:59.000Z","volume":2000,"label":" ","price":36.35},{"type":"A","date":"2018-03-28T01:57:59.000Z","volume":500,"label":" ","price":36.35},{"type":"B","date":"2018-03-28T01:58:00.000Z","volume":500,"label":" ","price":36.35},{"type":"B","date":"2018-03-28T01:58:40.000Z","volume":2500,"label":" ","price":36.4},{"type":"B","date":"2018-03-28T01:58:55.000Z","volume":1000,"label":" ","price":36.35},{"type":"A","date":"2018-03-28T02:00:48.000Z","volume":1000,"label":" ","price":36.4},{"type":"A","date":"2018-03-28T02:00:48.000Z","volume":1000,"label":" ","price":36.4},{"type":"B","date":"2018-03-28T02:01:05.000Z","volume":2000,"label":" ","price":36.35},{"type":"B","date":"2018-03-28T02:01:12.000Z","volume":7500,"label":" ","price":36.35},{"type":"B","date":"2018-03-28T02:01:14.000Z","volume":6000,"label":" ","price":36.3},{"type":"U","date":"2018-03-28T02:01:15.000Z","volume":1000,"label":" ","price":36.3},{"type":"A","date":"2018-03-28T02:01:25.000Z","volume":1000,"label":" ","price":36.3},{"type":"U","date":"2018-03-28T02:01:55.000Z","volume":500,"label":"X","price":36.275},{"type":"U","date":"2018-03-28T02:01:55.000Z","volume":1000,"label":"X","price":36.25},{"type":"B","date":"2018-03-28T02:01:55.000Z","volume":1500,"label":" ","price":36.25},{"type":"B","date":"2018-03-28T02:01:55.000Z","volume":15500,"label":" ","price":36.25},{"type":"A","date":"2018-03-28T02:01:56.000Z","volume":500,"label":" ","price":36.25},{"type":"B","date":"2018-03-28T02:01:58.000Z","volume":1500,"label":" ","price":36.2},{"type":"B","date":"2018-03-28T02:02:01.000Z","volume":500,"label":" ","price":36.2},{"type":"A","date":"2018-03-28T02:02:04.000Z","volume":27500,"label":" ","price":36.25},{"type":"B","date":"2018-03-28T02:02:04.000Z","volume":1000,"label":" ","price":36.25},{"type":"B","date":"2018-03-28T02:02:04.000Z","volume":1000,"label":" ","price":36.25},{"type":"B","date":"2018-03-28T02:02:04.000Z","volume":500,"label":" ","price":36.25},{"type":"B","date":"2018-03-28T02:02:04.000Z","volume":500,"label":" ","price":36.25},{"type":"A","date":"2018-03-28T02:02:04.000Z","volume":500,"label":" ","price":36.25},{"type":"A","date":"2018-03-28T02:02:06.000Z","volume":500,"label":" ","price":36.25},{"type":"A","date":"2018-03-28T02:02:10.000Z","volume":12500,"label":" ","price":36.25},{"type":"B","date":"2018-03-28T02:02:10.000Z","volume":500,"label":" ","price":36.25},{"type":"A","date":"2018-03-28T02:02:11.000Z","volume":500,"label":" ","price":36.3},{"type":"A","date":"2018-03-28T02:02:18.000Z","volume":7000,"label":" ","price":36.3},{"type":"A","date":"2018-03-28T02:02:18.000Z","volume":500,"label":" ","price":36.3},{"type":"B","date":"2018-03-28T02:02:34.000Z","volume":500,"label":" ","price":36.3},{"type":"A","date":"2018-03-28T02:02:53.000Z","volume":2000,"label":" ","price":36.35},{"type":"A","date":"2018-03-28T02:02:53.000Z","volume":500,"label":" ","price":36.4},{"type":"A","date":"2018-03-28T02:02:53.000Z","volume":500,"label":" ","price":36.4},{"type":"A","date":"2018-03-28T02:03:25.000Z","volume":500,"label":" ","price":36.45},{"type":"B","date":"2018-03-28T02:03:36.000Z","volume":2500,"label":" ","price":36.35},{"type":"U","date":"2018-03-28T02:03:42.000Z","volume":500,"label":"X","price":36.4},{"type":"B","date":"2018-03-28T02:03:52.000Z","volume":500,"label":" ","price":36.4},{"type":"A","date":"2018-03-28T02:04:03.000Z","volume":1000,"label":" ","price":36.45},{"type":"A","date":"2018-03-28T02:04:03.000Z","volume":1000,"label":" ","price":36.45},{"type":"A","date":"2018-03-28T02:04:03.000Z","volume":500,"label":" ","price":36.45},{"type":"A","date":"2018-03-28T02:04:17.000Z","volume":1000,"label":" ","price":36.45},{"type":"A","date":"2018-03-28T02:04:17.000Z","volume":500,"label":" ","price":36.45},{"type":"B","date":"2018-03-28T02:04:25.000Z","volume":500,"label":" ","price":36.4},{"type":"U","date":"2018-03-28T02:04:27.000Z","volume":500,"label":" ","price":36.45},{"type":"B","date":"2018-03-28T02:06:08.000Z","volume":1000,"label":" ","price":36.4},{"type":"U","date":"2018-03-28T02:06:08.000Z","volume":1500,"label":" ","price":36.45},{"type":"U","date":"2018-03-28T02:06:08.000Z","volume":1000,"label":" ","price":36.45},{"type":"B","date":"2018-03-28T02:06:08.000Z","volume":500,"label":" ","price":36.45},{"type":"B","date":"2018-03-28T02:06:08.000Z","volume":8500,"label":" ","price":36.4},{"type":"B","date":"2018-03-28T02:06:08.000Z","volume":2000,"label":" ","price":36.4},{"type":"B","date":"2018-03-28T02:06:08.000Z","volume":500,"label":" ","price":36.4},{"type":"B","date":"2018-03-28T02:06:08.000Z","volume":1000,"label":" ","price":36.35},{"type":"B","date":"2018-03-28T02:06:08.000Z","volume":2500,"label":" ","price":36.3},{"type":"B","date":"2018-03-28T02:06:09.000Z","volume":500,"label":" ","price":36.4},{"type":"B","date":"2018-03-28T02:06:09.000Z","volume":1500,"label":" ","price":36.4},{"type":"B","date":"2018-03-28T02:06:30.000Z","volume":500,"label":" ","price":36.35},{"type":"B","date":"2018-03-28T02:06:32.000Z","volume":500,"label":" ","price":36.35},{"type":"B","date":"2018-03-28T02:06:35.000Z","volume":500,"label":" ","price":36.35},{"type":"B","date":"2018-03-28T02:07:03.000Z","volume":1000,"label":" ","price":36.35},{"type":"U","date":"2018-03-28T02:07:08.000Z","volume":1000,"label":"X","price":36.3},{"type":"B","date":"2018-03-28T02:07:08.000Z","volume":1000,"label":" ","price":36.3},{"type":"B","date":"2018-03-28T02:07:08.000Z","volume":4500,"label":" ","price":36.3},{"type":"U","date":"2018-03-28T02:07:49.000Z","volume":500,"label":"X","price":36.275},{"type":"U","date":"2018-03-28T02:07:49.000Z","volume":500,"label":"X","price":36.275},{"type":"U","date":"2018-03-28T02:08:18.000Z","volume":500,"label":"X","price":36.275},{"type":"A","date":"2018-03-28T02:08:49.000Z","volume":11500,"label":" ","price":36.3},{"type":"B","date":"2018-03-28T02:08:49.000Z","volume":500,"label":" ","price":36.3},{"type":"B","date":"2018-03-28T02:08:49.000Z","volume":1000,"label":" ","price":36.3},{"type":"A","date":"2018-03-28T02:08:49.000Z","volume":1500,"label":" ","price":36.35},{"type":"A","date":"2018-03-28T02:08:54.000Z","volume":1000,"label":" ","price":36.4},{"type":"A","date":"2018-03-28T02:09:03.000Z","volume":500,"label":" ","price":36.45},{"type":"B","date":"2018-03-28T02:09:03.000Z","volume":500,"label":" ","price":36.45},{"type":"A","date":"2018-03-28T02:09:03.000Z","volume":1000,"label":" ","price":36.5},{"type":"U","date":"2018-03-28T02:09:50.000Z","volume":500,"label":"X","price":36.375},{"type":"B","date":"2018-03-28T02:09:59.000Z","volume":500,"label":" ","price":36.25},{"type":"A","date":"2018-03-28T02:12:03.000Z","volume":500,"label":" ","price":36.45},{"type":"A","date":"2018-03-28T02:12:03.000Z","volume":1000,"label":" ","price":36.45},{"type":"A","date":"2018-03-28T02:12:24.000Z","volume":7500,"label":" ","price":36.4},{"type":"A","date":"2018-03-28T02:12:27.000Z","volume":1500,"label":" ","price":36.4},{"type":"A","date":"2018-03-28T02:12:29.000Z","volume":1000,"label":" ","price":36.4},{"type":"A","date":"2018-03-28T02:12:36.000Z","volume":1000,"label":" ","price":36.4},{"type":"A","date":"2018-03-28T02:12:40.000Z","volume":500,"label":" ","price":36.4},{"type":"A","date":"2018-03-28T02:12:43.000Z","volume":500,"label":" ","price":36.4},{"type":"A","date":"2018-03-28T02:12:45.000Z","volume":500,"label":" ","price":36.4},{"type":"A","date":"2018-03-28T02:12:47.000Z","volume":500,"label":" ","price":36.4},{"type":"A","date":"2018-03-28T02:12:50.000Z","volume":1000,"label":" ","price":36.4},{"type":"A","date":"2018-03-28T02:12:50.000Z","volume":500,"label":" ","price":36.4},{"type":"B","date":"2018-03-28T02:12:55.000Z","volume":500,"label":" ","price":36.3},{"type":"A","date":"2018-03-28T02:12:55.000Z","volume":500,"label":" ","price":36.4},{"type":"A","date":"2018-03-28T02:12:59.000Z","volume":500,"label":" ","price":36.4},{"type":"A","date":"2018-03-28T02:13:00.000Z","volume":500,"label":" ","price":36.4},{"type":"A","date":"2018-03-28T02:13:08.000Z","volume":8000,"label":" ","price":36.45},{"type":"A","date":"2018-03-28T02:13:08.000Z","volume":500,"label":" ","price":36.45},{"type":"A","date":"2018-03-28T02:13:10.000Z","volume":1000,"label":" ","price":36.4},{"type":"A","date":"2018-03-28T02:14:03.000Z","volume":1000,"label":" ","price":36.5},{"type":"A","date":"2018-03-28T02:14:26.000Z","volume":7500,"label":" ","price":36.45},{"type":"A","date":"2018-03-28T02:15:03.000Z","volume":500,"label":" ","price":36.5},{"type":"A","date":"2018-03-28T02:15:03.000Z","volume":500,"label":" ","price":36.5},{"type":"A","date":"2018-03-28T02:15:11.000Z","volume":4500,"label":" ","price":36.45},{"type":"A","date":"2018-03-28T02:15:14.000Z","volume":500,"label":" ","price":36.45},{"type":"A","date":"2018-03-28T02:15:17.000Z","volume":500,"label":" ","price":36.45},{"type":"A","date":"2018-03-28T02:15:18.000Z","volume":500,"label":" ","price":36.45},{"type":"A","date":"2018-03-28T02:15:18.000Z","volume":500,"label":" ","price":36.45},{"type":"B","date":"2018-03-28T02:15:18.000Z","volume":500,"label":" ","price":36.45},{"type":"B","date":"2018-03-28T02:15:18.000Z","volume":500,"label":" ","price":36.45},{"type":"B","date":"2018-03-28T02:15:18.000Z","volume":500,"label":" ","price":36.45},{"type":"B","date":"2018-03-28T02:15:18.000Z","volume":1000,"label":" ","price":36.45},{"type":"B","date":"2018-03-28T02:15:18.000Z","volume":500,"label":"Y","price":36.45},{"type":"B","date":"2018-03-28T02:15:18.000Z","volume":1000,"label":" ","price":36.45},{"type":"B","date":"2018-03-28T02:15:18.000Z","volume":500,"label":" ","price":36.45},{"type":"A","date":"2018-03-28T02:15:18.000Z","volume":500,"label":" ","price":36.5},{"type":"B","date":"2018-03-28T02:15:19.000Z","volume":1500,"label":" ","price":36.45},{"type":"A","date":"2018-03-28T02:15:24.000Z","volume":4000,"label":" ","price":36.45},{"type":"A","date":"2018-03-28T02:15:39.000Z","volume":3500,"label":" ","price":36.45},{"type":"A","date":"2018-03-28T02:15:42.000Z","volume":1000,"label":" ","price":36.45},{"type":"A","date":"2018-03-28T02:15:44.000Z","volume":500,"label":" ","price":36.45},{"type":"B","date":"2018-03-28T02:15:49.000Z","volume":1000,"label":" ","price":36.3},{"type":"U","date":"2018-03-28T02:16:02.000Z","volume":500,"label":"X","price":36.4},{"type":"A","date":"2018-03-28T02:16:05.000Z","volume":1000,"label":" ","price":36.5},{"type":"A","date":"2018-03-28T02:16:28.000Z","volume":5000,"label":" ","price":36.45},{"type":"A","date":"2018-03-28T02:16:33.000Z","volume":500,"label":" ","price":36.45},{"type":"A","date":"2018-03-28T02:16:33.000Z","volume":500,"label":" ","price":36.45},{"type":"A","date":"2018-03-28T02:16:34.000Z","volume":500,"label":" ","price":36.45},{"type":"A","date":"2018-03-28T02:16:39.000Z","volume":3000,"label":" ","price":36.45},{"type":"A","date":"2018-03-28T02:17:00.000Z","volume":500,"label":" ","price":36.5},{"type":"U","date":"2018-03-28T02:17:07.000Z","volume":500,"label":"X","price":36.4},{"type":"A","date":"2018-03-28T02:17:47.000Z","volume":7000,"label":" ","price":36.4},{"type":"A","date":"2018-03-28T02:17:49.000Z","volume":2000,"label":" ","price":36.4},{"type":"A","date":"2018-03-28T02:17:51.000Z","volume":1000,"label":" ","price":36.4},{"type":"A","date":"2018-03-28T02:17:56.000Z","volume":1000,"label":" ","price":36.4},{"type":"A","date":"2018-03-28T02:17:58.000Z","volume":1000,"label":" ","price":36.4},{"type":"A","date":"2018-03-28T02:18:03.000Z","volume":2000,"label":" ","price":36.4},{"type":"A","date":"2018-03-28T02:18:07.000Z","volume":1000,"label":" ","price":36.4},{"type":"A","date":"2018-03-28T02:18:10.000Z","volume":3000,"label":" ","price":36.4},{"type":"A","date":"2018-03-28T02:18:13.000Z","volume":4000,"label":" ","price":36.45},{"type":"B","date":"2018-03-28T02:18:22.000Z","volume":500,"label":" ","price":36.3},{"type":"B","date":"2018-03-28T02:19:03.000Z","volume":2000,"label":" ","price":36.35},{"type":"A","date":"2018-03-28T02:19:25.000Z","volume":500,"label":" ","price":36.5},{"type":"B","date":"2018-03-28T02:19:31.000Z","volume":1500,"label":" ","price":36.35},{"type":"U","date":"2018-03-28T02:20:01.000Z","volume":500,"label":"X","price":36.425},{"type":"A","date":"2018-03-28T02:20:18.000Z","volume":1000,"label":" ","price":36.5},{"type":"A","date":"2018-03-28T02:20:34.000Z","volume":4000,"label":" ","price":36.4},{"type":"A","date":"2018-03-28T02:20:39.000Z","volume":9000,"label":" ","price":36.4},{"type":"A","date":"2018-03-28T02:20:42.000Z","volume":2000,"label":" ","price":36.4},{"type":"A","date":"2018-03-28T02:20:44.000Z","volume":3000,"label":" ","price":36.4},{"type":"A","date":"2018-03-28T02:20:46.000Z","volume":1000,"label":" ","price":36.4},{"type":"A","date":"2018-03-28T02:20:46.000Z","volume":500,"label":" ","price":36.4},{"type":"A","date":"2018-03-28T02:21:18.000Z","volume":1000,"label":" ","price":36.5},{"type":"A","date":"2018-03-28T02:22:18.000Z","volume":1000,"label":" ","price":36.5},{"type":"A","date":"2018-03-28T02:22:18.000Z","volume":500,"label":" ","price":36.45},{"type":"B","date":"2018-03-28T02:22:23.000Z","volume":500,"label":" ","price":36.4},{"type":"B","date":"2018-03-28T02:22:27.000Z","volume":3000,"label":" ","price":36.4},{"type":"B","date":"2018-03-28T02:22:27.000Z","volume":1000,"label":" ","price":36.4},{"type":"A","date":"2018-03-28T02:22:34.000Z","volume":6000,"label":" ","price":36.4},{"type":"A","date":"2018-03-28T02:22:36.000Z","volume":3000,"label":" ","price":36.45},{"type":"A","date":"2018-03-28T02:22:38.000Z","volume":500,"label":" ","price":36.45},{"type":"A","date":"2018-03-28T02:23:02.000Z","volume":500,"label":" ","price":36.5},{"type":"A","date":"2018-03-28T02:23:03.000Z","volume":1000,"label":" ","price":36.5},{"type":"A","date":"2018-03-28T02:23:39.000Z","volume":4500,"label":" ","price":36.4},{"type":"A","date":"2018-03-28T02:23:48.000Z","volume":1000,"label":" ","price":36.5},{"type":"B","date":"2018-03-28T02:23:54.000Z","volume":500,"label":" ","price":36.35},{"type":"B","date":"2018-03-28T02:24:26.000Z","volume":500,"label":" ","price":36.4},{"type":"A","date":"2018-03-28T02:24:33.000Z","volume":500,"label":" ","price":36.45},{"type":"A","date":"2018-03-28T02:24:33.000Z","volume":1000,"label":" ","price":36.45},{"type":"A","date":"2018-03-28T02:24:39.000Z","volume":12000,"label":" ","price":36.45},{"type":"A","date":"2018-03-28T02:24:40.000Z","volume":500,"label":" ","price":36.45},{"type":"A","date":"2018-03-28T02:24:40.000Z","volume":1000,"label":" ","price":36.45},{"type":"A","date":"2018-03-28T02:24:53.000Z","volume":1500,"label":" ","price":36.45},{"type":"A","date":"2018-03-28T02:25:03.000Z","volume":500,"label":" ","price":36.45},{"type":"B","date":"2018-03-28T02:25:03.000Z","volume":500,"label":" ","price":36.45},{"type":"B","date":"2018-03-28T02:25:28.000Z","volume":4500,"label":" ","price":36.45},{"type":"A","date":"2018-03-28T02:25:36.000Z","volume":500,"label":" ","price":36.5},{"type":"B","date":"2018-03-28T02:25:51.000Z","volume":500,"label":" ","price":36.4},{"type":"A","date":"2018-03-28T02:26:07.000Z","volume":8000,"label":" ","price":36.45},{"type":"A","date":"2018-03-28T02:26:16.000Z","volume":500,"label":" ","price":36.5},{"type":"B","date":"2018-03-28T02:26:38.000Z","volume":500,"label":" ","price":36.4},{"type":"U","date":"2018-03-28T02:26:46.000Z","volume":500,"label":"X","price":36.45},{"type":"A","date":"2018-03-28T02:27:11.000Z","volume":1500,"label":" ","price":36.5},{"type":"B","date":"2018-03-28T02:27:14.000Z","volume":500,"label":" ","price":36.45},{"type":"U","date":"2018-03-28T02:27:22.000Z","volume":500,"label":"X","price":36.45},{"type":"A","date":"2018-03-28T02:27:28.000Z","volume":4500,"label":" ","price":36.45},{"type":"B","date":"2018-03-28T02:27:28.000Z","volume":500,"label":" ","price":36.45},{"type":"B","date":"2018-03-28T02:27:55.000Z","volume":3000,"label":" ","price":36.45},{"type":"B","date":"2018-03-28T02:28:09.000Z","volume":500,"label":" ","price":36.4},{"type":"A","date":"2018-03-28T02:28:13.000Z","volume":6000,"label":" ","price":36.45},{"type":"A","date":"2018-03-28T02:28:53.000Z","volume":1000,"label":" ","price":36.5},{"type":"B","date":"2018-03-28T02:29:14.000Z","volume":500,"label":" ","price":36.4},{"type":"A","date":"2018-03-28T02:29:18.000Z","volume":1000,"label":" ","price":36.5},{"type":"A","date":"2018-03-28T02:29:18.000Z","volume":500,"label":" ","price":36.5},{"type":"A","date":"2018-03-28T02:29:22.000Z","volume":4000,"label":" ","price":36.45},{"type":"A","date":"2018-03-28T02:29:22.000Z","volume":500,"label":" ","price":36.45},{"type":"A","date":"2018-03-28T02:29:26.000Z","volume":1000,"label":" ","price":36.45},{"type":"A","date":"2018-03-28T02:29:33.000Z","volume":500,"label":" ","price":36.45},{"type":"B","date":"2018-03-28T02:29:33.000Z","volume":500,"label":" ","price":36.45},{"type":"B","date":"2018-03-28T02:29:39.000Z","volume":3000,"label":"Y","price":36.4},{"type":"U","date":"2018-03-28T02:29:53.000Z","volume":500,"label":"X","price":36.45},{"type":"A","date":"2018-03-28T02:30:48.000Z","volume":500,"label":" ","price":36.5},{"type":"A","date":"2018-03-28T02:30:48.000Z","volume":500,"label":" ","price":36.5},{"type":"U","date":"2018-03-28T02:30:48.000Z","volume":500,"label":" ","price":36.45},{"type":"B","date":"2018-03-28T02:30:48.000Z","volume":500,"label":" ","price":36.45},{"type":"B","date":"2018-03-28T02:30:50.000Z","volume":2000,"label":" ","price":36.45},{"type":"U","date":"2018-03-28T02:31:21.000Z","volume":500,"label":" ","price":36.45},{"type":"U","date":"2018-03-28T02:31:29.000Z","volume":500,"label":"X","price":36.45},{"type":"B","date":"2018-03-28T02:31:37.000Z","volume":1500,"label":"Y","price":36.4},{"type":"B","date":"2018-03-28T02:31:37.000Z","volume":1500,"label":" ","price":36.4},{"type":"A","date":"2018-03-28T02:31:56.000Z","volume":500,"label":" ","price":36.5},{"type":"A","date":"2018-03-28T02:32:17.000Z","volume":11000,"label":" ","price":36.45},{"type":"A","date":"2018-03-28T02:32:17.000Z","volume":500,"label":" ","price":36.45},{"type":"A","date":"2018-03-28T02:32:18.000Z","volume":500,"label":" ","price":36.45},{"type":"A","date":"2018-03-28T02:32:18.000Z","volume":500,"label":" ","price":36.45},{"type":"B","date":"2018-03-28T02:32:18.000Z","volume":500,"label":" ","price":36.45},{"type":"U","date":"2018-03-28T02:32:51.000Z","volume":500,"label":"X","price":36.45},{"type":"B","date":"2018-03-28T02:33:45.000Z","volume":500,"label":" ","price":36.45},{"type":"B","date":"2018-03-28T02:33:45.000Z","volume":500,"label":" ","price":36.45},{"type":"A","date":"2018-03-28T02:33:48.000Z","volume":500,"label":" ","price":36.45},{"type":"A","date":"2018-03-28T02:33:48.000Z","volume":500,"label":" ","price":36.45},{"type":"B","date":"2018-03-28T02:33:49.000Z","volume":500,"label":" ","price":36.45},{"type":"B","date":"2018-03-28T02:34:35.000Z","volume":2500,"label":" ","price":36.45},{"type":"A","date":"2018-03-28T02:34:56.000Z","volume":2500,"label":" ","price":36.4},{"type":"A","date":"2018-03-28T02:34:56.000Z","volume":5500,"label":" ","price":36.45},{"type":"B","date":"2018-03-28T02:34:56.000Z","volume":1000,"label":" ","price":36.45},{"type":"B","date":"2018-03-28T02:34:56.000Z","volume":500,"label":" ","price":36.4},{"type":"B","date":"2018-03-28T02:34:57.000Z","volume":500,"label":" ","price":36.45},{"type":"B","date":"2018-03-28T02:34:57.000Z","volume":500,"label":" ","price":36.45},{"type":"A","date":"2018-03-28T02:34:57.000Z","volume":500,"label":" ","price":36.4},{"type":"A","date":"2018-03-28T02:34:57.000Z","volume":500,"label":"Y","price":36.45},{"type":"U","date":"2018-03-28T02:35:24.000Z","volume":500,"label":"X","price":36.425},{"type":"U","date":"2018-03-28T02:36:09.000Z","volume":500,"label":"X","price":36.425},{"type":"B","date":"2018-03-28T02:36:42.000Z","volume":500,"label":" ","price":36.4},{"type":"A","date":"2018-03-28T02:36:45.000Z","volume":6500,"label":" ","price":36.45},{"type":"A","date":"2018-03-28T02:36:45.000Z","volume":500,"label":" ","price":36.45},{"type":"A","date":"2018-03-28T02:37:04.000Z","volume":1000,"label":" ","price":36.5},{"type":"B","date":"2018-03-28T02:37:25.000Z","volume":500,"label":" ","price":36.45},{"type":"B","date":"2018-03-28T02:37:33.000Z","volume":1500,"label":" ","price":36.45},{"type":"B","date":"2018-03-28T02:37:33.000Z","volume":500,"label":" ","price":36.45},{"type":"B","date":"2018-03-28T02:37:35.000Z","volume":1000,"label":" ","price":36.45},{"type":"B","date":"2018-03-28T02:38:44.000Z","volume":500,"label":" ","price":36.45},{"type":"B","date":"2018-03-28T02:38:55.000Z","volume":1500,"label":" ","price":36.45},{"type":"B","date":"2018-03-28T02:38:58.000Z","volume":500,"label":"Y","price":36.45},{"type":"B","date":"2018-03-28T02:39:46.000Z","volume":500,"label":" ","price":36.45},{"type":"B","date":"2018-03-28T02:39:46.000Z","volume":500,"label":" ","price":36.45},{"type":"B","date":"2018-03-28T02:40:00.000Z","volume":500,"label":"Y","price":36.45},{"type":"B","date":"2018-03-28T02:40:00.000Z","volume":1000,"label":" ","price":36.45},{"type":"B","date":"2018-03-28T02:40:01.000Z","volume":500,"label":" ","price":36.45},{"type":"B","date":"2018-03-28T02:40:01.000Z","volume":500,"label":" ","price":36.45},{"type":"B","date":"2018-03-28T02:40:35.000Z","volume":1000,"label":" ","price":36.4},{"type":"U","date":"2018-03-28T02:40:46.000Z","volume":500,"label":"X","price":36.425},{"type":"U","date":"2018-03-28T02:40:46.000Z","volume":500,"label":"X","price":36.425},{"type":"B","date":"2018-03-28T02:41:50.000Z","volume":500,"label":" ","price":36.35},{"type":"B","date":"2018-03-28T02:41:52.000Z","volume":500,"label":" ","price":36.35},{"type":"B","date":"2018-03-28T02:42:45.000Z","volume":1500,"label":" ","price":36.35},{"type":"U","date":"2018-03-28T02:42:51.000Z","volume":500,"label":"X","price":36.4},{"type":"B","date":"2018-03-28T02:42:59.000Z","volume":1500,"label":" ","price":36.35},{"type":"B","date":"2018-03-28T02:43:04.000Z","volume":500,"label":" ","price":36.4},{"type":"A","date":"2018-03-28T02:43:04.000Z","volume":500,"label":" ","price":36.4},{"type":"A","date":"2018-03-28T02:44:03.000Z","volume":500,"label":" ","price":36.4},{"type":"A","date":"2018-03-28T02:44:03.000Z","volume":500,"label":" ","price":36.4},{"type":"A","date":"2018-03-28T02:44:14.000Z","volume":11000,"label":" ","price":36.4},{"type":"A","date":"2018-03-28T02:44:14.000Z","volume":500,"label":" ","price":36.4},{"type":"A","date":"2018-03-28T02:44:14.000Z","volume":1500,"label":" ","price":36.4},{"type":"B","date":"2018-03-28T02:44:17.000Z","volume":500,"label":" ","price":36.4},{"type":"A","date":"2018-03-28T02:44:18.000Z","volume":2500,"label":" ","price":36.45},{"type":"U","date":"2018-03-28T02:45:01.000Z","volume":500,"label":" ","price":36.45},{"type":"A","date":"2018-03-28T02:45:18.000Z","volume":500,"label":" ","price":36.5},{"type":"A","date":"2018-03-28T02:45:18.000Z","volume":500,"label":" ","price":36.5},{"type":"B","date":"2018-03-28T02:45:43.000Z","volume":500,"label":" ","price":36.45},{"type":"A","date":"2018-03-28T02:46:18.000Z","volume":500,"label":" ","price":36.5},{"type":"A","date":"2018-03-28T02:46:18.000Z","volume":500,"label":" ","price":36.5},{"type":"A","date":"2018-03-28T02:47:33.000Z","volume":1000,"label":" ","price":36.5},{"type":"A","date":"2018-03-28T02:47:33.000Z","volume":500,"label":" ","price":36.5},{"type":"A","date":"2018-03-28T02:48:02.000Z","volume":3000,"label":" ","price":36.5},{"type":"B","date":"2018-03-28T02:48:02.000Z","volume":500,"label":" ","price":36.45},{"type":"B","date":"2018-03-28T02:48:23.000Z","volume":500,"label":" ","price":36.45},{"type":"B","date":"2018-03-28T02:48:25.000Z","volume":500,"label":" ","price":36.45},{"type":"B","date":"2018-03-28T02:48:36.000Z","volume":1500,"label":" ","price":36.45},{"type":"B","date":"2018-03-28T02:48:40.000Z","volume":500,"label":" ","price":36.45},{"type":"B","date":"2018-03-28T02:48:40.000Z","volume":4500,"label":" ","price":36.45},{"type":"A","date":"2018-03-28T02:48:40.000Z","volume":500,"label":" ","price":36.5},{"type":"B","date":"2018-03-28T02:48:40.000Z","volume":500,"label":" ","price":36.45},{"type":"B","date":"2018-03-28T02:48:40.000Z","volume":500,"label":" ","price":36.45},{"type":"B","date":"2018-03-28T02:48:43.000Z","volume":500,"label":" ","price":36.45},{"type":"B","date":"2018-03-28T02:48:53.000Z","volume":500,"label":" ","price":36.45},{"type":"U","date":"2018-03-28T02:49:21.000Z","volume":500,"label":"X","price":36.475},{"type":"B","date":"2018-03-28T02:49:57.000Z","volume":1500,"label":" ","price":36.45},{"type":"B","date":"2018-03-28T02:50:43.000Z","volume":500,"label":" ","price":36.4},{"type":"B","date":"2018-03-28T02:50:43.000Z","volume":500,"label":" ","price":36.4},{"type":"B","date":"2018-03-28T02:50:56.000Z","volume":12000,"label":" ","price":36.4},{"type":"B","date":"2018-03-28T02:50:59.000Z","volume":500,"label":" ","price":36.4},{"type":"B","date":"2018-03-28T02:50:59.000Z","volume":500,"label":"Y","price":36.4},{"type":"B","date":"2018-03-28T02:50:59.000Z","volume":500,"label":" ","price":36.4},{"type":"B","date":"2018-03-28T02:51:02.000Z","volume":3500,"label":" ","price":36.4},{"type":"U","date":"2018-03-28T02:51:02.000Z","volume":500,"label":"X","price":36.4},{"type":"B","date":"2018-03-28T02:51:06.000Z","volume":500,"label":" ","price":36.4},{"type":"A","date":"2018-03-28T02:51:06.000Z","volume":500,"label":" ","price":36.45},{"type":"U","date":"2018-03-28T02:51:06.000Z","volume":500,"label":"X","price":36.425},{"type":"B","date":"2018-03-28T02:51:14.000Z","volume":1500,"label":" ","price":36.4},{"type":"B","date":"2018-03-28T02:51:15.000Z","volume":1000,"label":" ","price":36.4},{"type":"B","date":"2018-03-28T02:51:16.000Z","volume":1000,"label":" ","price":36.4},{"type":"B","date":"2018-03-28T02:51:16.000Z","volume":1000,"label":" ","price":36.4},{"type":"B","date":"2018-03-28T02:51:17.000Z","volume":500,"label":" ","price":36.4},{"type":"B","date":"2018-03-28T02:51:17.000Z","volume":1000,"label":" ","price":36.4},{"type":"B","date":"2018-03-28T02:51:21.000Z","volume":500,"label":" ","price":36.4},{"type":"B","date":"2018-03-28T02:51:42.000Z","volume":500,"label":" ","price":36.4},{"type":"B","date":"2018-03-28T02:51:44.000Z","volume":500,"label":" ","price":36.4},{"type":"B","date":"2018-03-28T02:51:47.000Z","volume":500,"label":" ","price":36.4},{"type":"U","date":"2018-03-28T02:52:19.000Z","volume":500,"label":"X","price":36.425},{"type":"B","date":"2018-03-28T02:52:36.000Z","volume":8000,"label":" ","price":36.4},{"type":"B","date":"2018-03-28T02:52:36.000Z","volume":2500,"label":" ","price":36.4},{"type":"B","date":"2018-03-28T02:52:37.000Z","volume":500,"label":" ","price":36.4},{"type":"A","date":"2018-03-28T02:52:45.000Z","volume":6000,"label":" ","price":36.4},{"type":"A","date":"2018-03-28T02:52:45.000Z","volume":500,"label":" ","price":36.4},{"type":"B","date":"2018-03-28T02:53:00.000Z","volume":500,"label":" ","price":36.4},{"type":"B","date":"2018-03-28T02:53:07.000Z","volume":1000,"label":" ","price":36.4},{"type":"A","date":"2018-03-28T02:53:21.000Z","volume":9000,"label":" ","price":36.45},{"type":"A","date":"2018-03-28T02:53:21.000Z","volume":1000,"label":" ","price":36.45},{"type":"U","date":"2018-03-28T02:54:00.000Z","volume":500,"label":"X","price":36.45},{"type":"A","date":"2018-03-28T02:54:18.000Z","volume":500,"label":" ","price":36.45},{"type":"A","date":"2018-03-28T02:54:18.000Z","volume":500,"label":" ","price":36.45},{"type":"A","date":"2018-03-28T02:54:19.000Z","volume":500,"label":" ","price":36.45},{"type":"A","date":"2018-03-28T02:54:42.000Z","volume":8000,"label":" ","price":36.45},{"type":"A","date":"2018-03-28T02:54:49.000Z","volume":500,"label":" ","price":36.45},{"type":"U","date":"2018-03-28T02:55:17.000Z","volume":500,"label":"X","price":36.45},{"type":"A","date":"2018-03-28T02:55:48.000Z","volume":1000,"label":" ","price":36.45},{"type":"A","date":"2018-03-28T02:56:00.000Z","volume":500,"label":" ","price":36.45},{"type":"A","date":"2018-03-28T02:56:07.000Z","volume":4000,"label":" ","price":36.45},{"type":"A","date":"2018-03-28T02:56:07.000Z","volume":500,"label":" ","price":36.45},{"type":"B","date":"2018-03-28T02:56:24.000Z","volume":500,"label":" ","price":36.4},{"type":"U","date":"2018-03-28T02:57:05.000Z","volume":500,"label":"X","price":36.45},{"type":"B","date":"2018-03-28T02:57:09.000Z","volume":4000,"label":" ","price":36.4},{"type":"B","date":"2018-03-28T02:57:26.000Z","volume":500,"label":"Y","price":36.4},{"type":"B","date":"2018-03-28T02:57:26.000Z","volume":13500,"label":" ","price":36.4},{"type":"B","date":"2018-03-28T02:57:26.000Z","volume":500,"label":" ","price":36.4},{"type":"B","date":"2018-03-28T02:57:26.000Z","volume":500,"label":" ","price":36.4},{"type":"A","date":"2018-03-28T02:57:29.000Z","volume":5500,"label":" ","price":36.4},{"type":"A","date":"2018-03-28T02:57:29.000Z","volume":500,"label":" ","price":36.45},{"type":"B","date":"2018-03-28T02:57:29.000Z","volume":500,"label":" ","price":36.4},{"type":"A","date":"2018-03-28T02:57:57.000Z","volume":500,"label":" ","price":36.45},{"type":"A","date":"2018-03-28T02:57:58.000Z","volume":500,"label":" ","price":36.45},{"type":"A","date":"2018-03-28T02:57:59.000Z","volume":5000,"label":" ","price":36.45},{"type":"U","date":"2018-03-28T02:58:09.000Z","volume":500,"label":"X","price":36.45},{"type":"B","date":"2018-03-28T02:58:58.000Z","volume":500,"label":" ","price":36.4},{"type":"U","date":"2018-03-28T02:59:06.000Z","volume":500,"label":" ","price":36.45},{"type":"B","date":"2018-03-28T02:59:06.000Z","volume":5500,"label":" ","price":36.4},{"type":"B","date":"2018-03-28T02:59:36.000Z","volume":1000,"label":" ","price":36.4},{"type":"U","date":"2018-03-28T02:59:53.000Z","volume":500,"label":"X","price":36.45},{"type":"B","date":"2018-03-28T03:00:04.000Z","volume":6500,"label":" ","price":36.4},{"type":"U","date":"2018-03-28T03:00:37.000Z","volume":500,"label":" ","price":36.45},{"type":"U","date":"2018-03-28T03:00:37.000Z","volume":500,"label":" ","price":36.45},{"type":"A","date":"2018-03-28T03:00:38.000Z","volume":500,"label":" ","price":36.45},{"type":"B","date":"2018-03-28T03:00:38.000Z","volume":1000,"label":" ","price":36.4},{"type":"B","date":"2018-03-28T03:00:43.000Z","volume":500,"label":" ","price":36.4},{"type":"B","date":"2018-03-28T03:00:54.000Z","volume":500,"label":" ","price":36.4},{"type":"B","date":"2018-03-28T03:01:06.000Z","volume":500,"label":" ","price":36.4},{"type":"B","date":"2018-03-28T03:01:09.000Z","volume":6000,"label":" ","price":36.4},{"type":"B","date":"2018-03-28T03:01:14.000Z","volume":500,"label":" ","price":36.4},{"type":"B","date":"2018-03-28T03:01:15.000Z","volume":500,"label":" ","price":36.4},{"type":"A","date":"2018-03-28T03:01:27.000Z","volume":18000,"label":" ","price":36.45},{"type":"A","date":"2018-03-28T03:01:27.000Z","volume":1000,"label":" ","price":36.45},{"type":"U","date":"2018-03-28T03:01:48.000Z","volume":500,"label":" ","price":36.45},{"type":"A","date":"2018-03-28T03:01:48.000Z","volume":500,"label":" ","price":36.45},{"type":"A","date":"2018-03-28T03:01:48.000Z","volume":500,"label":" ","price":36.45},{"type":"A","date":"2018-03-28T03:01:48.000Z","volume":500,"label":" ","price":36.45},{"type":"A","date":"2018-03-28T03:01:48.000Z","volume":500,"label":" ","price":36.45},{"type":"A","date":"2018-03-28T03:01:49.000Z","volume":500,"label":" ","price":36.45},{"type":"A","date":"2018-03-28T03:01:54.000Z","volume":4000,"label":" ","price":36.45},{"type":"U","date":"2018-03-28T03:02:53.000Z","volume":1000,"label":" ","price":36.45},{"type":"A","date":"2018-03-28T03:02:53.000Z","volume":500,"label":" ","price":36.45},{"type":"B","date":"2018-03-28T03:03:52.000Z","volume":500,"label":" ","price":36.45},{"type":"B","date":"2018-03-28T03:03:56.000Z","volume":500,"label":" ","price":36.45},{"type":"B","date":"2018-03-28T03:04:01.000Z","volume":500,"label":" ","price":36.45},{"type":"B","date":"2018-03-28T03:04:12.000Z","volume":500,"label":" ","price":36.45},{"type":"B","date":"2018-03-28T03:04:24.000Z","volume":500,"label":" ","price":36.45},{"type":"U","date":"2018-03-28T03:04:51.000Z","volume":500,"label":"X","price":36.475},{"type":"U","date":"2018-03-28T03:05:49.000Z","volume":500,"label":"X","price":36.475},{"type":"A","date":"2018-03-28T03:06:06.000Z","volume":500,"label":" ","price":36.5},{"type":"B","date":"2018-03-28T03:06:16.000Z","volume":4000,"label":" ","price":36.45},{"type":"U","date":"2018-03-28T03:06:16.000Z","volume":500,"label":" ","price":36.45},{"type":"B","date":"2018-03-28T03:06:16.000Z","volume":500,"label":" ","price":36.45},{"type":"A","date":"2018-03-28T03:06:18.000Z","volume":500,"label":" ","price":36.45},{"type":"A","date":"2018-03-28T03:06:18.000Z","volume":1000,"label":" ","price":36.45},{"type":"A","date":"2018-03-28T03:06:18.000Z","volume":500,"label":" ","price":36.45},{"type":"A","date":"2018-03-28T03:06:32.000Z","volume":6000,"label":" ","price":36.45},{"type":"A","date":"2018-03-28T03:06:32.000Z","volume":500,"label":" ","price":36.45},{"type":"B","date":"2018-03-28T03:07:15.000Z","volume":16500,"label":" ","price":36.4},{"type":"B","date":"2018-03-28T03:07:20.000Z","volume":500,"label":" ","price":36.35},{"type":"A","date":"2018-03-28T03:07:35.000Z","volume":7500,"label":" ","price":36.4},{"type":"B","date":"2018-03-28T03:07:35.000Z","volume":500,"label":" ","price":36.4},{"type":"B","date":"2018-03-28T03:07:39.000Z","volume":500,"label":" ","price":36.4},{"type":"B","date":"2018-03-28T03:07:45.000Z","volume":500,"label":" ","price":36.4},{"type":"A","date":"2018-03-28T03:08:05.000Z","volume":500,"label":" ","price":36.45},{"type":"B","date":"2018-03-28T03:08:14.000Z","volume":500,"label":" ","price":36.4},{"type":"U","date":"2018-03-28T03:08:14.000Z","volume":500,"label":"X","price":36.425},{"type":"B","date":"2018-03-28T03:08:16.000Z","volume":2500,"label":" ","price":36.4},{"type":"B","date":"2018-03-28T03:08:49.000Z","volume":500,"label":" ","price":36.4},{"type":"A","date":"2018-03-28T03:09:02.000Z","volume":1500,"label":" ","price":36.45},{"type":"B","date":"2018-03-28T03:09:21.000Z","volume":12000,"label":" ","price":36.4},{"type":"B","date":"2018-03-28T03:09:29.000Z","volume":500,"label":" ","price":36.4},{"type":"B","date":"2018-03-28T03:09:34.000Z","volume":500,"label":" ","price":36.4},{"type":"U","date":"2018-03-28T03:10:08.000Z","volume":500,"label":"X","price":36.425},{"type":"B","date":"2018-03-28T03:10:17.000Z","volume":500,"label":" ","price":36.4},{"type":"B","date":"2018-03-28T03:10:17.000Z","volume":10000,"label":" ","price":36.4},{"type":"A","date":"2018-03-28T03:10:17.000Z","volume":500,"label":" ","price":36.45},{"type":"B","date":"2018-03-28T03:10:18.000Z","volume":10500,"label":" ","price":36.35},{"type":"A","date":"2018-03-28T03:10:29.000Z","volume":6000,"label":" ","price":36.4},{"type":"A","date":"2018-03-28T03:10:29.000Z","volume":500,"label":" ","price":36.4},{"type":"A","date":"2018-03-28T03:10:30.000Z","volume":1000,"label":" ","price":36.4},{"type":"A","date":"2018-03-28T03:10:46.000Z","volume":1000,"label":" ","price":36.4},{"type":"U","date":"2018-03-28T03:11:12.000Z","volume":500,"label":"X","price":36.375},{"type":"B","date":"2018-03-28T03:11:13.000Z","volume":500,"label":" ","price":36.35},{"type":"B","date":"2018-03-28T03:11:23.000Z","volume":2000,"label":" ","price":36.35},{"type":"A","date":"2018-03-28T03:11:32.000Z","volume":10000,"label":" ","price":36.4},{"type":"B","date":"2018-03-28T03:11:32.000Z","volume":1000,"label":" ","price":36.35},{"type":"B","date":"2018-03-28T03:11:32.000Z","volume":500,"label":" ","price":36.35},{"type":"B","date":"2018-03-28T03:11:36.000Z","volume":500,"label":" ","price":36.35},{"type":"A","date":"2018-03-28T03:11:38.000Z","volume":9500,"label":" ","price":36.4},{"type":"B","date":"2018-03-28T03:11:38.000Z","volume":500,"label":" ","price":36.4},{"type":"A","date":"2018-03-28T03:11:40.000Z","volume":500,"label":" ","price":36.45},{"type":"U","date":"2018-03-28T03:11:44.000Z","volume":1000,"label":"X","price":36.4},{"type":"A","date":"2018-03-28T03:11:51.000Z","volume":8500,"label":" ","price":36.45},{"type":"B","date":"2018-03-28T03:11:51.000Z","volume":1500,"label":" ","price":36.45},{"type":"B","date":"2018-03-28T03:11:52.000Z","volume":500,"label":" ","price":36.45},{"type":"U","date":"2018-03-28T03:12:06.000Z","volume":500,"label":" ","price":36.45},{"type":"A","date":"2018-03-28T03:12:13.000Z","volume":7000,"label":" ","price":36.45},{"type":"B","date":"2018-03-28T03:13:16.000Z","volume":500,"label":" ","price":36.45},{"type":"B","date":"2018-03-28T03:13:16.000Z","volume":2500,"label":" ","price":36.45},{"type":"B","date":"2018-03-28T03:13:16.000Z","volume":500,"label":" ","price":36.45},{"type":"B","date":"2018-03-28T03:13:16.000Z","volume":500,"label":" ","price":36.45},{"type":"B","date":"2018-03-28T03:13:16.000Z","volume":1000,"label":" ","price":36.45},{"type":"B","date":"2018-03-28T03:13:16.000Z","volume":500,"label":" ","price":36.45},{"type":"A","date":"2018-03-28T03:13:19.000Z","volume":500,"label":" ","price":36.45},{"type":"A","date":"2018-03-28T03:13:23.000Z","volume":10000,"label":" ","price":36.45},{"type":"B","date":"2018-03-28T03:13:24.000Z","volume":1000,"label":" ","price":36.4},{"type":"A","date":"2018-03-28T03:13:39.000Z","volume":16000,"label":" ","price":36.45},{"type":"A","date":"2018-03-28T03:13:39.000Z","volume":500,"label":" ","price":36.45},{"type":"A","date":"2018-03-28T03:13:45.000Z","volume":5000,"label":" ","price":36.45},{"type":"A","date":"2018-03-28T03:13:48.000Z","volume":500,"label":" ","price":36.45},{"type":"B","date":"2018-03-28T03:14:42.000Z","volume":500,"label":" ","price":36.45},{"type":"B","date":"2018-03-28T03:14:53.000Z","volume":4000,"label":" ","price":36.45},{"type":"U","date":"2018-03-28T03:15:26.000Z","volume":500,"label":"X","price":36.475},{"type":"B","date":"2018-03-28T03:15:44.000Z","volume":6000,"label":" ","price":36.45},{"type":"B","date":"2018-03-28T03:15:45.000Z","volume":46500,"label":" ","price":36.45},{"type":"B","date":"2018-03-28T03:15:45.000Z","volume":24000,"label":" ","price":36.4},{"type":"B","date":"2018-03-28T03:15:45.000Z","volume":15000,"label":" ","price":36.35},{"type":"A","date":"2018-03-28T03:15:45.000Z","volume":1500,"label":" ","price":36.5},{"type":"B","date":"2018-03-28T03:15:45.000Z","volume":500,"label":"Y","price":36.35},{"type":"B","date":"2018-03-28T03:15:45.000Z","volume":6000,"label":" ","price":36.35},{"type":"B","date":"2018-03-28T03:15:47.000Z","volume":500,"label":" ","price":36.35},{"type":"B","date":"2018-03-28T03:16:04.000Z","volume":500,"label":" ","price":36.35},{"type":"B","date":"2018-03-28T03:16:04.000Z","volume":3000,"label":" ","price":36.35},{"type":"U","date":"2018-03-28T03:16:09.000Z","volume":1000,"label":"X","price":36.375},{"type":"U","date":"2018-03-28T03:16:23.000Z","volume":500,"label":"X","price":36.375},{"type":"U","date":"2018-03-28T03:16:23.000Z","volume":1500,"label":"X","price":36.375},{"type":"A","date":"2018-03-28T03:17:04.000Z","volume":30000,"label":" ","price":36.4},{"type":"U","date":"2018-03-28T03:17:04.000Z","volume":3000,"label":" ","price":36.4},{"type":"A","date":"2018-03-28T03:17:23.000Z","volume":10000,"label":" ","price":36.45},{"type":"A","date":"2018-03-28T03:17:40.000Z","volume":3000,"label":" ","price":36.45},{"type":"A","date":"2018-03-28T03:18:04.000Z","volume":500,"label":" ","price":36.45},{"type":"A","date":"2018-03-28T03:18:04.000Z","volume":500,"label":" ","price":36.45},{"type":"A","date":"2018-03-28T03:18:04.000Z","volume":1000,"label":" ","price":36.45},{"type":"B","date":"2018-03-28T03:18:28.000Z","volume":500,"label":" ","price":36.45},{"type":"U","date":"2018-03-28T03:18:29.000Z","volume":500,"label":"X","price":36.475},{"type":"B","date":"2018-03-28T03:19:13.000Z","volume":500,"label":" ","price":36.45},{"type":"B","date":"2018-03-28T03:19:36.000Z","volume":500,"label":"Y","price":36.45},{"type":"B","date":"2018-03-28T03:19:36.000Z","volume":2000,"label":" ","price":36.45},{"type":"A","date":"2018-03-28T03:19:36.000Z","volume":500,"label":" ","price":36.45},{"type":"A","date":"2018-03-28T03:19:36.000Z","volume":500,"label":" ","price":36.45},{"type":"A","date":"2018-03-28T03:19:42.000Z","volume":5000,"label":" ","price":36.45},{"type":"A","date":"2018-03-28T03:19:42.000Z","volume":500,"label":" ","price":36.45},{"type":"A","date":"2018-03-28T03:20:18.000Z","volume":500,"label":" ","price":36.45},{"type":"A","date":"2018-03-28T03:21:02.000Z","volume":10000,"label":" ","price":36.45},{"type":"A","date":"2018-03-28T03:21:05.000Z","volume":10000,"label":" ","price":36.45},{"type":"A","date":"2018-03-28T03:21:09.000Z","volume":10000,"label":" ","price":36.45},{"type":"A","date":"2018-03-28T03:21:09.000Z","volume":500,"label":" ","price":36.45},{"type":"B","date":"2018-03-28T03:21:14.000Z","volume":500,"label":" ","price":36.4},{"type":"A","date":"2018-03-28T03:21:25.000Z","volume":6000,"label":" ","price":36.45},{"type":"A","date":"2018-03-28T03:21:28.000Z","volume":3000,"label":" ","price":36.45},{"type":"A","date":"2018-03-28T03:21:28.000Z","volume":500,"label":" ","price":36.45},{"type":"A","date":"2018-03-28T03:21:54.000Z","volume":500,"label":" ","price":36.5},{"type":"B","date":"2018-03-28T03:22:28.000Z","volume":13500,"label":" ","price":36.4},{"type":"A","date":"2018-03-28T03:22:28.000Z","volume":500,"label":" ","price":36.45},{"type":"B","date":"2018-03-28T03:22:28.000Z","volume":11500,"label":" ","price":36.4},{"type":"B","date":"2018-03-28T03:22:28.000Z","volume":500,"label":" ","price":36.4},{"type":"U","date":"2018-03-28T03:23:06.000Z","volume":500,"label":"X","price":36.4},{"type":"U","date":"2018-03-28T03:24:29.000Z","volume":500,"label":"X","price":36.4},{"type":"U","date":"2018-03-28T03:24:40.000Z","volume":500,"label":" ","price":36.4},{"type":"U","date":"2018-03-28T03:24:40.000Z","volume":500,"label":" ","price":36.4},{"type":"A","date":"2018-03-28T03:25:18.000Z","volume":500,"label":" ","price":36.45},{"type":"A","date":"2018-03-28T03:26:03.000Z","volume":500,"label":" ","price":36.45},{"type":"U","date":"2018-03-28T03:26:03.000Z","volume":500,"label":" ","price":36.4},{"type":"U","date":"2018-03-28T03:26:03.000Z","volume":500,"label":"X","price":36.4},{"type":"U","date":"2018-03-28T03:26:11.000Z","volume":500,"label":" ","price":36.4},{"type":"B","date":"2018-03-28T03:26:25.000Z","volume":1500,"label":" ","price":36.35},{"type":"B","date":"2018-03-28T03:26:27.000Z","volume":1500,"label":" ","price":36.35},{"type":"B","date":"2018-03-28T03:26:28.000Z","volume":500,"label":" ","price":36.35},{"type":"B","date":"2018-03-28T03:26:31.000Z","volume":500,"label":" ","price":36.35},{"type":"B","date":"2018-03-28T03:26:32.000Z","volume":1500,"label":" ","price":36.35},{"type":"B","date":"2018-03-28T03:26:32.000Z","volume":3000,"label":" ","price":36.35},{"type":"B","date":"2018-03-28T03:26:45.000Z","volume":500,"label":" ","price":36.3},{"type":"A","date":"2018-03-28T03:26:49.000Z","volume":1000,"label":" ","price":36.35},{"type":"A","date":"2018-03-28T03:26:51.000Z","volume":1000,"label":" ","price":36.35},{"type":"U","date":"2018-03-28T03:27:10.000Z","volume":500,"label":"X","price":36.325},{"type":"B","date":"2018-03-28T03:27:14.000Z","volume":500,"label":" ","price":36.3},{"type":"B","date":"2018-03-28T03:28:07.000Z","volume":500,"label":" ","price":36.3},{"type":"A","date":"2018-03-28T03:28:18.000Z","volume":500,"label":" ","price":36.35},{"type":"A","date":"2018-03-28T03:28:18.000Z","volume":500,"label":" ","price":36.35},{"type":"A","date":"2018-03-28T03:28:18.000Z","volume":500,"label":" ","price":36.35},{"type":"A","date":"2018-03-28T03:28:18.000Z","volume":500,"label":" ","price":36.35},{"type":"A","date":"2018-03-28T03:28:19.000Z","volume":1000,"label":" ","price":36.35},{"type":"A","date":"2018-03-28T03:29:01.000Z","volume":500,"label":" ","price":36.35},{"type":"B","date":"2018-03-28T03:29:07.000Z","volume":500,"label":" ","price":36.3},{"type":"U","date":"2018-03-28T03:29:17.000Z","volume":500,"label":"X","price":36.325},{"type":"B","date":"2018-03-28T03:29:19.000Z","volume":500,"label":" ","price":36.3},{"type":"B","date":"2018-03-28T03:29:34.000Z","volume":1000,"label":" ","price":36.3},{"type":"A","date":"2018-03-28T03:29:58.000Z","volume":4500,"label":"Y","price":36.35},{"type":"A","date":"2018-03-28T03:29:58.000Z","volume":1500,"label":" ","price":36.35},{"type":"B","date":"2018-03-28T03:30:17.000Z","volume":500,"label":" ","price":36.3},{"type":"A","date":"2018-03-28T03:30:44.000Z","volume":500,"label":" ","price":36.35},{"type":"U","date":"2018-03-28T03:31:13.000Z","volume":500,"label":"X","price":36.325},{"type":"A","date":"2018-03-28T03:32:03.000Z","volume":500,"label":" ","price":36.35},{"type":"A","date":"2018-03-28T03:32:03.000Z","volume":500,"label":" ","price":36.35},{"type":"A","date":"2018-03-28T03:32:03.000Z","volume":500,"label":" ","price":36.35},{"type":"A","date":"2018-03-28T03:32:03.000Z","volume":500,"label":" ","price":36.35},{"type":"B","date":"2018-03-28T03:32:10.000Z","volume":1500,"label":" ","price":36.3},{"type":"A","date":"2018-03-28T03:32:15.000Z","volume":500,"label":" ","price":36.35},{"type":"A","date":"2018-03-28T03:32:23.000Z","volume":500,"label":" ","price":36.35},{"type":"U","date":"2018-03-28T03:33:17.000Z","volume":500,"label":"X","price":36.325},{"type":"A","date":"2018-03-28T03:33:44.000Z","volume":2000,"label":" ","price":36.35},{"type":"U","date":"2018-03-28T03:33:56.000Z","volume":500,"label":"X","price":36.325},{"type":"A","date":"2018-03-28T03:33:59.000Z","volume":500,"label":" ","price":36.35},{"type":"A","date":"2018-03-28T03:34:48.000Z","volume":500,"label":" ","price":36.35},{"type":"A","date":"2018-03-28T03:34:48.000Z","volume":500,"label":" ","price":36.35},{"type":"A","date":"2018-03-28T03:34:48.000Z","volume":500,"label":" ","price":36.35},{"type":"A","date":"2018-03-28T03:35:04.000Z","volume":500,"label":" ","price":36.35},{"type":"B","date":"2018-03-28T03:35:08.000Z","volume":500,"label":" ","price":36.3},{"type":"A","date":"2018-03-28T03:36:00.000Z","volume":500,"label":" ","price":36.35},{"type":"A","date":"2018-03-28T03:37:03.000Z","volume":500,"label":" ","price":36.35},{"type":"A","date":"2018-03-28T03:37:03.000Z","volume":500,"label":" ","price":36.35},{"type":"A","date":"2018-03-28T03:37:03.000Z","volume":500,"label":" ","price":36.35},{"type":"B","date":"2018-03-28T03:37:16.000Z","volume":500,"label":" ","price":36.3},{"type":"U","date":"2018-03-28T03:37:37.000Z","volume":500,"label":"X","price":36.325},{"type":"B","date":"2018-03-28T03:38:03.000Z","volume":500,"label":" ","price":36.3},{"type":"U","date":"2018-03-28T03:38:57.000Z","volume":500,"label":"X","price":36.325},{"type":"A","date":"2018-03-28T03:39:11.000Z","volume":500,"label":" ","price":36.35},{"type":"B","date":"2018-03-28T03:39:19.000Z","volume":500,"label":" ","price":36.3},{"type":"A","date":"2018-03-28T03:39:34.000Z","volume":500,"label":" ","price":36.35},{"type":"A","date":"2018-03-28T03:39:48.000Z","volume":500,"label":" ","price":36.35},{"type":"A","date":"2018-03-28T03:39:48.000Z","volume":500,"label":" ","price":36.35},{"type":"A","date":"2018-03-28T03:39:48.000Z","volume":500,"label":" ","price":36.35},{"type":"A","date":"2018-03-28T03:40:42.000Z","volume":500,"label":"Y","price":36.35},{"type":"B","date":"2018-03-28T03:40:49.000Z","volume":1000,"label":" ","price":36.3},{"type":"B","date":"2018-03-28T03:41:04.000Z","volume":500,"label":"Y","price":36.3},{"type":"B","date":"2018-03-28T03:41:04.000Z","volume":500,"label":" ","price":36.3},{"type":"B","date":"2018-03-28T03:41:05.000Z","volume":1000,"label":" ","price":36.3},{"type":"U","date":"2018-03-28T03:41:50.000Z","volume":500,"label":"X","price":36.325},{"type":"B","date":"2018-03-28T03:41:50.000Z","volume":10000,"label":" ","price":36.3},{"type":"B","date":"2018-03-28T03:41:50.000Z","volume":8500,"label":" ","price":36.3},{"type":"U","date":"2018-03-28T03:41:50.000Z","volume":500,"label":" ","price":36.3},{"type":"A","date":"2018-03-28T03:41:50.000Z","volume":500,"label":" ","price":36.35},{"type":"B","date":"2018-03-28T03:41:50.000Z","volume":1000,"label":" ","price":36.3},{"type":"B","date":"2018-03-28T03:41:51.000Z","volume":1000,"label":" ","price":36.3},{"type":"B","date":"2018-03-28T03:41:55.000Z","volume":500,"label":" ","price":36.3},{"type":"B","date":"2018-03-28T03:41:55.000Z","volume":500,"label":" ","price":36.3},{"type":"B","date":"2018-03-28T03:41:58.000Z","volume":500,"label":" ","price":36.3},{"type":"B","date":"2018-03-28T03:42:11.000Z","volume":500,"label":" ","price":36.25},{"type":"B","date":"2018-03-28T03:42:12.000Z","volume":500,"label":" ","price":36.3},{"type":"B","date":"2018-03-28T03:42:23.000Z","volume":500,"label":" ","price":36.3},{"type":"B","date":"2018-03-28T03:42:25.000Z","volume":1000,"label":" ","price":36.3},{"type":"B","date":"2018-03-28T03:43:20.000Z","volume":1000,"label":" ","price":36.25},{"type":"B","date":"2018-03-28T03:43:26.000Z","volume":500,"label":" ","price":36.25},{"type":"B","date":"2018-03-28T03:43:27.000Z","volume":500,"label":" ","price":36.3},{"type":"B","date":"2018-03-28T03:43:55.000Z","volume":500,"label":" ","price":36.3},{"type":"B","date":"2018-03-28T03:44:06.000Z","volume":7000,"label":" ","price":36.3},{"type":"A","date":"2018-03-28T03:44:27.000Z","volume":500,"label":" ","price":36.3},{"type":"A","date":"2018-03-28T03:44:39.000Z","volume":1000,"label":" ","price":36.3},{"type":"U","date":"2018-03-28T03:44:49.000Z","volume":500,"label":"X","price":36.275},{"type":"U","date":"2018-03-28T03:44:55.000Z","volume":500,"label":"X","price":36.25},{"type":"A","date":"2018-03-28T03:45:00.000Z","volume":500,"label":" ","price":36.3},{"type":"B","date":"2018-03-28T03:45:01.000Z","volume":500,"label":" ","price":36.25},{"type":"B","date":"2018-03-28T03:45:55.000Z","volume":500,"label":" ","price":36.25},{"type":"B","date":"2018-03-28T03:46:30.000Z","volume":500,"label":" ","price":36.25},{"type":"B","date":"2018-03-28T03:46:48.000Z","volume":500,"label":" ","price":36.25},{"type":"A","date":"2018-03-28T03:47:12.000Z","volume":500,"label":" ","price":36.3},{"type":"B","date":"2018-03-28T03:47:21.000Z","volume":500,"label":" ","price":36.25},{"type":"B","date":"2018-03-28T03:47:41.000Z","volume":500,"label":" ","price":36.25},{"type":"B","date":"2018-03-28T03:47:42.000Z","volume":500,"label":" ","price":36.25},{"type":"B","date":"2018-03-28T03:48:15.000Z","volume":500,"label":" ","price":36.25},{"type":"U","date":"2018-03-28T03:48:22.000Z","volume":500,"label":"X","price":36.275},{"type":"B","date":"2018-03-28T03:48:35.000Z","volume":500,"label":" ","price":36.25},{"type":"B","date":"2018-03-28T03:48:37.000Z","volume":500,"label":"Y","price":36.25},{"type":"B","date":"2018-03-28T03:48:37.000Z","volume":2500,"label":" ","price":36.25},{"type":"B","date":"2018-03-28T03:48:37.000Z","volume":500,"label":" ","price":36.25},{"type":"B","date":"2018-03-28T03:49:04.000Z","volume":500,"label":" ","price":36.25},{"type":"A","date":"2018-03-28T03:49:04.000Z","volume":1000,"label":" ","price":36.3},{"type":"B","date":"2018-03-28T03:49:06.000Z","volume":1000,"label":" ","price":36.25},{"type":"B","date":"2018-03-28T03:49:22.000Z","volume":6000,"label":" ","price":36.25},{"type":"B","date":"2018-03-28T03:49:34.000Z","volume":500,"label":" ","price":36.25},{"type":"U","date":"2018-03-28T03:49:39.000Z","volume":500,"label":"X","price":36.275},{"type":"B","date":"2018-03-28T03:49:55.000Z","volume":500,"label":" ","price":36.25},{"type":"U","date":"2018-03-28T03:50:34.000Z","volume":1000,"label":"X","price":36.225},{"type":"U","date":"2018-03-28T03:50:34.000Z","volume":500,"label":"X","price":36.225},{"type":"U","date":"2018-03-28T03:50:35.000Z","volume":1000,"label":"X","price":36.225},{"type":"A","date":"2018-03-28T03:50:54.000Z","volume":500,"label":" ","price":36.25},{"type":"B","date":"2018-03-28T03:51:29.000Z","volume":1000,"label":" ","price":36.2},{"type":"B","date":"2018-03-28T03:51:47.000Z","volume":1000,"label":" ","price":36.2},{"type":"A","date":"2018-03-28T03:53:03.000Z","volume":500,"label":" ","price":36.25},{"type":"A","date":"2018-03-28T03:54:03.000Z","volume":1000,"label":" ","price":36.25},{"type":"A","date":"2018-03-28T03:54:03.000Z","volume":1000,"label":" ","price":36.25},{"type":"A","date":"2018-03-28T03:54:03.000Z","volume":1000,"label":" ","price":36.25},{"type":"A","date":"2018-03-28T03:54:03.000Z","volume":500,"label":" ","price":36.25},{"type":"A","date":"2018-03-28T03:54:05.000Z","volume":500,"label":" ","price":36.25},{"type":"U","date":"2018-03-28T03:54:07.000Z","volume":500,"label":"X","price":36.225},{"type":"A","date":"2018-03-28T03:54:47.000Z","volume":500,"label":" ","price":36.25},{"type":"B","date":"2018-03-28T03:54:48.000Z","volume":1000,"label":" ","price":36.2},{"type":"A","date":"2018-03-28T03:55:35.000Z","volume":500,"label":" ","price":36.25},{"type":"A","date":"2018-03-28T03:56:03.000Z","volume":500,"label":" ","price":36.25},{"type":"A","date":"2018-03-28T03:56:03.000Z","volume":1000,"label":" ","price":36.25},{"type":"A","date":"2018-03-28T03:56:18.000Z","volume":500,"label":" ","price":36.25},{"type":"A","date":"2018-03-28T03:56:23.000Z","volume":2000,"label":" ","price":36.25},{"type":"B","date":"2018-03-28T03:56:54.000Z","volume":1000,"label":" ","price":36.2},{"type":"A","date":"2018-03-28T03:57:06.000Z","volume":500,"label":" ","price":36.25},{"type":"A","date":"2018-03-28T03:57:18.000Z","volume":500,"label":" ","price":36.25},{"type":"A","date":"2018-03-28T03:57:18.000Z","volume":1000,"label":" ","price":36.25},{"type":"B","date":"2018-03-28T03:57:21.000Z","volume":2000,"label":"Y","price":36.2},{"type":"U","date":"2018-03-28T03:57:22.000Z","volume":500,"label":"X","price":36.225},{"type":"B","date":"2018-03-28T03:58:35.000Z","volume":500,"label":" ","price":36.2},{"type":"A","date":"2018-03-28T03:58:38.000Z","volume":500,"label":" ","price":36.25},{"type":"A","date":"2018-03-28T03:58:48.000Z","volume":500,"label":" ","price":36.25},{"type":"B","date":"2018-03-28T03:59:26.000Z","volume":500,"label":" ","price":36.2},{"type":"A","date":"2018-03-28T03:59:40.000Z","volume":500,"label":" ","price":36.25},{"type":"A","date":"2018-03-28T05:00:00.000Z","volume":18000,"label":" ","price":36.25},{"type":"A","date":"2018-03-28T05:00:00.000Z","volume":1000,"label":" ","price":36.25},{"type":"A","date":"2018-03-28T05:00:01.000Z","volume":500,"label":" ","price":36.25},{"type":"A","date":"2018-03-28T05:00:02.000Z","volume":1000,"label":" ","price":36.25},{"type":"A","date":"2018-03-28T05:00:10.000Z","volume":500,"label":" ","price":36.25},{"type":"A","date":"2018-03-28T05:00:16.000Z","volume":1000,"label":" ","price":36.25},{"type":"B","date":"2018-03-28T05:00:25.000Z","volume":3000,"label":" ","price":36.2},{"type":"U","date":"2018-03-28T05:00:31.000Z","volume":500,"label":"X","price":36.225},{"type":"B","date":"2018-03-28T05:00:36.000Z","volume":6000,"label":" ","price":36.2},{"type":"A","date":"2018-03-28T05:00:37.000Z","volume":500,"label":" ","price":36.25},{"type":"A","date":"2018-03-28T05:00:39.000Z","volume":500,"label":" ","price":36.25},{"type":"A","date":"2018-03-28T05:00:48.000Z","volume":500,"label":" ","price":36.25},{"type":"A","date":"2018-03-28T05:00:48.000Z","volume":500,"label":" ","price":36.25},{"type":"U","date":"2018-03-28T05:01:15.000Z","volume":500,"label":"X","price":36.225},{"type":"A","date":"2018-03-28T05:01:41.000Z","volume":500,"label":" ","price":36.25},{"type":"A","date":"2018-03-28T05:01:44.000Z","volume":500,"label":" ","price":36.25},{"type":"U","date":"2018-03-28T05:01:51.000Z","volume":500,"label":"X","price":36.25},{"type":"U","date":"2018-03-28T05:01:53.000Z","volume":500,"label":"X","price":36.225},{"type":"B","date":"2018-03-28T05:01:53.000Z","volume":500,"label":" ","price":36.2},{"type":"A","date":"2018-03-28T05:02:02.000Z","volume":6500,"label":" ","price":36.25},{"type":"A","date":"2018-03-28T05:02:02.000Z","volume":500,"label":" ","price":36.25},{"type":"A","date":"2018-03-28T05:02:10.000Z","volume":7000,"label":" ","price":36.25},{"type":"U","date":"2018-03-28T05:02:17.000Z","volume":500,"label":"X","price":36.225},{"type":"A","date":"2018-03-28T05:02:21.000Z","volume":1000,"label":" ","price":36.25},{"type":"A","date":"2018-03-28T05:02:56.000Z","volume":500,"label":" ","price":36.25},{"type":"A","date":"2018-03-28T05:03:02.000Z","volume":500,"label":" ","price":36.25},{"type":"U","date":"2018-03-28T05:03:18.000Z","volume":500,"label":"X","price":36.225},{"type":"B","date":"2018-03-28T05:03:19.000Z","volume":500,"label":" ","price":36.2},{"type":"A","date":"2018-03-28T05:03:26.000Z","volume":500,"label":" ","price":36.25},{"type":"A","date":"2018-03-28T05:03:51.000Z","volume":500,"label":" ","price":36.25},{"type":"A","date":"2018-03-28T05:03:53.000Z","volume":18500,"label":" ","price":36.25},{"type":"A","date":"2018-03-28T05:03:53.000Z","volume":500,"label":" ","price":36.3},{"type":"B","date":"2018-03-28T05:03:53.000Z","volume":1500,"label":" ","price":36.25},{"type":"A","date":"2018-03-28T05:03:53.000Z","volume":500,"label":" ","price":36.25},{"type":"A","date":"2018-03-28T05:03:53.000Z","volume":500,"label":" ","price":36.25},{"type":"A","date":"2018-03-28T05:03:54.000Z","volume":500,"label":" ","price":36.25},{"type":"A","date":"2018-03-28T05:03:54.000Z","volume":500,"label":"Y","price":36.25},{"type":"A","date":"2018-03-28T05:04:17.000Z","volume":500,"label":" ","price":36.25},{"type":"A","date":"2018-03-28T05:04:17.000Z","volume":500,"label":" ","price":36.25},{"type":"A","date":"2018-03-28T05:04:33.000Z","volume":500,"label":" ","price":36.25},{"type":"B","date":"2018-03-28T05:04:34.000Z","volume":500,"label":" ","price":36.2},{"type":"A","date":"2018-03-28T05:04:41.000Z","volume":500,"label":" ","price":36.25},{"type":"A","date":"2018-03-28T05:04:47.000Z","volume":500,"label":" ","price":36.25},{"type":"A","date":"2018-03-28T05:04:47.000Z","volume":1000,"label":" ","price":36.25},{"type":"U","date":"2018-03-28T05:05:16.000Z","volume":500,"label":"X","price":36.225},{"type":"U","date":"2018-03-28T05:05:58.000Z","volume":40,"label":"D","price":36.45},{"type":"B","date":"2018-03-28T05:06:03.000Z","volume":11000,"label":" ","price":36.2},{"type":"B","date":"2018-03-28T05:06:03.000Z","volume":29000,"label":" ","price":36.2},{"type":"B","date":"2018-03-28T05:06:03.000Z","volume":28000,"label":" ","price":36.2},{"type":"B","date":"2018-03-28T05:06:03.000Z","volume":1000,"label":" ","price":36.2},{"type":"A","date":"2018-03-28T05:06:03.000Z","volume":500,"label":" ","price":36.25},{"type":"B","date":"2018-03-28T05:06:03.000Z","volume":500,"label":"Y","price":36.2},{"type":"B","date":"2018-03-28T05:06:04.000Z","volume":500,"label":" ","price":36.2},{"type":"B","date":"2018-03-28T05:06:04.000Z","volume":500,"label":" ","price":36.2},{"type":"B","date":"2018-03-28T05:06:05.000Z","volume":500,"label":" ","price":36.2},{"type":"B","date":"2018-03-28T05:06:11.000Z","volume":1500,"label":" ","price":36.2},{"type":"B","date":"2018-03-28T05:06:15.000Z","volume":500,"label":" ","price":36.2},{"type":"B","date":"2018-03-28T05:06:16.000Z","volume":3500,"label":" ","price":36.2},{"type":"B","date":"2018-03-28T05:07:05.000Z","volume":9000,"label":" ","price":36.15},{"type":"A","date":"2018-03-28T05:07:05.000Z","volume":500,"label":" ","price":36.2},{"type":"U","date":"2018-03-28T05:07:05.000Z","volume":500,"label":"X","price":36.175},{"type":"B","date":"2018-03-28T05:08:00.000Z","volume":500,"label":" ","price":36.15},{"type":"A","date":"2018-03-28T05:08:20.000Z","volume":1000,"label":" ","price":36.2},{"type":"B","date":"2018-03-28T05:08:20.000Z","volume":1000,"label":" ","price":36.15},{"type":"U","date":"2018-03-28T05:08:21.000Z","volume":500,"label":"X","price":36.175},{"type":"B","date":"2018-03-28T05:08:22.000Z","volume":1000,"label":" ","price":36.15},{"type":"B","date":"2018-03-28T05:08:22.000Z","volume":1000,"label":" ","price":36.15},{"type":"B","date":"2018-03-28T05:08:34.000Z","volume":2000,"label":" ","price":36.15},{"type":"B","date":"2018-03-28T05:08:37.000Z","volume":3000,"label":" ","price":36.15},{"type":"B","date":"2018-03-28T05:08:42.000Z","volume":500,"label":" ","price":36.15},{"type":"B","date":"2018-03-28T05:08:58.000Z","volume":1000,"label":" ","price":36.15},{"type":"B","date":"2018-03-28T05:09:06.000Z","volume":500,"label":" ","price":36.15},{"type":"B","date":"2018-03-28T05:09:07.000Z","volume":500,"label":" ","price":36.15},{"type":"A","date":"2018-03-28T05:09:09.000Z","volume":500,"label":" ","price":36.2},{"type":"B","date":"2018-03-28T05:09:10.000Z","volume":500,"label":" ","price":36.15},{"type":"B","date":"2018-03-28T05:09:41.000Z","volume":500,"label":" ","price":36.15},{"type":"B","date":"2018-03-28T05:09:50.000Z","volume":500,"label":" ","price":36.15},{"type":"B","date":"2018-03-28T05:10:06.000Z","volume":4000,"label":" ","price":36.15},{"type":"U","date":"2018-03-28T05:10:06.000Z","volume":500,"label":" ","price":36.15},{"type":"B","date":"2018-03-28T05:10:11.000Z","volume":500,"label":" ","price":36.15},{"type":"B","date":"2018-03-28T05:10:28.000Z","volume":500,"label":" ","price":36.15},{"type":"B","date":"2018-03-28T05:10:33.000Z","volume":500,"label":" ","price":36.15},{"type":"B","date":"2018-03-28T05:10:48.000Z","volume":2500,"label":" ","price":36.15},{"type":"B","date":"2018-03-28T05:10:50.000Z","volume":1000,"label":" ","price":36.15},{"type":"B","date":"2018-03-28T05:11:05.000Z","volume":1500,"label":" ","price":36.15},{"type":"B","date":"2018-03-28T05:11:18.000Z","volume":500,"label":"Y","price":36.15},{"type":"B","date":"2018-03-28T05:11:18.000Z","volume":3000,"label":" ","price":36.15},{"type":"B","date":"2018-03-28T05:11:36.000Z","volume":1000,"label":" ","price":36.1},{"type":"B","date":"2018-03-28T05:11:36.000Z","volume":500,"label":" ","price":36.1},{"type":"U","date":"2018-03-28T05:11:57.000Z","volume":500,"label":"X","price":36.125},{"type":"U","date":"2018-03-28T05:12:01.000Z","volume":500,"label":"X","price":36.125},{"type":"B","date":"2018-03-28T05:13:13.000Z","volume":1000,"label":" ","price":36.1},{"type":"B","date":"2018-03-28T05:13:23.000Z","volume":500,"label":" ","price":36.1},{"type":"B","date":"2018-03-28T05:13:58.000Z","volume":1000,"label":" ","price":36.1},{"type":"B","date":"2018-03-28T05:14:03.000Z","volume":500,"label":" ","price":36.1},{"type":"B","date":"2018-03-28T05:14:19.000Z","volume":500,"label":" ","price":36.1},{"type":"B","date":"2018-03-28T05:15:00.000Z","volume":500,"label":" ","price":36.1},{"type":"B","date":"2018-03-28T05:15:06.000Z","volume":7000,"label":"Y","price":36.1},{"type":"B","date":"2018-03-28T05:15:06.000Z","volume":6500,"label":" ","price":36.1},{"type":"B","date":"2018-03-28T05:15:06.000Z","volume":500,"label":" ","price":36.1},{"type":"A","date":"2018-03-28T05:15:06.000Z","volume":500,"label":" ","price":36.15},{"type":"B","date":"2018-03-28T05:15:07.000Z","volume":1000,"label":" ","price":36.1},{"type":"B","date":"2018-03-28T05:15:10.000Z","volume":5000,"label":" ","price":36.1},{"type":"B","date":"2018-03-28T05:15:12.000Z","volume":500,"label":" ","price":36.1},{"type":"U","date":"2018-03-28T05:15:25.000Z","volume":500,"label":"X","price":36.1},{"type":"U","date":"2018-03-28T05:15:25.000Z","volume":500,"label":"X","price":36.1},{"type":"B","date":"2018-03-28T05:16:20.000Z","volume":1000,"label":" ","price":36.05},{"type":"U","date":"2018-03-28T05:16:27.000Z","volume":500,"label":"X","price":36.075},{"type":"B","date":"2018-03-28T05:16:54.000Z","volume":500,"label":" ","price":36.05},{"type":"A","date":"2018-03-28T05:18:47.000Z","volume":1000,"label":" ","price":36.1},{"type":"A","date":"2018-03-28T05:18:47.000Z","volume":500,"label":" ","price":36.1},{"type":"A","date":"2018-03-28T05:18:47.000Z","volume":1000,"label":" ","price":36.1},{"type":"B","date":"2018-03-28T05:18:47.000Z","volume":500,"label":" ","price":36.05},{"type":"B","date":"2018-03-28T05:19:39.000Z","volume":1000,"label":" ","price":36.05},{"type":"B","date":"2018-03-28T05:19:42.000Z","volume":11500,"label":" ","price":36.05},{"type":"U","date":"2018-03-28T05:19:50.000Z","volume":500,"label":"X","price":36.075},{"type":"B","date":"2018-03-28T05:19:52.000Z","volume":3500,"label":" ","price":36.05},{"type":"A","date":"2018-03-28T05:19:52.000Z","volume":500,"label":" ","price":36.1},{"type":"U","date":"2018-03-28T05:20:06.000Z","volume":500,"label":"X","price":36.075},{"type":"A","date":"2018-03-28T05:20:09.000Z","volume":500,"label":" ","price":36.1},{"type":"A","date":"2018-03-28T05:20:30.000Z","volume":500,"label":" ","price":36.1},{"type":"B","date":"2018-03-28T05:20:41.000Z","volume":500,"label":" ","price":36.05},{"type":"A","date":"2018-03-28T05:20:45.000Z","volume":500,"label":" ","price":36.1},{"type":"U","date":"2018-03-28T05:20:55.000Z","volume":500,"label":"X","price":36.075},{"type":"A","date":"2018-03-28T05:21:04.000Z","volume":500,"label":" ","price":36.1},{"type":"A","date":"2018-03-28T05:21:32.000Z","volume":500,"label":" ","price":36.1},{"type":"A","date":"2018-03-28T05:21:32.000Z","volume":500,"label":" ","price":36.1},{"type":"A","date":"2018-03-28T05:21:32.000Z","volume":500,"label":" ","price":36.1},{"type":"A","date":"2018-03-28T05:21:32.000Z","volume":500,"label":" ","price":36.1},{"type":"A","date":"2018-03-28T05:21:40.000Z","volume":500,"label":" ","price":36.1},{"type":"A","date":"2018-03-28T05:21:49.000Z","volume":5000,"label":" ","price":36.1},{"type":"U","date":"2018-03-28T05:22:00.000Z","volume":500,"label":"X","price":36.075},{"type":"B","date":"2018-03-28T05:22:12.000Z","volume":1500,"label":" ","price":36.05},{"type":"B","date":"2018-03-28T05:22:16.000Z","volume":1500,"label":" ","price":36.05},{"type":"B","date":"2018-03-28T05:22:30.000Z","volume":500,"label":" ","price":36.05},{"type":"A","date":"2018-03-28T05:22:34.000Z","volume":500,"label":" ","price":36.1},{"type":"A","date":"2018-03-28T05:23:02.000Z","volume":500,"label":" ","price":36.1},{"type":"A","date":"2018-03-28T05:23:02.000Z","volume":500,"label":" ","price":36.1},{"type":"A","date":"2018-03-28T05:23:02.000Z","volume":500,"label":" ","price":36.1},{"type":"B","date":"2018-03-28T05:23:10.000Z","volume":500,"label":" ","price":36.05},{"type":"A","date":"2018-03-28T05:23:11.000Z","volume":500,"label":" ","price":36.1},{"type":"U","date":"2018-03-28T05:23:17.000Z","volume":500,"label":"X","price":36.075},{"type":"B","date":"2018-03-28T05:23:50.000Z","volume":500,"label":" ","price":36.05},{"type":"A","date":"2018-03-28T05:23:55.000Z","volume":1000,"label":" ","price":36.1},{"type":"A","date":"2018-03-28T05:24:00.000Z","volume":2000,"label":" ","price":36.1},{"type":"A","date":"2018-03-28T05:24:00.000Z","volume":500,"label":" ","price":36.1},{"type":"A","date":"2018-03-28T05:24:00.000Z","volume":500,"label":" ","price":36.1},{"type":"B","date":"2018-03-28T05:24:23.000Z","volume":8000,"label":" ","price":36.05},{"type":"B","date":"2018-03-28T05:24:23.000Z","volume":500,"label":" ","price":36.05},{"type":"A","date":"2018-03-28T05:24:32.000Z","volume":500,"label":" ","price":36.1},{"type":"A","date":"2018-03-28T05:24:32.000Z","volume":500,"label":" ","price":36.1},{"type":"A","date":"2018-03-28T05:24:32.000Z","volume":500,"label":" ","price":36.1},{"type":"B","date":"2018-03-28T05:24:55.000Z","volume":1000,"label":" ","price":36.05},{"type":"B","date":"2018-03-28T05:25:01.000Z","volume":10000,"label":" ","price":36.05},{"type":"B","date":"2018-03-28T05:25:01.000Z","volume":500,"label":" ","price":36.05},{"type":"B","date":"2018-03-28T05:25:01.000Z","volume":1000,"label":" ","price":36.05},{"type":"B","date":"2018-03-28T05:25:02.000Z","volume":2500,"label":" ","price":36.05},{"type":"B","date":"2018-03-28T05:25:05.000Z","volume":3000,"label":" ","price":36.05},{"type":"B","date":"2018-03-28T05:25:07.000Z","volume":500,"label":" ","price":36.05},{"type":"B","date":"2018-03-28T05:25:08.000Z","volume":500,"label":" ","price":36.05},{"type":"B","date":"2018-03-28T05:25:20.000Z","volume":1000,"label":" ","price":36.05},{"type":"A","date":"2018-03-28T05:25:20.000Z","volume":500,"label":" ","price":36.1},{"type":"B","date":"2018-03-28T05:25:27.000Z","volume":500,"label":" ","price":36.05},{"type":"U","date":"2018-03-28T05:25:45.000Z","volume":500,"label":"X","price":36.075},{"type":"B","date":"2018-03-28T05:25:50.000Z","volume":500,"label":" ","price":36.05},{"type":"B","date":"2018-03-28T05:26:00.000Z","volume":500,"label":" ","price":36.05},{"type":"B","date":"2018-03-28T05:26:02.000Z","volume":500,"label":" ","price":36.05},{"type":"B","date":"2018-03-28T05:26:37.000Z","volume":500,"label":" ","price":36.05},{"type":"A","date":"2018-03-28T05:26:45.000Z","volume":500,"label":" ","price":36.1},{"type":"U","date":"2018-03-28T05:27:26.000Z","volume":500,"label":"X","price":36.075},{"type":"B","date":"2018-03-28T05:27:34.000Z","volume":500,"label":" ","price":36.05},{"type":"B","date":"2018-03-28T05:28:10.000Z","volume":1500,"label":" ","price":36.05},{"type":"B","date":"2018-03-28T05:28:14.000Z","volume":500,"label":" ","price":36.05},{"type":"U","date":"2018-03-28T05:28:32.000Z","volume":500,"label":"X","price":36.075},{"type":"B","date":"2018-03-28T05:29:37.000Z","volume":8000,"label":" ","price":36.05},{"type":"B","date":"2018-03-28T05:29:37.000Z","volume":500,"label":" ","price":36.05},{"type":"B","date":"2018-03-28T05:29:58.000Z","volume":500,"label":" ","price":36.05},{"type":"B","date":"2018-03-28T05:30:02.000Z","volume":1000,"label":" ","price":36.05},{"type":"B","date":"2018-03-28T05:30:07.000Z","volume":2000,"label":" ","price":36.05},{"type":"B","date":"2018-03-28T05:30:09.000Z","volume":500,"label":" ","price":36.05},{"type":"A","date":"2018-03-28T05:30:18.000Z","volume":500,"label":" ","price":36.1},{"type":"B","date":"2018-03-28T05:30:22.000Z","volume":500,"label":" ","price":36.05},{"type":"B","date":"2018-03-28T05:30:32.000Z","volume":1000,"label":" ","price":36.05},{"type":"B","date":"2018-03-28T05:30:32.000Z","volume":1000,"label":" ","price":36.05},{"type":"B","date":"2018-03-28T05:30:37.000Z","volume":500,"label":" ","price":36.05},{"type":"A","date":"2018-03-28T05:30:59.000Z","volume":500,"label":" ","price":36.1},{"type":"A","date":"2018-03-28T05:31:03.000Z","volume":1000,"label":" ","price":36.1},{"type":"B","date":"2018-03-28T05:31:10.000Z","volume":2500,"label":" ","price":36.05},{"type":"U","date":"2018-03-28T05:31:11.000Z","volume":500,"label":"X","price":36.075},{"type":"B","date":"2018-03-28T05:32:00.000Z","volume":500,"label":" ","price":36.05},{"type":"B","date":"2018-03-28T05:32:06.000Z","volume":9500,"label":" ","price":36.05},{"type":"B","date":"2018-03-28T05:32:07.000Z","volume":33000,"label":" ","price":36},{"type":"B","date":"2018-03-28T05:32:07.000Z","volume":3000,"label":" ","price":36},{"type":"A","date":"2018-03-28T05:32:07.000Z","volume":1000,"label":" ","price":36.05},{"type":"B","date":"2018-03-28T05:32:08.000Z","volume":9000,"label":" ","price":36},{"type":"U","date":"2018-03-28T05:32:45.000Z","volume":1000,"label":"X","price":36.025},{"type":"U","date":"2018-03-28T05:32:45.000Z","volume":2500,"label":"X","price":36.025},{"type":"U","date":"2018-03-28T05:32:45.000Z","volume":500,"label":"X","price":36.025},{"type":"U","date":"2018-03-28T05:32:52.000Z","volume":500,"label":"X","price":36.025},{"type":"U","date":"2018-03-28T05:32:52.000Z","volume":500,"label":"X","price":36.025},{"type":"U","date":"2018-03-28T05:32:52.000Z","volume":500,"label":"X","price":36.025},{"type":"B","date":"2018-03-28T05:33:12.000Z","volume":500,"label":" ","price":36},{"type":"B","date":"2018-03-28T05:33:17.000Z","volume":500,"label":" ","price":36},{"type":"B","date":"2018-03-28T05:33:36.000Z","volume":1500,"label":" ","price":36},{"type":"B","date":"2018-03-28T05:33:51.000Z","volume":500,"label":" ","price":36},{"type":"B","date":"2018-03-28T05:33:53.000Z","volume":17500,"label":" ","price":36},{"type":"B","date":"2018-03-28T05:33:58.000Z","volume":4000,"label":" ","price":36},{"type":"U","date":"2018-03-28T05:34:01.000Z","volume":500,"label":"X","price":36.025},{"type":"A","date":"2018-03-28T05:35:03.000Z","volume":500,"label":" ","price":36.05},{"type":"A","date":"2018-03-28T05:35:14.000Z","volume":500,"label":" ","price":36.05},{"type":"U","date":"2018-03-28T05:35:16.000Z","volume":500,"label":"X","price":36.025},{"type":"U","date":"2018-03-28T05:35:16.000Z","volume":500,"label":"X","price":36.025},{"type":"A","date":"2018-03-28T05:35:45.000Z","volume":500,"label":" ","price":36.05},{"type":"B","date":"2018-03-28T05:36:16.000Z","volume":1500,"label":" ","price":36},{"type":"B","date":"2018-03-28T05:36:41.000Z","volume":1000,"label":" ","price":36},{"type":"B","date":"2018-03-28T05:36:41.000Z","volume":1500,"label":" ","price":36},{"type":"A","date":"2018-03-28T05:36:42.000Z","volume":500,"label":" ","price":36.05},{"type":"U","date":"2018-03-28T05:36:55.000Z","volume":500,"label":"X","price":36.025},{"type":"A","date":"2018-03-28T05:37:12.000Z","volume":500,"label":" ","price":36.05},{"type":"A","date":"2018-03-28T05:37:29.000Z","volume":500,"label":" ","price":36.05},{"type":"B","date":"2018-03-28T05:37:30.000Z","volume":500,"label":" ","price":36},{"type":"A","date":"2018-03-28T05:37:30.000Z","volume":500,"label":" ","price":36.05},{"type":"B","date":"2018-03-28T05:38:05.000Z","volume":500,"label":" ","price":36},{"type":"A","date":"2018-03-28T05:38:17.000Z","volume":500,"label":" ","price":36.05},{"type":"A","date":"2018-03-28T05:38:17.000Z","volume":1000,"label":" ","price":36.05},{"type":"B","date":"2018-03-28T05:38:26.000Z","volume":500,"label":" ","price":36},{"type":"A","date":"2018-03-28T05:38:35.000Z","volume":500,"label":" ","price":36.05},{"type":"B","date":"2018-03-28T05:38:36.000Z","volume":1500,"label":" ","price":36},{"type":"A","date":"2018-03-28T05:38:47.000Z","volume":500,"label":" ","price":36.05},{"type":"B","date":"2018-03-28T05:38:53.000Z","volume":500,"label":" ","price":36},{"type":"A","date":"2018-03-28T05:38:56.000Z","volume":1000,"label":" ","price":36.05},{"type":"B","date":"2018-03-28T05:38:57.000Z","volume":4000,"label":" ","price":36},{"type":"B","date":"2018-03-28T05:38:57.000Z","volume":1000,"label":" ","price":36},{"type":"B","date":"2018-03-28T05:38:59.000Z","volume":3000,"label":" ","price":36},{"type":"A","date":"2018-03-28T05:38:59.000Z","volume":500,"label":" ","price":36.05},{"type":"U","date":"2018-03-28T05:39:09.000Z","volume":500,"label":"X","price":36.025},{"type":"A","date":"2018-03-28T05:40:01.000Z","volume":500,"label":" ","price":36.05},{"type":"A","date":"2018-03-28T05:40:02.000Z","volume":500,"label":" ","price":36.05},{"type":"A","date":"2018-03-28T05:40:02.000Z","volume":1000,"label":" ","price":36.05},{"type":"A","date":"2018-03-28T05:40:04.000Z","volume":1000,"label":" ","price":36.05},{"type":"B","date":"2018-03-28T05:40:05.000Z","volume":2000,"label":"Y","price":36},{"type":"B","date":"2018-03-28T05:40:05.000Z","volume":9500,"label":" ","price":36},{"type":"B","date":"2018-03-28T05:40:05.000Z","volume":20500,"label":" ","price":36},{"type":"B","date":"2018-03-28T05:40:05.000Z","volume":1000,"label":" ","price":36},{"type":"B","date":"2018-03-28T05:40:05.000Z","volume":500,"label":" ","price":36},{"type":"B","date":"2018-03-28T05:40:05.000Z","volume":500,"label":" ","price":36},{"type":"B","date":"2018-03-28T05:40:05.000Z","volume":500,"label":" ","price":36},{"type":"U","date":"2018-03-28T05:40:05.000Z","volume":500,"label":" ","price":36},{"type":"B","date":"2018-03-28T05:40:51.000Z","volume":1000,"label":" ","price":35.95},{"type":"U","date":"2018-03-28T05:40:51.000Z","volume":500,"label":"X","price":35.975},{"type":"B","date":"2018-03-28T05:40:51.000Z","volume":500,"label":" ","price":35.95},{"type":"B","date":"2018-03-28T05:41:07.000Z","volume":4500,"label":" ","price":35.95},{"type":"B","date":"2018-03-28T05:41:12.000Z","volume":500,"label":" ","price":35.95},{"type":"U","date":"2018-03-28T05:41:15.000Z","volume":500,"label":"X","price":35.975},{"type":"B","date":"2018-03-28T05:41:18.000Z","volume":500,"label":" ","price":35.95},{"type":"B","date":"2018-03-28T05:41:36.000Z","volume":1000,"label":" ","price":35.95},{"type":"B","date":"2018-03-28T05:41:36.000Z","volume":1000,"label":" ","price":35.95},{"type":"B","date":"2018-03-28T05:41:50.000Z","volume":500,"label":" ","price":35.95},{"type":"B","date":"2018-03-28T05:41:55.000Z","volume":500,"label":" ","price":35.95},{"type":"B","date":"2018-03-28T05:42:00.000Z","volume":500,"label":"Y","price":35.95},{"type":"B","date":"2018-03-28T05:42:00.000Z","volume":2000,"label":" ","price":35.95},{"type":"U","date":"2018-03-28T05:42:07.000Z","volume":500,"label":"X","price":35.95},{"type":"B","date":"2018-03-28T05:42:22.000Z","volume":500,"label":" ","price":35.95},{"type":"B","date":"2018-03-28T05:42:22.000Z","volume":3000,"label":" ","price":35.95},{"type":"B","date":"2018-03-28T05:42:22.000Z","volume":500,"label":" ","price":35.95},{"type":"U","date":"2018-03-28T05:42:40.000Z","volume":500,"label":" ","price":35.95},{"type":"B","date":"2018-03-28T05:42:42.000Z","volume":500,"label":" ","price":35.9},{"type":"B","date":"2018-03-28T05:42:52.000Z","volume":500,"label":" ","price":35.9},{"type":"U","date":"2018-03-28T05:42:59.000Z","volume":500,"label":"X","price":35.9},{"type":"B","date":"2018-03-28T05:43:10.000Z","volume":500,"label":" ","price":35.9},{"type":"B","date":"2018-03-28T05:43:15.000Z","volume":500,"label":" ","price":35.9},{"type":"U","date":"2018-03-28T05:43:23.000Z","volume":500,"label":"X","price":35.925},{"type":"B","date":"2018-03-28T05:43:47.000Z","volume":500,"label":" ","price":35.9},{"type":"B","date":"2018-03-28T05:44:24.000Z","volume":500,"label":" ","price":35.9},{"type":"B","date":"2018-03-28T05:45:01.000Z","volume":1500,"label":" ","price":35.9},{"type":"B","date":"2018-03-28T05:45:02.000Z","volume":500,"label":" ","price":35.9},{"type":"B","date":"2018-03-28T05:45:38.000Z","volume":500,"label":" ","price":35.9},{"type":"B","date":"2018-03-28T05:45:41.000Z","volume":1000,"label":" ","price":35.9},{"type":"B","date":"2018-03-28T05:45:48.000Z","volume":500,"label":" ","price":35.9},{"type":"B","date":"2018-03-28T05:45:52.000Z","volume":500,"label":" ","price":35.9},{"type":"B","date":"2018-03-28T05:46:05.000Z","volume":5500,"label":" ","price":35.9},{"type":"A","date":"2018-03-28T05:46:05.000Z","volume":500,"label":" ","price":35.9},{"type":"A","date":"2018-03-28T05:46:19.000Z","volume":1000,"label":" ","price":35.9},{"type":"B","date":"2018-03-28T05:46:34.000Z","volume":500,"label":" ","price":35.85},{"type":"U","date":"2018-03-28T05:46:43.000Z","volume":500,"label":"X","price":35.875},{"type":"B","date":"2018-03-28T05:47:02.000Z","volume":10000,"label":" ","price":35.85},{"type":"B","date":"2018-03-28T05:47:02.000Z","volume":500,"label":" ","price":35.85},{"type":"B","date":"2018-03-28T05:47:02.000Z","volume":1000,"label":" ","price":35.85},{"type":"B","date":"2018-03-28T05:47:04.000Z","volume":3000,"label":" ","price":35.85},{"type":"B","date":"2018-03-28T05:47:04.000Z","volume":2000,"label":" ","price":35.85},{"type":"B","date":"2018-03-28T05:47:04.000Z","volume":1000,"label":" ","price":35.85},{"type":"B","date":"2018-03-28T05:47:22.000Z","volume":500,"label":" ","price":35.8},{"type":"A","date":"2018-03-28T05:47:35.000Z","volume":500,"label":" ","price":35.85},{"type":"A","date":"2018-03-28T05:47:35.000Z","volume":500,"label":" ","price":35.85},{"type":"A","date":"2018-03-28T05:47:35.000Z","volume":500,"label":" ","price":35.85},{"type":"B","date":"2018-03-28T05:47:41.000Z","volume":500,"label":" ","price":35.8},{"type":"B","date":"2018-03-28T05:48:05.000Z","volume":500,"label":" ","price":35.8},{"type":"B","date":"2018-03-28T05:48:06.000Z","volume":6500,"label":" ","price":35.8},{"type":"B","date":"2018-03-28T05:48:06.000Z","volume":1000,"label":" ","price":35.8},{"type":"B","date":"2018-03-28T05:48:28.000Z","volume":10000,"label":" ","price":35.75},{"type":"B","date":"2018-03-28T05:48:29.000Z","volume":1000,"label":" ","price":35.75},{"type":"A","date":"2018-03-28T05:48:36.000Z","volume":2000,"label":" ","price":35.75},{"type":"A","date":"2018-03-28T05:48:39.000Z","volume":1000,"label":" ","price":35.75}