[{"type":"A","date":"2018-04-24T01:38:15.000Z","volume":10000,"label":" ","price":2.64},{"type":"B","date":"2018-04-24T01:39:43.000Z","volume":102000,"label":" ","price":2.63},{"type":"B","date":"2018-04-24T01:53:16.000Z","volume":2000,"label":" ","price":2.63},{"type":"B","date":"2018-04-24T01:53:49.000Z","volume":2000,"label":" ","price":2.63},{"type":"B","date":"2018-04-24T01:55:16.000Z","volume":4000,"label":" ","price":2.63},{"type":"B","date":"2018-04-24T01:55:33.000Z","volume":2000,"label":" ","price":2.64},{"type":"A","date":"2018-04-24T01:56:13.000Z","volume":60000,"label":" ","price":2.65},{"type":"B","date":"2018-04-24T01:57:15.000Z","volume":2000,"label":"Y","price":2.64},{"type":"B","date":"2018-04-24T01:59:16.000Z","volume":4000,"label":"Y","price":2.64},{"type":"A","date":"2018-04-24T02:01:09.000Z","volume":2000,"label":" ","price":2.66},{"type":"B","date":"2018-04-24T02:01:17.000Z","volume":2000,"label":" ","price":2.65},{"type":"B","date":"2018-04-24T02:02:30.000Z","volume":20000,"label":" ","price":2.65},{"type":"B","date":"2018-04-24T02:03:17.000Z","volume":2000,"label":" ","price":2.65},{"type":"B","date":"2018-04-24T02:05:17.000Z","volume":4000,"label":" ","price":2.65},{"type":"A","date":"2018-04-24T02:05:30.000Z","volume":2000,"label":" ","price":2.66},{"type":"A","date":"2018-04-24T02:06:10.000Z","volume":2000,"label":" ","price":2.66},{"type":"A","date":"2018-04-24T02:06:36.000Z","volume":8000,"label":" ","price":2.66},{"type":"B","date":"2018-04-24T02:07:18.000Z","volume":2000,"label":" ","price":2.65},{"type":"B","date":"2018-04-24T02:09:18.000Z","volume":4000,"label":" ","price":2.65},{"type":"A","date":"2018-04-24T02:09:44.000Z","volume":84000,"label":"Y","price":2.66},{"type":"A","date":"2018-04-24T02:10:10.000Z","volume":4000,"label":" ","price":2.66},{"type":"B","date":"2018-04-24T02:11:18.000Z","volume":2000,"label":" ","price":2.65},{"type":"A","date":"2018-04-24T02:12:10.000Z","volume":2000,"label":" ","price":2.66},{"type":"A","date":"2018-04-24T02:13:10.000Z","volume":2000,"label":" ","price":2.66},{"type":"B","date":"2018-04-24T02:13:19.000Z","volume":4000,"label":" ","price":2.65},{"type":"A","date":"2018-04-24T02:14:10.000Z","volume":2000,"label":" ","price":2.66},{"type":"B","date":"2018-04-24T02:15:19.000Z","volume":2000,"label":" ","price":2.65},{"type":"A","date":"2018-04-24T02:17:10.000Z","volume":2000,"label":" ","price":2.66},{"type":"B","date":"2018-04-24T02:17:19.000Z","volume":2000,"label":" ","price":2.65},{"type":"B","date":"2018-04-24T02:19:20.000Z","volume":2000,"label":"Y","price":2.65},{"type":"B","date":"2018-04-24T02:19:20.000Z","volume":2000,"label":" ","price":2.65},{"type":"A","date":"2018-04-24T02:20:09.000Z","volume":6000,"label":" ","price":2.66},{"type":"B","date":"2018-04-24T02:21:20.000Z","volume":2000,"label":" ","price":2.66},{"type":"A","date":"2018-04-24T02:22:42.000Z","volume":14000,"label":" ","price":2.67},{"type":"B","date":"2018-04-24T02:23:21.000Z","volume":4000,"label":" ","price":2.66},{"type":"A","date":"2018-04-24T02:23:28.000Z","volume":24000,"label":" ","price":2.67},{"type":"B","date":"2018-04-24T02:25:22.000Z","volume":2000,"label":" ","price":2.66},{"type":"B","date":"2018-04-24T02:27:22.000Z","volume":2000,"label":" ","price":2.66},{"type":"B","date":"2018-04-24T02:29:22.000Z","volume":4000,"label":" ","price":2.66},{"type":"A","date":"2018-04-24T02:29:37.000Z","volume":2000,"label":" ","price":2.67},{"type":"A","date":"2018-04-24T02:29:43.000Z","volume":2000,"label":" ","price":2.67},{"type":"B","date":"2018-04-24T02:31:22.000Z","volume":2000,"label":" ","price":2.66},{"type":"A","date":"2018-04-24T02:31:38.000Z","volume":2000,"label":" ","price":2.67},{"type":"B","date":"2018-04-24T02:33:23.000Z","volume":4000,"label":" ","price":2.66},{"type":"B","date":"2018-04-24T02:33:33.000Z","volume":10000,"label":" ","price":2.66},{"type":"A","date":"2018-04-24T02:33:38.000Z","volume":2000,"label":" ","price":2.67},{"type":"B","date":"2018-04-24T02:35:23.000Z","volume":2000,"label":" ","price":2.66},{"type":"A","date":"2018-04-24T02:35:38.000Z","volume":2000,"label":" ","price":2.67},{"type":"B","date":"2018-04-24T02:37:23.000Z","volume":2000,"label":" ","price":2.66},{"type":"A","date":"2018-04-24T02:37:38.000Z","volume":2000,"label":" ","price":2.67},{"type":"A","date":"2018-04-24T02:38:38.000Z","volume":2000,"label":" ","price":2.67},{"type":"B","date":"2018-04-24T02:39:24.000Z","volume":4000,"label":" ","price":2.66},{"type":"A","date":"2018-04-24T02:40:08.000Z","volume":2000,"label":" ","price":2.67},{"type":"B","date":"2018-04-24T02:41:24.000Z","volume":2000,"label":" ","price":2.66},{"type":"A","date":"2018-04-24T02:41:38.000Z","volume":2000,"label":" ","price":2.67},{"type":"B","date":"2018-04-24T02:42:15.000Z","volume":6000,"label":" ","price":2.66},{"type":"A","date":"2018-04-24T02:43:08.000Z","volume":2000,"label":" ","price":2.67},{"type":"B","date":"2018-04-24T02:43:25.000Z","volume":4000,"label":" ","price":2.66},{"type":"B","date":"2018-04-24T02:43:45.000Z","volume":8000,"label":"Y","price":2.66},{"type":"B","date":"2018-04-24T02:43:45.000Z","volume":12000,"label":" ","price":2.66},{"type":"B","date":"2018-04-24T02:45:26.000Z","volume":2000,"label":" ","price":2.66},{"type":"B","date":"2018-04-24T02:46:51.000Z","volume":20000,"label":"Y","price":2.66},{"type":"B","date":"2018-04-24T02:47:26.000Z","volume":2000,"label":"Y","price":2.66},{"type":"B","date":"2018-04-24T02:49:26.000Z","volume":4000,"label":"Y","price":2.66},{"type":"B","date":"2018-04-24T02:49:41.000Z","volume":10000,"label":" ","price":2.66},{"type":"B","date":"2018-04-24T02:50:49.000Z","volume":30000,"label":" ","price":2.66},{"type":"B","date":"2018-04-24T02:50:49.000Z","volume":4000,"label":" ","price":2.66},{"type":"B","date":"2018-04-24T02:51:27.000Z","volume":2000,"label":" ","price":2.66},{"type":"B","date":"2018-04-24T02:51:40.000Z","volume":10000,"label":"Y","price":2.66},{"type":"B","date":"2018-04-24T02:53:27.000Z","volume":4000,"label":" ","price":2.66},{"type":"B","date":"2018-04-24T02:55:27.000Z","volume":2000,"label":" ","price":2.66},{"type":"B","date":"2018-04-24T02:57:28.000Z","volume":4000,"label":" ","price":2.66},{"type":"B","date":"2018-04-24T02:59:28.000Z","volume":2000,"label":" ","price":2.66},{"type":"B","date":"2018-04-24T03:01:29.000Z","volume":2000,"label":" ","price":2.66},{"type":"B","date":"2018-04-24T03:03:30.000Z","volume":4000,"label":" ","price":2.66},{"type":"B","date":"2018-04-24T03:05:30.000Z","volume":2000,"label":" ","price":2.66},{"type":"B","date":"2018-04-24T03:05:51.000Z","volume":60000,"label":" ","price":2.66},{"type":"B","date":"2018-04-24T03:07:31.000Z","volume":4000,"label":" ","price":2.66},{"type":"B","date":"2018-04-24T03:07:38.000Z","volume":10000,"label":"Y","price":2.66},{"type":"B","date":"2018-04-24T03:09:30.000Z","volume":2000,"label":" ","price":2.66},{"type":"B","date":"2018-04-24T03:11:31.000Z","volume":2000,"label":" ","price":2.66},{"type":"B","date":"2018-04-24T03:13:31.000Z","volume":4000,"label":" ","price":2.66},{"type":"B","date":"2018-04-24T03:15:32.000Z","volume":2000,"label":" ","price":2.66},{"type":"B","date":"2018-04-24T03:17:15.000Z","volume":2000,"label":"Y","price":2.66},{"type":"B","date":"2018-04-24T03:17:32.000Z","volume":4000,"label":"Y","price":2.65},{"type":"B","date":"2018-04-24T03:19:32.000Z","volume":2000,"label":"Y","price":2.65},{"type":"B","date":"2018-04-24T03:21:34.000Z","volume":2000,"label":"Y","price":2.65},{"type":"A","date":"2018-04-24T03:23:06.000Z","volume":4000,"label":"Y","price":2.66},{"type":"B","date":"2018-04-24T03:23:34.000Z","volume":4000,"label":"Y","price":2.65},{"type":"A","date":"2018-04-24T03:25:22.000Z","volume":4000,"label":"Y","price":2.66},{"type":"B","date":"2018-04-24T03:25:33.000Z","volume":2000,"label":"Y","price":2.65},{"type":"B","date":"2018-04-24T03:26:27.000Z","volume":2000,"label":" ","price":2.65},{"type":"B","date":"2018-04-24T03:27:35.000Z","volume":4000,"label":"Y","price":2.65},{"type":"A","date":"2018-04-24T03:28:31.000Z","volume":20000,"label":" ","price":2.66},{"type":"B","date":"2018-04-24T03:29:35.000Z","volume":2000,"label":"Y","price":2.65},{"type":"A","date":"2018-04-24T03:30:11.000Z","volume":2000,"label":" ","price":2.66},{"type":"B","date":"2018-04-24T03:31:35.000Z","volume":4000,"label":" ","price":2.65},{"type":"B","date":"2018-04-24T03:33:35.000Z","volume":2000,"label":" ","price":2.65},{"type":"B","date":"2018-04-24T03:35:36.000Z","volume":2000,"label":" ","price":2.65},{"type":"B","date":"2018-04-24T03:37:36.000Z","volume":4000,"label":" ","price":2.65},{"type":"B","date":"2018-04-24T03:39:36.000Z","volume":2000,"label":" ","price":2.65},{"type":"B","date":"2018-04-24T03:41:37.000Z","volume":4000,"label":" ","price":2.65},{"type":"B","date":"2018-04-24T03:43:38.000Z","volume":2000,"label":" ","price":2.65},{"type":"B","date":"2018-04-24T03:45:38.000Z","volume":2000,"label":" ","price":2.65},{"type":"B","date":"2018-04-24T03:47:39.000Z","volume":4000,"label":" ","price":2.65},{"type":"B","date":"2018-04-24T03:49:39.000Z","volume":2000,"label":" ","price":2.65},{"type":"B","date":"2018-04-24T03:51:39.000Z","volume":4000,"label":" ","price":2.64},{"type":"B","date":"2018-04-24T03:53:40.000Z","volume":2000,"label":" ","price":2.65},{"type":"B","date":"2018-04-24T03:55:40.000Z","volume":2000,"label":" ","price":2.65},{"type":"B","date":"2018-04-24T03:57:41.000Z","volume":4000,"label":" ","price":2.65},{"type":"B","date":"2018-04-24T03:59:42.000Z","volume":2000,"label":" ","price":2.65},{"type":"B","date":"2018-04-24T05:01:10.000Z","volume":72000,"label":" ","price":2.65},{"type":"A","date":"2018-04-24T05:02:15.000Z","volume":2000,"label":" ","price":2.65},{"type":"A","date":"2018-04-24T05:03:04.000Z","volume":12000,"label":" ","price":2.65},{"type":"A","date":"2018-04-24T05:16:33.000Z","volume":4000,"label":" ","price":2.66},{"type":"A","date":"2018-04-24T06:06:26.000Z","volume":2000,"label":" ","price":2.66},{"type":"A","date":"2018-04-24T06:09:00.000Z","volume":2000,"label":"Y","price":2.66},{"type":"A","date":"2018-04-24T06:20:30.000Z","volume":2000,"label":" ","price":2.66},{"type":"A","date":"2018-04-24T06:26:00.000Z","volume":8000,"label":" ","price":2.66},{"type":"A","date":"2018-04-24T06:58:10.000Z","volume":30000,"label":"Y","price":2.66},{"type":"B","date":"2018-04-24T07:09:39.000Z","volume":4000,"label":" ","price":2.65},{"type":"B","date":"2018-04-24T07:12:39.000Z","volume":2000,"label":" ","price":2.65},{"type":"B","date":"2018-04-24T07:13:54.000Z","volume":2000,"label":" ","price":2.65},{"type":"A","date":"2018-04-24T07:14:33.000Z","volume":70000,"label":" ","price":2.66},{"type":"B","date":"2018-04-24T07:14:33.000Z","volume":2000,"label":" ","price":2.66},{"type":"B","date":"2018-04-24T07:14:33.000Z","volume":8000,"label":" ","price":2.66},{"type":"B","date":"2018-04-24T07:15:09.000Z","volume":2000,"label":" ","price":2.66},{"type":"B","date":"2018-04-24T07:15:24.000Z","volume":2000,"label":" ","price":2.66},{"type":"B","date":"2018-04-24T07:15:54.000Z","volume":2000,"label":" ","price":2.66},{"type":"B","date":"2018-04-24T07:16:09.000Z","volume":2000,"label":" ","price":2.66},{"type":"B","date":"2018-04-24T07:16:39.000Z","volume":2000,"label":" ","price":2.66},{"type":"B","date":"2018-04-24T07:16:54.000Z","volume":2000,"label":" ","price":2.66},{"type":"B","date":"2018-04-24T07:17:09.000Z","volume":2000,"label":" ","price":2.66},{"type":"B","date":"2018-04-24T07:17:39.000Z","volume":2000,"label":" ","price":2.66},{"type":"B","date":"2018-04-24T07:17:54.000Z","volume":2000,"label":" ","price":2.66},{"type":"B","date":"2018-04-24T07:18:07.000Z","volume":2000,"label":" ","price":2.66},{"type":"B","date":"2018-04-24T07:18:07.000Z","volume":4000,"label":" ","price":2.66},{"type":"A","date":"2018-04-24T07:18:14.000Z","volume":4000,"label":" ","price":2.66},{"type":"B","date":"2018-04-24T07:18:15.000Z","volume":2000,"label":" ","price":2.66},{"type":"A","date":"2018-04-24T07:18:24.000Z","volume":224000,"label":" ","price":2.67},{"type":"A","date":"2018-04-24T07:18:24.000Z","volume":74000,"label":" ","price":2.68},{"type":"A","date":"2018-04-24T07:18:24.000Z","volume":2000,"label":" ","price":2.69},{"type":"B","date":"2018-04-24T07:19:54.000Z","volume":2000,"label":" ","price":2.66},{"type":"B","date":"2018-04-24T07:20:09.000Z","volume":2000,"label":" ","price":2.66},{"type":"B","date":"2018-04-24T07:20:39.000Z","volume":2000,"label":" ","price":2.66},{"type":"B","date":"2018-04-24T07:20:54.000Z","volume":2000,"label":" ","price":2.66},{"type":"B","date":"2018-04-24T07:21:09.000Z","volume":2000,"label":" ","price":2.66},{"type":"B","date":"2018-04-24T07:21:24.000Z","volume":2000,"label":" ","price":2.66},{"type":"B","date":"2018-04-24T07:21:54.000Z","volume":2000,"label":" ","price":2.66},{"type":"B","date":"2018-04-24T07:22:09.000Z","volume":2000,"label":" ","price":2.66},{"type":"A","date":"2018-04-24T07:22:15.000Z","volume":2000,"label":" ","price":2.69},{"type":"B","date":"2018-04-24T07:22:16.000Z","volume":2000,"label":" ","price":2.67},{"type":"B","date":"2018-04-24T07:22:39.000Z","volume":2000,"label":" ","price":2.66},{"type":"B","date":"2018-04-24T07:22:54.000Z","volume":2000,"label":" ","price":2.66},{"type":"B","date":"2018-04-24T07:23:24.000Z","volume":2000,"label":" ","price":2.66},{"type":"B","date":"2018-04-24T07:23:39.000Z","volume":2000,"label":" ","price":2.66},{"type":"B","date":"2018-04-24T07:23:39.000Z","volume":2000,"label":" ","price":2.66},{"type":"B","date":"2018-04-24T07:24:09.000Z","volume":2000,"label":" ","price":2.66},{"type":"B","date":"2018-04-24T07:24:39.000Z","volume":2000,"label":" ","price":2.66},{"type":"B","date":"2018-04-24T07:24:54.000Z","volume":2000,"label":" ","price":2.66},{"type":"B","date":"2018-04-24T07:25:09.000Z","volume":2000,"label":" ","price":2.66},{"type":"B","date":"2018-04-24T07:25:39.000Z","volume":2000,"label":" ","price":2.66},{"type":"B","date":"2018-04-24T07:25:54.000Z","volume":2000,"label":" ","price":2.66},{"type":"B","date":"2018-04-24T07:26:09.000Z","volume":2000,"label":" ","price":2.66},{"type":"B","date":"2018-04-24T07:26:39.000Z","volume":2000,"label":" ","price":2.66},{"type":"B","date":"2018-04-24T07:26:39.000Z","volume":2000,"label":" ","price":2.66},{"type":"B","date":"2018-04-24T07:27:09.000Z","volume":2000,"label":" ","price":2.66},{"type":"B","date":"2018-04-24T07:28:24.000Z","volume":2000,"label":" ","price":2.66},{"type":"B","date":"2018-04-24T07:29:24.000Z","volume":2000,"label":" ","price":2.66},{"type":"B","date":"2018-04-24T07:29:39.000Z","volume":2000,"label":" ","price":2.66},{"type":"B","date":"2018-04-24T07:29:39.000Z","volume":2000,"label":" ","price":2.66},{"type":"B","date":"2018-04-24T07:29:39.000Z","volume":2000,"label":" ","price":2.66},{"type":"B","date":"2018-04-24T07:30:39.000Z","volume":2000,"label":" ","price":2.66},{"type":"B","date":"2018-04-24T07:30:39.000Z","volume":2000,"label":" ","price":2.66},{"type":"B","date":"2018-04-24T07:31:39.000Z","volume":2000,"label":" ","price":2.66},{"type":"B","date":"2018-04-24T07:31:39.000Z","volume":2000,"label":" ","price":2.66},{"type":"B","date":"2018-04-24T07:32:39.000Z","volume":2000,"label":" ","price":2.66},{"type":"B","date":"2018-04-24T07:32:39.000Z","volume":2000,"label":" ","price":2.66},{"type":"B","date":"2018-04-24T07:33:39.000Z","volume":2000,"label":" ","price":2.66},{"type":"B","date":"2018-04-24T07:34:24.000Z","volume":2000,"label":" ","price":2.66},{"type":"B","date":"2018-04-24T07:35:10.000Z","volume":2000,"label":" ","price":2.66},{"type":"B","date":"2018-04-24T07:35:40.000Z","volume":2000,"label":" ","price":2.66},{"type":"B","date":"2018-04-24T07:36:09.000Z","volume":2000,"label":" ","price":2.66},{"type":"B","date":"2018-04-24T07:36:55.000Z","volume":2000,"label":" ","price":2.66},{"type":"B","date":"2018-04-24T07:36:55.000Z","volume":2000,"label":" ","price":2.66},{"type":"B","date":"2018-04-24T07:37:54.000Z","volume":2000,"label":" ","price":2.66},{"type":"B","date":"2018-04-24T07:38:24.000Z","volume":2000,"label":" ","price":2.66},{"type":"B","date":"2018-04-24T07:38:40.000Z","volume":2000,"label":" ","price":2.66},{"type":"B","date":"2018-04-24T07:38:40.000Z","volume":2000,"label":" ","price":2.66},{"type":"B","date":"2018-04-24T07:39:25.000Z","volume":2000,"label":" ","price":2.66},{"type":"B","date":"2018-04-24T07:39:55.000Z","volume":2000,"label":" ","price":2.66},{"type":"B","date":"2018-04-24T07:39:55.000Z","volume":2000,"label":" ","price":2.66},{"type":"B","date":"2018-04-24T07:40:40.000Z","volume":2000,"label":" ","price":2.66},{"type":"B","date":"2018-04-24T07:41:09.000Z","volume":2000,"label":" ","price":2.66},{"type":"B","date":"2018-04-24T07:41:25.000Z","volume":2000,"label":" ","price":2.66},{"type":"B","date":"2018-04-24T07:41:54.000Z","volume":2000,"label":" ","price":2.66},{"type":"B","date":"2018-04-24T07:42:24.000Z","volume":2000,"label":" ","price":2.66},{"type":"B","date":"2018-04-24T07:42:39.000Z","volume":2000,"label":" ","price":2.66},{"type":"B","date":"2018-04-24T07:42:55.000Z","volume":2000,"label":" ","price":2.66},{"type":"B","date":"2018-04-24T07:43:24.000Z","volume":2000,"label":" ","price":2.66},{"type":"B","date":"2018-04-24T07:43:40.000Z","volume":2000,"label":" ","price":2.66},{"type":"B","date":"2018-04-24T07:43:55.000Z","volume":2000,"label":" ","price":2.66},{"type":"B","date":"2018-04-24T07:44:10.000Z","volume":2000,"label":" ","price":2.66},{"type":"A","date":"2018-04-24T07:44:30.000Z","volume":4000,"label":" ","price":2.67},{"type":"A","date":"2018-04-24T07:44:30.000Z","volume":2000,"label":" ","price":2.67},{"type":"B","date":"2018-04-24T07:45:25.000Z","volume":2000,"label":" ","price":2.66},{"type":"B","date":"2018-04-24T07:45:25.000Z","volume":2000,"label":" ","price":2.66},{"type":"B","date":"2018-04-24T07:45:55.000Z","volume":2000,"label":" ","price":2.66},{"type":"B","date":"2018-04-24T07:45:55.000Z","volume":2000,"label":" ","price":2.66},{"type":"B","date":"2018-04-24T07:46:10.000Z","volume":4000,"label":" ","price":2.66},{"type":"B","date":"2018-04-24T07:46:40.000Z","volume":4000,"label":" ","price":2.66},{"type":"B","date":"2018-04-24T07:46:40.000Z","volume":2000,"label":" ","price":2.66},{"type":"B","date":"2018-04-24T07:47:10.000Z","volume":4000,"label":" ","price":2.66},{"type":"B","date":"2018-04-24T07:47:10.000Z","volume":2000,"label":" ","price":2.66},{"type":"B","date":"2018-04-24T07:47:40.000Z","volume":2000,"label":" ","price":2.66},{"type":"B","date":"2018-04-24T07:47:40.000Z","volume":2000,"label":" ","price":2.66},{"type":"B","date":"2018-04-24T07:47:40.000Z","volume":2000,"label":" ","price":2.66},{"type":"B","date":"2018-04-24T07:48:10.000Z","volume":2000,"label":" ","price":2.66},{"type":"B","date":"2018-04-24T07:48:10.000Z","volume":2000,"label":" ","price":2.66},{"type":"B","date":"2018-04-24T07:48:25.000Z","volume":2000,"label":" ","price":2.66},{"type":"B","date":"2018-04-24T07:48:25.000Z","volume":2000,"label":" ","price":2.66},{"type":"A","date":"2018-04-24T07:48:26.000Z","volume":8000,"label":" ","price":2.67},{"type":"B","date":"2018-04-24T07:48:40.000Z","volume":2000,"label":" ","price":2.65},{"type":"B","date":"2018-04-24T07:48:55.000Z","volume":4000,"label":" ","price":2.65},{"type":"B","date":"2018-04-24T07:49:25.000Z","volume":4000,"label":" ","price":2.65},{"type":"B","date":"2018-04-24T07:49:40.000Z","volume":2000,"label":" ","price":2.65},{"type":"B","date":"2018-04-24T07:49:55.000Z","volume":4000,"label":" ","price":2.65},{"type":"B","date":"2018-04-24T07:50:25.000Z","volume":2000,"label":" ","price":2.65},{"type":"B","date":"2018-04-24T07:50:40.000Z","volume":2000,"label":" ","price":2.65},{"type":"B","date":"2018-04-24T07:50:40.000Z","volume":2000,"label":" ","price":2.65},{"type":"B","date":"2018-04-24T07:50:55.000Z","volume":2000,"label":" ","price":2.65},{"type":"B","date":"2018-04-24T07:51:10.000Z","volume":2000,"label":" ","price":2.65},{"type":"B","date":"2018-04-24T07:51:25.000Z","volume":2000,"label":" ","price":2.65},{"type":"B","date":"2018-04-24T07:51:25.000Z","volume":2000,"label":" ","price":2.65},{"type":"B","date":"2018-04-24T07:51:40.000Z","volume":2000,"label":" ","price":2.65},{"type":"B","date":"2018-04-24T07:51:55.000Z","volume":2000,"label":" ","price":2.65},{"type":"B","date":"2018-04-24T07:52:10.000Z","volume":4000,"label":" ","price":2.65},{"type":"B","date":"2018-04-24T07:52:40.000Z","volume":2000,"label":" ","price":2.65},{"type":"B","date":"2018-04-24T07:52:55.000Z","volume":2000,"label":" ","price":2.65},{"type":"B","date":"2018-04-24T07:53:10.000Z","volume":2000,"label":" ","price":2.65},{"type":"B","date":"2018-04-24T07:53:25.000Z","volume":2000,"label":" ","price":2.65},{"type":"B","date":"2018-04-24T07:53:40.000Z","volume":2000,"label":" ","price":2.65},{"type":"B","date":"2018-04-24T07:53:40.000Z","volume":4000,"label":" ","price":2.65},{"type":"B","date":"2018-04-24T07:54:25.000Z","volume":2000,"label":" ","price":2.65},{"type":"B","date":"2018-04-24T07:54:25.000Z","volume":2000,"label":" ","price":2.65},{"type":"B","date":"2018-04-24T07:54:40.000Z","volume":2000,"label":" ","price":2.65},{"type":"B","date":"2018-04-24T07:54:55.000Z","volume":2000,"label":" ","price":2.65},{"type":"B","date":"2018-04-24T07:55:10.000Z","volume":2000,"label":" ","price":2.65},{"type":"A","date":"2018-04-24T07:55:21.000Z","volume":2000,"label":" ","price":2.67},{"type":"B","date":"2018-04-24T07:55:22.000Z","volume":2000,"label":" ","price":2.65},{"type":"B","date":"2018-04-24T07:55:40.000Z","volume":2000,"label":" ","price":2.65},{"type":"B","date":"2018-04-24T07:55:55.000Z","volume":2000,"label":" ","price":2.65},{"type":"B","date":"2018-04-24T07:55:55.000Z","volume":2000,"label":" ","price":2.65},{"type":"B","date":"2018-04-24T07:56:10.000Z","volume":2000,"label":" ","price":2.65},{"type":"B","date":"2018-04-24T07:56:25.000Z","volume":2000,"label":" ","price":2.65},{"type":"B","date":"2018-04-24T07:56:40.000Z","volume":2000,"label":" ","price":2.65},{"type":"B","date":"2018-04-24T07:56:40.000Z","volume":2000,"label":" ","price":2.65},{"type":"B","date":"2018-04-24T07:56:55.000Z","volume":2000,"label":" ","price":2.65},{"type":"B","date":"2018-04-24T07:57:10.000Z","volume":2000,"label":" ","price":2.65},{"type":"B","date":"2018-04-24T07:57:25.000Z","volume":2000,"label":" ","price":2.65},{"type":"B","date":"2018-04-24T07:57:40.000Z","volume":2000,"label":" ","price":2.65},{"type":"B","date":"2018-04-24T07:57:55.000Z","volume":2000,"label":" ","price":2.65},{"type":"B","date":"2018-04-24T07:57:55.000Z","volume":2000,"label":" ","price":2.65},{"type":"B","date":"2018-04-24T07:58:10.000Z","volume":2000,"label":" ","price":2.65},{"type":"B","date":"2018-04-24T07:58:25.000Z","volume":2000,"label":" ","price":2.65},{"type":"B","date":"2018-04-24T07:58:40.000Z","volume":2000,"label":" ","price":2.65},{"type":"B","date":"2018-04-24T07:58:55.000Z","volume":2000,"label":" ","price":2.65},{"type":"B","date":"2018-04-24T07:58:55.000Z","volume":2000,"label":" ","price":2.65},{"type":"B","date":"2018-04-24T07:58:56.000Z","volume":2000,"label":" ","price":2.65},{"type":"A","date":"2018-04-24T07:59:45.000Z","volume":2000,"label":" ","price":2.68},{"type":"U","date":"2018-04-24T08:08:02.000Z","volume":12000,"label":"U","price":2.68}]