[{"type":"U","date":"2018-04-09T01:20:00.000Z","volume":8000,"label":"U","price":7.35},{"type":"U","date":"2018-04-09T01:30:00.000Z","volume":10000,"label":" ","price":7.35},{"type":"A","date":"2018-04-09T01:30:01.000Z","volume":1000,"label":" ","price":7.37},{"type":"A","date":"2018-04-09T01:30:01.000Z","volume":3000,"label":" ","price":7.37},{"type":"A","date":"2018-04-09T01:30:01.000Z","volume":17000,"label":" ","price":7.39},{"type":"A","date":"2018-04-09T01:30:01.000Z","volume":3000,"label":" ","price":7.39},{"type":"A","date":"2018-04-09T01:30:12.000Z","volume":8000,"label":" ","price":7.4},{"type":"A","date":"2018-04-09T01:30:12.000Z","volume":23000,"label":" ","price":7.42},{"type":"A","date":"2018-04-09T01:30:12.000Z","volume":19000,"label":" ","price":7.43},{"type":"B","date":"2018-04-09T01:30:14.000Z","volume":2000,"label":"Y","price":7.39},{"type":"B","date":"2018-04-09T01:30:14.000Z","volume":6000,"label":" ","price":7.39},{"type":"B","date":"2018-04-09T01:30:14.000Z","volume":5000,"label":"Y","price":7.38},{"type":"B","date":"2018-04-09T01:30:14.000Z","volume":7000,"label":" ","price":7.38},{"type":"A","date":"2018-04-09T01:30:20.000Z","volume":1000,"label":" ","price":7.43},{"type":"B","date":"2018-04-09T01:30:28.000Z","volume":10000,"label":" ","price":7.4},{"type":"B","date":"2018-04-09T01:30:28.000Z","volume":4000,"label":" ","price":7.39},{"type":"A","date":"2018-04-09T01:30:30.000Z","volume":1000,"label":" ","price":7.39},{"type":"A","date":"2018-04-09T01:30:40.000Z","volume":20000,"label":" ","price":7.39},{"type":"A","date":"2018-04-09T01:30:59.000Z","volume":10000,"label":" ","price":7.39},{"type":"B","date":"2018-04-09T01:31:06.000Z","volume":6000,"label":" ","price":7.39},{"type":"B","date":"2018-04-09T01:31:12.000Z","volume":1000,"label":" ","price":7.37},{"type":"B","date":"2018-04-09T01:31:13.000Z","volume":2000,"label":" ","price":7.35},{"type":"A","date":"2018-04-09T01:31:52.000Z","volume":1000,"label":" ","price":7.37},{"type":"B","date":"2018-04-09T01:32:10.000Z","volume":10000,"label":" ","price":7.35},{"type":"B","date":"2018-04-09T01:32:10.000Z","volume":7000,"label":" ","price":7.35},{"type":"A","date":"2018-04-09T01:33:00.000Z","volume":19000,"label":" ","price":7.37},{"type":"A","date":"2018-04-09T01:33:00.000Z","volume":3000,"label":" ","price":7.38},{"type":"B","date":"2018-04-09T01:33:03.000Z","volume":6000,"label":" ","price":7.37},{"type":"B","date":"2018-04-09T01:33:03.000Z","volume":1000,"label":" ","price":7.37},{"type":"A","date":"2018-04-09T01:33:05.000Z","volume":1000,"label":" ","price":7.38},{"type":"A","date":"2018-04-09T01:33:12.000Z","volume":5000,"label":" ","price":7.38},{"type":"A","date":"2018-04-09T01:33:15.000Z","volume":1000,"label":" ","price":7.38},{"type":"A","date":"2018-04-09T01:33:40.000Z","volume":20000,"label":" ","price":7.4},{"type":"B","date":"2018-04-09T01:33:41.000Z","volume":44000,"label":" ","price":7.37},{"type":"U","date":"2018-04-09T01:33:43.000Z","volume":1000,"label":" ","price":7.39},{"type":"B","date":"2018-04-09T01:34:17.000Z","volume":1000,"label":" ","price":7.39},{"type":"U","date":"2018-04-09T01:34:35.000Z","volume":1000,"label":" ","price":7.4},{"type":"A","date":"2018-04-09T01:34:42.000Z","volume":10000,"label":" ","price":7.4},{"type":"A","date":"2018-04-09T01:34:52.000Z","volume":1000,"label":" ","price":7.4},{"type":"B","date":"2018-04-09T01:34:54.000Z","volume":21000,"label":" ","price":7.39},{"type":"B","date":"2018-04-09T01:34:54.000Z","volume":3000,"label":" ","price":7.38},{"type":"B","date":"2018-04-09T01:36:01.000Z","volume":1000,"label":" ","price":7.38},{"type":"A","date":"2018-04-09T01:36:04.000Z","volume":1000,"label":"Y","price":7.39},{"type":"A","date":"2018-04-09T01:36:04.000Z","volume":1000,"label":" ","price":7.39},{"type":"A","date":"2018-04-09T01:36:04.000Z","volume":1000,"label":"Y","price":7.39},{"type":"A","date":"2018-04-09T01:36:04.000Z","volume":2000,"label":"Y","price":7.39},{"type":"A","date":"2018-04-09T01:36:28.000Z","volume":3000,"label":" ","price":7.39},{"type":"A","date":"2018-04-09T01:36:52.000Z","volume":1000,"label":" ","price":7.39},{"type":"A","date":"2018-04-09T01:36:53.000Z","volume":1000,"label":" ","price":7.39},{"type":"A","date":"2018-04-09T01:36:55.000Z","volume":1000,"label":" ","price":7.39},{"type":"A","date":"2018-04-09T01:37:02.000Z","volume":1000,"label":" ","price":7.39},{"type":"A","date":"2018-04-09T01:37:02.000Z","volume":4000,"label":" ","price":7.39},{"type":"B","date":"2018-04-09T01:37:42.000Z","volume":2000,"label":"Y","price":7.39},{"type":"B","date":"2018-04-09T01:37:42.000Z","volume":7000,"label":" ","price":7.39},{"type":"B","date":"2018-04-09T01:37:42.000Z","volume":32000,"label":" ","price":7.38},{"type":"A","date":"2018-04-09T01:38:03.000Z","volume":1000,"label":" ","price":7.39},{"type":"B","date":"2018-04-09T01:38:28.000Z","volume":20000,"label":" ","price":7.38},{"type":"B","date":"2018-04-09T01:38:28.000Z","volume":20000,"label":" ","price":7.38},{"type":"A","date":"2018-04-09T01:38:28.000Z","volume":1000,"label":"Y","price":7.38},{"type":"B","date":"2018-04-09T01:38:44.000Z","volume":5000,"label":" ","price":7.38},{"type":"B","date":"2018-04-09T01:38:44.000Z","volume":2000,"label":" ","price":7.38},{"type":"B","date":"2018-04-09T01:39:06.000Z","volume":1000,"label":" ","price":7.37},{"type":"B","date":"2018-04-09T01:39:07.000Z","volume":136000,"label":" ","price":7.37},{"type":"B","date":"2018-04-09T01:39:07.000Z","volume":2000,"label":" ","price":7.36},{"type":"B","date":"2018-04-09T01:39:07.000Z","volume":36000,"label":" ","price":7.35},{"type":"B","date":"2018-04-09T01:39:07.000Z","volume":2000,"label":" ","price":7.35},{"type":"A","date":"2018-04-09T01:39:08.000Z","volume":1000,"label":" ","price":7.36},{"type":"B","date":"2018-04-09T01:39:58.000Z","volume":10000,"label":" ","price":7.33},{"type":"A","date":"2018-04-09T01:39:59.000Z","volume":1000,"label":" ","price":7.36},{"type":"B","date":"2018-04-09T01:41:00.000Z","volume":3000,"label":" ","price":7.33},{"type":"A","date":"2018-04-09T01:41:01.000Z","volume":1000,"label":" ","price":7.35},{"type":"U","date":"2018-04-09T01:41:05.000Z","volume":10000,"label":" ","price":7.34},{"type":"B","date":"2018-04-09T01:41:13.000Z","volume":10000,"label":" ","price":7.32},{"type":"B","date":"2018-04-09T01:41:13.000Z","volume":4000,"label":" ","price":7.31},{"type":"U","date":"2018-04-09T01:41:13.000Z","volume":1000,"label":" ","price":7.33},{"type":"B","date":"2018-04-09T01:41:14.000Z","volume":84000,"label":" ","price":7.3},{"type":"A","date":"2018-04-09T01:41:20.000Z","volume":2000,"label":" ","price":7.34},{"type":"U","date":"2018-04-09T01:41:47.000Z","volume":83000,"label":" ","price":7.31},{"type":"A","date":"2018-04-09T01:41:49.000Z","volume":1000,"label":"Y","price":7.31},{"type":"A","date":"2018-04-09T01:41:49.000Z","volume":1000,"label":"Y","price":7.31},{"type":"B","date":"2018-04-09T01:41:51.000Z","volume":4000,"label":" ","price":7.27},{"type":"U","date":"2018-04-09T01:41:51.000Z","volume":5000,"label":"X","price":7.27},{"type":"A","date":"2018-04-09T01:41:51.000Z","volume":1000,"label":" ","price":7.27},{"type":"A","date":"2018-04-09T01:41:54.000Z","volume":1000,"label":" ","price":7.27},{"type":"A","date":"2018-04-09T01:42:15.000Z","volume":5000,"label":" ","price":7.27},{"type":"A","date":"2018-04-09T01:42:15.000Z","volume":2000,"label":" ","price":7.27},{"type":"A","date":"2018-04-09T01:42:16.000Z","volume":82000,"label":" ","price":7.33},{"type":"A","date":"2018-04-09T01:43:17.000Z","volume":1000,"label":" ","price":7.31},{"type":"B","date":"2018-04-09T01:43:20.000Z","volume":4000,"label":" ","price":7.27},{"type":"U","date":"2018-04-09T01:43:20.000Z","volume":5000,"label":"X","price":7.27},{"type":"A","date":"2018-04-09T01:43:20.000Z","volume":1000,"label":" ","price":7.27},{"type":"A","date":"2018-04-09T01:43:20.000Z","volume":3000,"label":" ","price":7.27},{"type":"B","date":"2018-04-09T01:43:40.000Z","volume":3000,"label":" ","price":7.27},{"type":"B","date":"2018-04-09T01:44:50.000Z","volume":5000,"label":" ","price":7.26},{"type":"B","date":"2018-04-09T01:44:50.000Z","volume":13000,"label":" ","price":7.25},{"type":"B","date":"2018-04-09T01:44:50.000Z","volume":2000,"label":" ","price":7.24},{"type":"B","date":"2018-04-09T01:44:50.000Z","volume":9000,"label":" ","price":7.23},{"type":"B","date":"2018-04-09T01:45:13.000Z","volume":10000,"label":" ","price":7.22},{"type":"B","date":"2018-04-09T01:45:54.000Z","volume":10000,"label":" ","price":7.22},{"type":"B","date":"2018-04-09T01:46:01.000Z","volume":10000,"label":" ","price":7.22},{"type":"A","date":"2018-04-09T01:46:20.000Z","volume":67000,"label":" ","price":7.26},{"type":"B","date":"2018-04-09T01:46:23.000Z","volume":40000,"label":" ","price":7.26},{"type":"A","date":"2018-04-09T01:46:37.000Z","volume":50000,"label":" ","price":7.26},{"type":"A","date":"2018-04-09T01:46:39.000Z","volume":3000,"label":" ","price":7.24},{"type":"A","date":"2018-04-09T01:46:39.000Z","volume":7000,"label":" ","price":7.24},{"type":"B","date":"2018-04-09T01:47:09.000Z","volume":4000,"label":" ","price":7.24},{"type":"B","date":"2018-04-09T01:47:09.000Z","volume":9000,"label":" ","price":7.24},{"type":"U","date":"2018-04-09T01:47:23.000Z","volume":1000,"label":" ","price":7.24},{"type":"A","date":"2018-04-09T01:47:49.000Z","volume":1000,"label":" ","price":7.27},{"type":"A","date":"2018-04-09T01:47:49.000Z","volume":1000,"label":" ","price":7.27},{"type":"A","date":"2018-04-09T01:48:07.000Z","volume":1000,"label":" ","price":7.27},{"type":"A","date":"2018-04-09T01:48:07.000Z","volume":1000,"label":" ","price":7.27},{"type":"B","date":"2018-04-09T01:48:25.000Z","volume":18000,"label":" ","price":7.25},{"type":"B","date":"2018-04-09T01:48:25.000Z","volume":27000,"label":" ","price":7.24},{"type":"B","date":"2018-04-09T01:48:35.000Z","volume":38000,"label":" ","price":7.24},{"type":"B","date":"2018-04-09T01:48:35.000Z","volume":28000,"label":" ","price":7.24},{"type":"B","date":"2018-04-09T01:51:04.000Z","volume":10000,"label":" ","price":7.24},{"type":"B","date":"2018-04-09T01:51:34.000Z","volume":1000,"label":" ","price":7.24},{"type":"A","date":"2018-04-09T01:53:24.000Z","volume":1000,"label":" ","price":7.28},{"type":"A","date":"2018-04-09T01:54:21.000Z","volume":8000,"label":" ","price":7.28},{"type":"A","date":"2018-04-09T01:55:48.000Z","volume":30000,"label":" ","price":7.28},{"type":"A","date":"2018-04-09T01:55:48.000Z","volume":1000,"label":" ","price":7.28},{"type":"A","date":"2018-04-09T01:55:48.000Z","volume":5000,"label":"Y","price":7.28},{"type":"A","date":"2018-04-09T01:55:48.000Z","volume":7000,"label":" ","price":7.28},{"type":"B","date":"2018-04-09T01:55:52.000Z","volume":1000,"label":" ","price":7.28},{"type":"B","date":"2018-04-09T01:55:52.000Z","volume":8000,"label":" ","price":7.27},{"type":"B","date":"2018-04-09T01:55:52.000Z","volume":21000,"label":" ","price":7.26},{"type":"B","date":"2018-04-09T01:55:54.000Z","volume":1000,"label":" ","price":7.27},{"type":"U","date":"2018-04-09T01:55:54.000Z","volume":5000,"label":"X","price":7.27},{"type":"A","date":"2018-04-09T01:56:02.000Z","volume":2000,"label":"Y","price":7.27},{"type":"A","date":"2018-04-09T01:56:02.000Z","volume":1000,"label":" ","price":7.27},{"type":"A","date":"2018-04-09T01:56:14.000Z","volume":1000,"label":" ","price":7.27},{"type":"A","date":"2018-04-09T01:58:08.000Z","volume":3000,"label":" ","price":7.28},{"type":"A","date":"2018-04-09T01:58:16.000Z","volume":2000,"label":" ","price":7.29},{"type":"A","date":"2018-04-09T01:58:16.000Z","volume":3000,"label":" ","price":7.29},{"type":"A","date":"2018-04-09T01:58:19.000Z","volume":1000,"label":" ","price":7.3},{"type":"A","date":"2018-04-09T01:58:19.000Z","volume":1000,"label":" ","price":7.3},{"type":"A","date":"2018-04-09T01:58:23.000Z","volume":1000,"label":" ","price":7.3},{"type":"A","date":"2018-04-09T01:58:27.000Z","volume":3000,"label":" ","price":7.3},{"type":"A","date":"2018-04-09T01:58:27.000Z","volume":2000,"label":" ","price":7.31},{"type":"A","date":"2018-04-09T01:58:28.000Z","volume":38000,"label":" ","price":7.31},{"type":"A","date":"2018-04-09T01:58:33.000Z","volume":1000,"label":" ","price":7.32},{"type":"A","date":"2018-04-09T01:59:35.000Z","volume":5000,"label":" ","price":7.32},{"type":"A","date":"2018-04-09T01:59:35.000Z","volume":1000,"label":" ","price":7.32},{"type":"A","date":"2018-04-09T01:59:49.000Z","volume":1000,"label":" ","price":7.32},{"type":"A","date":"2018-04-09T02:00:08.000Z","volume":1000,"label":" ","price":7.32},{"type":"A","date":"2018-04-09T02:00:14.000Z","volume":2000,"label":" ","price":7.32},{"type":"A","date":"2018-04-09T02:00:14.000Z","volume":1000,"label":" ","price":7.33},{"type":"A","date":"2018-04-09T02:00:29.000Z","volume":6000,"label":" ","price":7.33},{"type":"B","date":"2018-04-09T02:00:34.000Z","volume":8000,"label":" ","price":7.33},{"type":"A","date":"2018-04-09T02:00:35.000Z","volume":4000,"label":" ","price":7.33},{"type":"A","date":"2018-04-09T02:00:42.000Z","volume":10000,"label":" ","price":7.33},{"type":"B","date":"2018-04-09T02:00:46.000Z","volume":5000,"label":" ","price":7.32},{"type":"B","date":"2018-04-09T02:00:46.000Z","volume":5000,"label":" ","price":7.31},{"type":"A","date":"2018-04-09T02:00:48.000Z","volume":10000,"label":" ","price":7.31},{"type":"A","date":"2018-04-09T02:01:03.000Z","volume":10000,"label":" ","price":7.31},{"type":"A","date":"2018-04-09T02:01:04.000Z","volume":1000,"label":" ","price":7.31},{"type":"A","date":"2018-04-09T02:01:16.000Z","volume":2000,"label":" ","price":7.31},{"type":"B","date":"2018-04-09T02:02:00.000Z","volume":28000,"label":" ","price":7.3},{"type":"B","date":"2018-04-09T02:02:00.000Z","volume":57000,"label":" ","price":7.29},{"type":"B","date":"2018-04-09T02:02:00.000Z","volume":15000,"label":" ","price":7.28},{"type":"A","date":"2018-04-09T02:02:05.000Z","volume":1000,"label":" ","price":7.33},{"type":"B","date":"2018-04-09T02:06:13.000Z","volume":4000,"label":" ","price":7.3},{"type":"B","date":"2018-04-09T02:06:13.000Z","volume":7000,"label":" ","price":7.29},{"type":"B","date":"2018-04-09T02:06:13.000Z","volume":1000,"label":" ","price":7.3},{"type":"B","date":"2018-04-09T02:06:14.000Z","volume":49000,"label":" ","price":7.28},{"type":"B","date":"2018-04-09T02:06:14.000Z","volume":38000,"label":" ","price":7.28},{"type":"B","date":"2018-04-09T02:06:14.000Z","volume":1000,"label":" ","price":7.28},{"type":"B","date":"2018-04-09T02:06:15.000Z","volume":10000,"label":" ","price":7.27},{"type":"B","date":"2018-04-09T02:06:54.000Z","volume":3000,"label":" ","price":7.27},{"type":"B","date":"2018-04-09T02:07:07.000Z","volume":7000,"label":" ","price":7.26},{"type":"B","date":"2018-04-09T02:07:07.000Z","volume":14000,"label":" ","price":7.26},{"type":"B","date":"2018-04-09T02:07:37.000Z","volume":57000,"label":" ","price":7.25},{"type":"B","date":"2018-04-09T02:07:37.000Z","volume":7000,"label":" ","price":7.25},{"type":"A","date":"2018-04-09T02:08:05.000Z","volume":9000,"label":" ","price":7.27},{"type":"B","date":"2018-04-09T02:08:46.000Z","volume":4000,"label":" ","price":7.27},{"type":"B","date":"2018-04-09T02:08:46.000Z","volume":4000,"label":" ","price":7.26},{"type":"B","date":"2018-04-09T02:08:46.000Z","volume":2000,"label":" ","price":7.25},{"type":"B","date":"2018-04-09T02:08:46.000Z","volume":39000,"label":" ","price":7.24},{"type":"B","date":"2018-04-09T02:08:46.000Z","volume":11000,"label":" ","price":7.23},{"type":"B","date":"2018-04-09T02:10:31.000Z","volume":8000,"label":" ","price":7.27},{"type":"B","date":"2018-04-09T02:11:47.000Z","volume":4000,"label":" ","price":7.27},{"type":"A","date":"2018-04-09T02:12:31.000Z","volume":35000,"label":" ","price":7.3},{"type":"A","date":"2018-04-09T02:12:32.000Z","volume":1000,"label":" ","price":7.33},{"type":"A","date":"2018-04-09T02:12:37.000Z","volume":1000,"label":" ","price":7.33},{"type":"A","date":"2018-04-09T02:13:00.000Z","volume":14000,"label":" ","price":7.33},{"type":"A","date":"2018-04-09T02:13:00.000Z","volume":1000,"label":" ","price":7.34},{"type":"A","date":"2018-04-09T02:13:03.000Z","volume":6000,"label":" ","price":7.34},{"type":"A","date":"2018-04-09T02:13:04.000Z","volume":1000,"label":" ","price":7.34},{"type":"A","date":"2018-04-09T02:13:04.000Z","volume":1000,"label":" ","price":7.34},{"type":"B","date":"2018-04-09T02:13:04.000Z","volume":30000,"label":" ","price":7.33},{"type":"A","date":"2018-04-09T02:13:05.000Z","volume":1000,"label":" ","price":7.35},{"type":"B","date":"2018-04-09T02:13:06.000Z","volume":5000,"label":" ","price":7.33},{"type":"B","date":"2018-04-09T02:13:09.000Z","volume":3000,"label":" ","price":7.34},{"type":"A","date":"2018-04-09T02:13:11.000Z","volume":9000,"label":" ","price":7.34},{"type":"A","date":"2018-04-09T02:13:11.000Z","volume":5000,"label":" ","price":7.35},{"type":"B","date":"2018-04-09T02:14:20.000Z","volume":10000,"label":"Y","price":7.33},{"type":"B","date":"2018-04-09T02:15:06.000Z","volume":1000,"label":"Y","price":7.33},{"type":"B","date":"2018-04-09T02:15:06.000Z","volume":50000,"label":" ","price":7.33},{"type":"B","date":"2018-04-09T02:15:06.000Z","volume":5000,"label":" ","price":7.32},{"type":"B","date":"2018-04-09T02:15:16.000Z","volume":1000,"label":" ","price":7.32},{"type":"B","date":"2018-04-09T02:15:16.000Z","volume":2000,"label":" ","price":7.31},{"type":"B","date":"2018-04-09T02:15:16.000Z","volume":2000,"label":" ","price":7.31},{"type":"U","date":"2018-04-09T02:15:16.000Z","volume":1000,"label":" ","price":7.31},{"type":"B","date":"2018-04-09T02:16:00.000Z","volume":1000,"label":"Y","price":7.3},{"type":"B","date":"2018-04-09T02:16:00.000Z","volume":66000,"label":" ","price":7.3},{"type":"A","date":"2018-04-09T02:16:04.000Z","volume":1000,"label":" ","price":7.3},{"type":"B","date":"2018-04-09T02:16:18.000Z","volume":2000,"label":" ","price":7.29},{"type":"B","date":"2018-04-09T02:16:18.000Z","volume":2000,"label":" ","price":7.29},{"type":"B","date":"2018-04-09T02:16:19.000Z","volume":2000,"label":" ","price":7.27},{"type":"B","date":"2018-04-09T02:18:54.000Z","volume":24000,"label":" ","price":7.27},{"type":"A","date":"2018-04-09T02:20:11.000Z","volume":1000,"label":" ","price":7.28},{"type":"A","date":"2018-04-09T02:20:31.000Z","volume":5000,"label":" ","price":7.28},{"type":"A","date":"2018-04-09T02:21:53.000Z","volume":8000,"label":" ","price":7.28},{"type":"A","date":"2018-04-09T02:22:23.000Z","volume":39000,"label":" ","price":7.28},{"type":"B","date":"2018-04-09T02:22:49.000Z","volume":16000,"label":" ","price":7.28},{"type":"B","date":"2018-04-09T02:22:49.000Z","volume":7000,"label":"Y","price":7.27},{"type":"B","date":"2018-04-09T02:22:49.000Z","volume":27000,"label":" ","price":7.27},{"type":"B","date":"2018-04-09T02:22:55.000Z","volume":4000,"label":" ","price":7.29},{"type":"A","date":"2018-04-09T02:23:08.000Z","volume":1000,"label":" ","price":7.29},{"type":"A","date":"2018-04-09T02:23:52.000Z","volume":1000,"label":" ","price":7.29},{"type":"A","date":"2018-04-09T02:24:08.000Z","volume":1000,"label":" ","price":7.29},{"type":"B","date":"2018-04-09T02:24:52.000Z","volume":2000,"label":" ","price":7.28},{"type":"A","date":"2018-04-09T02:25:43.000Z","volume":1000,"label":" ","price":7.28},{"type":"A","date":"2018-04-09T02:25:57.000Z","volume":3000,"label":"Y","price":7.28},{"type":"A","date":"2018-04-09T02:25:57.000Z","volume":23000,"label":" ","price":7.28},{"type":"B","date":"2018-04-09T02:27:12.000Z","volume":20000,"label":" ","price":7.28},{"type":"B","date":"2018-04-09T02:27:49.000Z","volume":50000,"label":" ","price":7.28},{"type":"A","date":"2018-04-09T02:28:10.000Z","volume":4000,"label":" ","price":7.3},{"type":"B","date":"2018-04-09T02:29:37.000Z","volume":12000,"label":" ","price":7.29},{"type":"B","date":"2018-04-09T02:29:37.000Z","volume":3000,"label":" ","price":7.28},{"type":"A","date":"2018-04-09T02:30:38.000Z","volume":1000,"label":" ","price":7.3},{"type":"B","date":"2018-04-09T02:31:00.000Z","volume":4000,"label":" ","price":7.29},{"type":"A","date":"2018-04-09T02:31:00.000Z","volume":2000,"label":" ","price":7.29},{"type":"A","date":"2018-04-09T02:31:00.000Z","volume":3000,"label":" ","price":7.29},{"type":"B","date":"2018-04-09T02:32:55.000Z","volume":20000,"label":" ","price":7.29},{"type":"A","date":"2018-04-09T02:33:05.000Z","volume":1000,"label":" ","price":7.3},{"type":"B","date":"2018-04-09T02:33:34.000Z","volume":6000,"label":" ","price":7.29},{"type":"A","date":"2018-04-09T02:34:07.000Z","volume":5000,"label":" ","price":7.3},{"type":"A","date":"2018-04-09T02:34:07.000Z","volume":49000,"label":" ","price":7.3},{"type":"A","date":"2018-04-09T02:34:07.000Z","volume":46000,"label":" ","price":7.3},{"type":"U","date":"2018-04-09T02:34:22.000Z","volume":2000,"label":" ","price":7.3},{"type":"B","date":"2018-04-09T02:34:30.000Z","volume":3000,"label":" ","price":7.29},{"type":"A","date":"2018-04-09T02:34:46.000Z","volume":20000,"label":" ","price":7.32},{"type":"A","date":"2018-04-09T02:35:07.000Z","volume":5000,"label":" ","price":7.32},{"type":"A","date":"2018-04-09T02:35:39.000Z","volume":2000,"label":" ","price":7.32},{"type":"A","date":"2018-04-09T02:35:43.000Z","volume":9000,"label":" ","price":7.32},{"type":"A","date":"2018-04-09T02:35:49.000Z","volume":1000,"label":" ","price":7.32},{"type":"A","date":"2018-04-09T02:35:49.000Z","volume":1000,"label":" ","price":7.32},{"type":"A","date":"2018-04-09T02:35:49.000Z","volume":1000,"label":" ","price":7.32},{"type":"A","date":"2018-04-09T02:35:49.000Z","volume":1000,"label":"Y","price":7.32},{"type":"A","date":"2018-04-09T02:35:51.000Z","volume":1000,"label":"Y","price":7.32},{"type":"A","date":"2018-04-09T02:37:44.000Z","volume":1000,"label":" ","price":7.33},{"type":"B","date":"2018-04-09T02:37:51.000Z","volume":1000,"label":"Y","price":7.32},{"type":"B","date":"2018-04-09T02:37:51.000Z","volume":9000,"label":" ","price":7.32},{"type":"B","date":"2018-04-09T02:38:04.000Z","volume":2000,"label":" ","price":7.32},{"type":"A","date":"2018-04-09T02:39:44.000Z","volume":11000,"label":"Y","price":7.33},{"type":"A","date":"2018-04-09T02:39:44.000Z","volume":49000,"label":" ","price":7.33},{"type":"A","date":"2018-04-09T02:39:49.000Z","volume":11000,"label":" ","price":7.33},{"type":"A","date":"2018-04-09T02:40:04.000Z","volume":2000,"label":" ","price":7.33},{"type":"A","date":"2018-04-09T02:40:04.000Z","volume":1000,"label":" ","price":7.33},{"type":"A","date":"2018-04-09T02:40:04.000Z","volume":1000,"label":" ","price":7.33},{"type":"A","date":"2018-04-09T02:40:04.000Z","volume":1000,"label":" ","price":7.33},{"type":"B","date":"2018-04-09T02:40:35.000Z","volume":10000,"label":" ","price":7.32},{"type":"B","date":"2018-04-09T02:41:27.000Z","volume":1000,"label":" ","price":7.32},{"type":"A","date":"2018-04-09T02:42:02.000Z","volume":10000,"label":" ","price":7.33},{"type":"B","date":"2018-04-09T02:43:41.000Z","volume":2000,"label":"Y","price":7.32},{"type":"B","date":"2018-04-09T02:43:41.000Z","volume":25000,"label":" ","price":7.32},{"type":"B","date":"2018-04-09T02:43:41.000Z","volume":20000,"label":" ","price":7.31},{"type":"U","date":"2018-04-09T02:43:41.000Z","volume":1000,"label":" ","price":7.32},{"type":"A","date":"2018-04-09T02:44:17.000Z","volume":6000,"label":" ","price":7.31},{"type":"A","date":"2018-04-09T02:44:18.000Z","volume":2000,"label":" ","price":7.31},{"type":"B","date":"2018-04-09T02:47:49.000Z","volume":1000,"label":"Y","price":7.31},{"type":"B","date":"2018-04-09T02:47:49.000Z","volume":7000,"label":" ","price":7.31},{"type":"B","date":"2018-04-09T02:47:49.000Z","volume":1000,"label":" ","price":7.3},{"type":"B","date":"2018-04-09T02:50:05.000Z","volume":12000,"label":" ","price":7.3},{"type":"B","date":"2018-04-09T02:50:05.000Z","volume":10000,"label":" ","price":7.3},{"type":"A","date":"2018-04-09T02:50:19.000Z","volume":5000,"label":"Y","price":7.31},{"type":"A","date":"2018-04-09T02:50:20.000Z","volume":1000,"label":" ","price":7.31},{"type":"B","date":"2018-04-09T02:51:45.000Z","volume":10000,"label":" ","price":7.3},{"type":"A","date":"2018-04-09T02:51:57.000Z","volume":10000,"label":" ","price":7.31},{"type":"B","date":"2018-04-09T02:53:47.000Z","volume":5000,"label":" ","price":7.3},{"type":"A","date":"2018-04-09T02:53:47.000Z","volume":1000,"label":" ","price":7.31},{"type":"A","date":"2018-04-09T02:54:55.000Z","volume":1000,"label":" ","price":7.31},{"type":"A","date":"2018-04-09T02:55:23.000Z","volume":35000,"label":"Y","price":7.31},{"type":"A","date":"2018-04-09T02:55:23.000Z","volume":14000,"label":" ","price":7.31},{"type":"A","date":"2018-04-09T02:55:23.000Z","volume":1000,"label":" ","price":7.33},{"type":"B","date":"2018-04-09T02:55:28.000Z","volume":1000,"label":" ","price":7.31},{"type":"A","date":"2018-04-09T02:55:28.000Z","volume":1000,"label":" ","price":7.33},{"type":"A","date":"2018-04-09T02:56:22.000Z","volume":1000,"label":" ","price":7.33},{"type":"A","date":"2018-04-09T02:57:03.000Z","volume":4000,"label":" ","price":7.33},{"type":"A","date":"2018-04-09T02:57:03.000Z","volume":3000,"label":" ","price":7.33},{"type":"B","date":"2018-04-09T02:57:20.000Z","volume":3000,"label":" ","price":7.32},{"type":"B","date":"2018-04-09T02:57:59.000Z","volume":8000,"label":" ","price":7.32},{"type":"A","date":"2018-04-09T02:59:38.000Z","volume":46000,"label":" ","price":7.32},{"type":"U","date":"2018-04-09T02:59:43.000Z","volume":2000,"label":"X","price":7.33},{"type":"A","date":"2018-04-09T03:00:02.000Z","volume":4000,"label":" ","price":7.32},{"type":"A","date":"2018-04-09T03:00:32.000Z","volume":1000,"label":" ","price":7.33},{"type":"B","date":"2018-04-09T03:00:33.000Z","volume":14000,"label":" ","price":7.32},{"type":"B","date":"2018-04-09T03:01:51.000Z","volume":50000,"label":"Y","price":7.31},{"type":"B","date":"2018-04-09T03:01:51.000Z","volume":12000,"label":" ","price":7.31},{"type":"A","date":"2018-04-09T03:01:51.000Z","volume":1000,"label":" ","price":7.31},{"type":"B","date":"2018-04-09T03:02:13.000Z","volume":1000,"label":" ","price":7.3},{"type":"B","date":"2018-04-09T03:02:33.000Z","volume":7000,"label":" ","price":7.3},{"type":"B","date":"2018-04-09T03:02:33.000Z","volume":2000,"label":" ","price":7.3},{"type":"A","date":"2018-04-09T03:02:37.000Z","volume":11000,"label":" ","price":7.3},{"type":"B","date":"2018-04-09T03:05:47.000Z","volume":3000,"label":" ","price":7.3},{"type":"A","date":"2018-04-09T03:07:01.000Z","volume":3000,"label":" ","price":7.31},{"type":"A","date":"2018-04-09T03:07:02.000Z","volume":10000,"label":" ","price":7.31},{"type":"A","date":"2018-04-09T03:07:02.000Z","volume":27000,"label":" ","price":7.31},{"type":"A","date":"2018-04-09T03:07:02.000Z","volume":1000,"label":" ","price":7.32},{"type":"U","date":"2018-04-09T03:08:13.000Z","volume":10000,"label":" ","price":7.31},{"type":"B","date":"2018-04-09T03:08:23.000Z","volume":14000,"label":" ","price":7.31},{"type":"B","date":"2018-04-09T03:08:23.000Z","volume":16000,"label":" ","price":7.3},{"type":"B","date":"2018-04-09T03:08:23.000Z","volume":25000,"label":" ","price":7.3},{"type":"B","date":"2018-04-09T03:08:23.000Z","volume":1000,"label":" ","price":7.31},{"type":"B","date":"2018-04-09T03:08:33.000Z","volume":24000,"label":" ","price":7.29},{"type":"B","date":"2018-04-09T03:08:54.000Z","volume":11000,"label":" ","price":7.3},{"type":"A","date":"2018-04-09T03:09:34.000Z","volume":40000,"label":" ","price":7.32},{"type":"B","date":"2018-04-09T03:09:50.000Z","volume":8000,"label":" ","price":7.31},{"type":"B","date":"2018-04-09T03:09:50.000Z","volume":25000,"label":" ","price":7.3},{"type":"A","date":"2018-04-09T03:10:09.000Z","volume":20000,"label":" ","price":7.3},{"type":"A","date":"2018-04-09T03:10:10.000Z","volume":1000,"label":" ","price":7.3},{"type":"A","date":"2018-04-09T03:10:10.000Z","volume":4000,"label":" ","price":7.3},{"type":"A","date":"2018-04-09T03:10:10.000Z","volume":1000,"label":" ","price":7.31},{"type":"A","date":"2018-04-09T03:10:23.000Z","volume":1000,"label":" ","price":7.31},{"type":"B","date":"2018-04-09T03:10:54.000Z","volume":1000,"label":" ","price":7.3},{"type":"A","date":"2018-04-09T03:11:29.000Z","volume":1000,"label":"Y","price":7.31},{"type":"A","date":"2018-04-09T03:11:29.000Z","volume":1000,"label":"Y","price":7.31},{"type":"A","date":"2018-04-09T03:11:29.000Z","volume":31000,"label":" ","price":7.31},{"type":"A","date":"2018-04-09T03:11:34.000Z","volume":1000,"label":" ","price":7.32},{"type":"B","date":"2018-04-09T03:11:54.000Z","volume":5000,"label":" ","price":7.3},{"type":"A","date":"2018-04-09T03:12:01.000Z","volume":50000,"label":" ","price":7.32},{"type":"A","date":"2018-04-09T03:12:01.000Z","volume":2000,"label":" ","price":7.32},{"type":"A","date":"2018-04-09T03:12:21.000Z","volume":47000,"label":" ","price":7.31},{"type":"A","date":"2018-04-09T03:12:21.000Z","volume":2000,"label":" ","price":7.32},{"type":"A","date":"2018-04-09T03:12:45.000Z","volume":5000,"label":" ","price":7.32},{"type":"B","date":"2018-04-09T03:12:54.000Z","volume":3000,"label":"Y","price":7.31},{"type":"B","date":"2018-04-09T03:12:54.000Z","volume":1000,"label":" ","price":7.31},{"type":"A","date":"2018-04-09T03:13:42.000Z","volume":30000,"label":"Y","price":7.32},{"type":"B","date":"2018-04-09T03:13:54.000Z","volume":3000,"label":" ","price":7.31},{"type":"A","date":"2018-04-09T03:14:07.000Z","volume":1000,"label":" ","price":7.32},{"type":"A","date":"2018-04-09T03:14:09.000Z","volume":5000,"label":"Y","price":7.32},{"type":"A","date":"2018-04-09T03:14:24.000Z","volume":15000,"label":"Y","price":7.32},{"type":"A","date":"2018-04-09T03:14:26.000Z","volume":2000,"label":" ","price":7.32},{"type":"A","date":"2018-04-09T03:14:46.000Z","volume":1000,"label":" ","price":7.32},{"type":"B","date":"2018-04-09T03:14:54.000Z","volume":2000,"label":" ","price":7.31},{"type":"A","date":"2018-04-09T03:15:08.000Z","volume":1000,"label":" ","price":7.32},{"type":"A","date":"2018-04-09T03:15:29.000Z","volume":2000,"label":" ","price":7.32},{"type":"A","date":"2018-04-09T03:15:33.000Z","volume":1000,"label":" ","price":7.32},{"type":"A","date":"2018-04-09T03:16:02.000Z","volume":15000,"label":" ","price":7.32},{"type":"B","date":"2018-04-09T03:16:07.000Z","volume":6000,"label":" ","price":7.31},{"type":"U","date":"2018-04-09T03:16:39.000Z","volume":40000,"label":" ","price":7.32},{"type":"A","date":"2018-04-09T03:16:44.000Z","volume":2000,"label":" ","price":7.33},{"type":"A","date":"2018-04-09T03:17:08.000Z","volume":2000,"label":" ","price":7.32},{"type":"A","date":"2018-04-09T03:17:08.000Z","volume":38000,"label":" ","price":7.32},{"type":"A","date":"2018-04-09T03:18:09.000Z","volume":1000,"label":" ","price":7.32},{"type":"B","date":"2018-04-09T03:18:12.000Z","volume":20000,"label":" ","price":7.31},{"type":"A","date":"2018-04-09T03:18:18.000Z","volume":8000,"label":" ","price":7.32},{"type":"A","date":"2018-04-09T03:19:04.000Z","volume":5000,"label":" ","price":7.32},{"type":"B","date":"2018-04-09T03:19:12.000Z","volume":15000,"label":" ","price":7.31},{"type":"A","date":"2018-04-09T03:20:13.000Z","volume":23000,"label":" ","price":7.32},{"type":"A","date":"2018-04-09T03:21:04.000Z","volume":40000,"label":" ","price":7.33},{"type":"A","date":"2018-04-09T03:21:10.000Z","volume":3000,"label":" ","price":7.33},{"type":"A","date":"2018-04-09T03:22:31.000Z","volume":6000,"label":" ","price":7.33},{"type":"A","date":"2018-04-09T03:22:31.000Z","volume":9000,"label":" ","price":7.33},{"type":"A","date":"2018-04-09T03:22:34.000Z","volume":1000,"label":" ","price":7.33},{"type":"A","date":"2018-04-09T03:22:34.000Z","volume":1000,"label":" ","price":7.33},{"type":"A","date":"2018-04-09T03:22:34.000Z","volume":1000,"label":" ","price":7.33},{"type":"A","date":"2018-04-09T03:22:51.000Z","volume":54000,"label":" ","price":7.34},{"type":"A","date":"2018-04-09T03:22:51.000Z","volume":77000,"label":" ","price":7.35},{"type":"A","date":"2018-04-09T03:22:51.000Z","volume":3000,"label":" ","price":7.36},{"type":"A","date":"2018-04-09T03:23:30.000Z","volume":7000,"label":" ","price":7.36},{"type":"A","date":"2018-04-09T03:23:38.000Z","volume":1000,"label":" ","price":7.37},{"type":"A","date":"2018-04-09T03:23:41.000Z","volume":2000,"label":" ","price":7.37},{"type":"A","date":"2018-04-09T03:23:45.000Z","volume":63000,"label":" ","price":7.37},{"type":"A","date":"2018-04-09T03:23:49.000Z","volume":19000,"label":" ","price":7.38},{"type":"A","date":"2018-04-09T03:23:51.000Z","volume":8000,"label":" ","price":7.38},{"type":"A","date":"2018-04-09T03:23:51.000Z","volume":2000,"label":" ","price":7.38},{"type":"A","date":"2018-04-09T03:23:51.000Z","volume":22000,"label":" ","price":7.38},{"type":"A","date":"2018-04-09T03:23:51.000Z","volume":3000,"label":" ","price":7.39},{"type":"A","date":"2018-04-09T03:23:57.000Z","volume":9000,"label":" ","price":7.39},{"type":"A","date":"2018-04-09T03:24:00.000Z","volume":20000,"label":" ","price":7.4},{"type":"A","date":"2018-04-09T03:24:00.000Z","volume":22000,"label":" ","price":7.4},{"type":"A","date":"2018-04-09T03:24:17.000Z","volume":5000,"label":" ","price":7.41},{"type":"A","date":"2018-04-09T03:24:23.000Z","volume":9000,"label":" ","price":7.41},{"type":"B","date":"2018-04-09T03:24:39.000Z","volume":16000,"label":" ","price":7.42},{"type":"A","date":"2018-04-09T03:24:45.000Z","volume":10000,"label":" ","price":7.42},{"type":"A","date":"2018-04-09T03:24:48.000Z","volume":1000,"label":" ","price":7.42},{"type":"A","date":"2018-04-09T03:25:02.000Z","volume":4000,"label":" ","price":7.43},{"type":"B","date":"2018-04-09T03:25:43.000Z","volume":5000,"label":" ","price":7.42},{"type":"A","date":"2018-04-09T03:25:43.000Z","volume":3000,"label":" ","price":7.43},{"type":"A","date":"2018-04-09T03:25:50.000Z","volume":4000,"label":" ","price":7.43},{"type":"A","date":"2018-04-09T03:25:54.000Z","volume":8000,"label":" ","price":7.43},{"type":"A","date":"2018-04-09T03:25:56.000Z","volume":1000,"label":" ","price":7.43},{"type":"B","date":"2018-04-09T03:26:00.000Z","volume":13000,"label":" ","price":7.43},{"type":"A","date":"2018-04-09T03:26:02.000Z","volume":5000,"label":" ","price":7.44},{"type":"B","date":"2018-04-09T03:26:02.000Z","volume":4000,"label":" ","price":7.44},{"type":"B","date":"2018-04-09T03:26:04.000Z","volume":4000,"label":" ","price":7.44},{"type":"B","date":"2018-04-09T03:26:05.000Z","volume":21000,"label":" ","price":7.43},{"type":"B","date":"2018-04-09T03:26:07.000Z","volume":30000,"label":" ","price":7.41},{"type":"A","date":"2018-04-09T03:26:24.000Z","volume":30000,"label":" ","price":7.43},{"type":"B","date":"2018-04-09T03:26:46.000Z","volume":15000,"label":" ","price":7.41},{"type":"B","date":"2018-04-09T03:27:00.000Z","volume":14000,"label":" ","price":7.4},{"type":"A","date":"2018-04-09T03:27:06.000Z","volume":26000,"label":" ","price":7.4},{"type":"A","date":"2018-04-09T03:27:06.000Z","volume":33000,"label":" ","price":7.41},{"type":"B","date":"2018-04-09T03:27:21.000Z","volume":5000,"label":" ","price":7.41},{"type":"A","date":"2018-04-09T03:27:37.000Z","volume":32000,"label":" ","price":7.4},{"type":"A","date":"2018-04-09T03:27:37.000Z","volume":9000,"label":" ","price":7.41},{"type":"B","date":"2018-04-09T03:27:42.000Z","volume":1000,"label":" ","price":7.4},{"type":"B","date":"2018-04-09T03:28:02.000Z","volume":16000,"label":" ","price":7.4},{"type":"B","date":"2018-04-09T03:28:48.000Z","volume":2000,"label":" ","price":7.39},{"type":"A","date":"2018-04-09T03:29:08.000Z","volume":8000,"label":" ","price":7.4},{"type":"B","date":"2018-04-09T03:29:25.000Z","volume":2000,"label":" ","price":7.4},{"type":"A","date":"2018-04-09T03:30:04.000Z","volume":1000,"label":" ","price":7.41},{"type":"B","date":"2018-04-09T03:30:18.000Z","volume":3000,"label":" ","price":7.4},{"type":"A","date":"2018-04-09T03:31:03.000Z","volume":10000,"label":" ","price":7.41},{"type":"B","date":"2018-04-09T03:31:27.000Z","volume":5000,"label":" ","price":7.41},{"type":"A","date":"2018-04-09T03:31:46.000Z","volume":40000,"label":" ","price":7.41},{"type":"A","date":"2018-04-09T03:31:50.000Z","volume":3000,"label":" ","price":7.41},{"type":"A","date":"2018-04-09T03:32:58.000Z","volume":10000,"label":" ","price":7.41},{"type":"A","date":"2018-04-09T03:33:23.000Z","volume":8000,"label":" ","price":7.41},{"type":"A","date":"2018-04-09T03:34:38.000Z","volume":15000,"label":" ","price":7.42},{"type":"A","date":"2018-04-09T03:34:49.000Z","volume":1000,"label":" ","price":7.43},{"type":"A","date":"2018-04-09T03:34:59.000Z","volume":16000,"label":" ","price":7.44},{"type":"U","date":"2018-04-09T03:35:58.000Z","volume":2000,"label":" ","price":7.44},{"type":"A","date":"2018-04-09T03:36:04.000Z","volume":1000,"label":" ","price":7.44},{"type":"A","date":"2018-04-09T03:37:10.000Z","volume":4000,"label":" ","price":7.44},{"type":"A","date":"2018-04-09T03:37:26.000Z","volume":3000,"label":" ","price":7.44},{"type":"A","date":"2018-04-09T03:37:52.000Z","volume":8000,"label":" ","price":7.45},{"type":"A","date":"2018-04-09T03:38:07.000Z","volume":7000,"label":" ","price":7.44},{"type":"B","date":"2018-04-09T03:38:29.000Z","volume":5000,"label":" ","price":7.44},{"type":"A","date":"2018-04-09T03:38:36.000Z","volume":14000,"label":" ","price":7.44},{"type":"B","date":"2018-04-09T03:38:37.000Z","volume":4000,"label":" ","price":7.44},{"type":"B","date":"2018-04-09T03:38:38.000Z","volume":4000,"label":" ","price":7.44},{"type":"A","date":"2018-04-09T03:38:44.000Z","volume":10000,"label":" ","price":7.45},{"type":"A","date":"2018-04-09T03:38:55.000Z","volume":20000,"label":" ","price":7.45},{"type":"A","date":"2018-04-09T03:38:57.000Z","volume":39000,"label":" ","price":7.45},{"type":"A","date":"2018-04-09T03:39:19.000Z","volume":10000,"label":" ","price":7.46},{"type":"U","date":"2018-04-09T03:39:23.000Z","volume":1000,"label":" ","price":7.46},{"type":"B","date":"2018-04-09T03:39:24.000Z","volume":3000,"label":" ","price":7.46},{"type":"A","date":"2018-04-09T03:39:29.000Z","volume":7000,"label":" ","price":7.46},{"type":"A","date":"2018-04-09T03:39:48.000Z","volume":2000,"label":" ","price":7.46},{"type":"B","date":"2018-04-09T03:40:01.000Z","volume":2000,"label":" ","price":7.45},{"type":"B","date":"2018-04-09T03:40:58.000Z","volume":32000,"label":" ","price":7.45},{"type":"A","date":"2018-04-09T03:41:09.000Z","volume":30000,"label":" ","price":7.46},{"type":"B","date":"2018-04-09T03:41:09.000Z","volume":7000,"label":" ","price":7.45},{"type":"B","date":"2018-04-09T03:41:22.000Z","volume":2000,"label":" ","price":7.45},{"type":"B","date":"2018-04-09T03:41:22.000Z","volume":4000,"label":" ","price":7.45},{"type":"B","date":"2018-04-09T03:41:40.000Z","volume":66000,"label":" ","price":7.44},{"type":"U","date":"2018-04-09T03:42:24.000Z","volume":5000,"label":" ","price":7.45},{"type":"B","date":"2018-04-09T03:42:28.000Z","volume":13000,"label":" ","price":7.44},{"type":"B","date":"2018-04-09T03:42:31.000Z","volume":3000,"label":" ","price":7.43},{"type":"B","date":"2018-04-09T03:42:35.000Z","volume":14000,"label":" ","price":7.42},{"type":"B","date":"2018-04-09T03:42:38.000Z","volume":4000,"label":" ","price":7.41},{"type":"B","date":"2018-04-09T03:44:03.000Z","volume":6000,"label":" ","price":7.42},{"type":"B","date":"2018-04-09T03:44:43.000Z","volume":4000,"label":" ","price":7.41},{"type":"B","date":"2018-04-09T03:47:10.000Z","volume":2000,"label":" ","price":7.41},{"type":"A","date":"2018-04-09T03:48:29.000Z","volume":10000,"label":" ","price":7.44},{"type":"A","date":"2018-04-09T03:48:30.000Z","volume":1000,"label":"Y","price":7.44},{"type":"B","date":"2018-04-09T03:51:37.000Z","volume":2000,"label":" ","price":7.42},{"type":"A","date":"2018-04-09T03:52:04.000Z","volume":1000,"label":" ","price":7.43},{"type":"A","date":"2018-04-09T03:52:27.000Z","volume":7000,"label":" ","price":7.43},{"type":"A","date":"2018-04-09T03:52:46.000Z","volume":40000,"label":" ","price":7.44},{"type":"A","date":"2018-04-09T03:52:48.000Z","volume":4000,"label":" ","price":7.44},{"type":"B","date":"2018-04-09T03:53:02.000Z","volume":3000,"label":" ","price":7.44},{"type":"A","date":"2018-04-09T03:54:04.000Z","volume":1000,"label":" ","price":7.45},{"type":"A","date":"2018-04-09T03:54:09.000Z","volume":32000,"label":" ","price":7.45},{"type":"A","date":"2018-04-09T03:54:09.000Z","volume":1000,"label":" ","price":7.46},{"type":"A","date":"2018-04-09T03:54:16.000Z","volume":71000,"label":" ","price":7.46},{"type":"A","date":"2018-04-09T03:54:16.000Z","volume":6000,"label":" ","price":7.47},{"type":"A","date":"2018-04-09T03:54:16.000Z","volume":65000,"label":" ","price":7.48},{"type":"A","date":"2018-04-09T03:54:16.000Z","volume":160000,"label":" ","price":7.49},{"type":"A","date":"2018-04-09T03:54:16.000Z","volume":198000,"label":" ","price":7.5},{"type":"A","date":"2018-04-09T03:54:16.000Z","volume":9000,"label":" ","price":7.5},{"type":"A","date":"2018-04-09T03:54:36.000Z","volume":45000,"label":" ","price":7.49},{"type":"A","date":"2018-04-09T03:55:05.000Z","volume":8000,"label":" ","price":7.49},{"type":"A","date":"2018-04-09T03:55:25.000Z","volume":2000,"label":" ","price":7.48},{"type":"A","date":"2018-04-09T03:55:25.000Z","volume":1000,"label":" ","price":7.48},{"type":"A","date":"2018-04-09T03:55:33.000Z","volume":1000,"label":" ","price":7.48},{"type":"A","date":"2018-04-09T03:55:35.000Z","volume":3000,"label":" ","price":7.48},{"type":"U","date":"2018-04-09T03:55:43.000Z","volume":2000,"label":" ","price":7.46},{"type":"A","date":"2018-04-09T03:55:57.000Z","volume":8000,"label":" ","price":7.48},{"type":"A","date":"2018-04-09T03:57:09.000Z","volume":57000,"label":" ","price":7.49},{"type":"A","date":"2018-04-09T03:57:09.000Z","volume":343000,"label":" ","price":7.5},{"type":"A","date":"2018-04-09T03:57:09.000Z","volume":7000,"label":" ","price":7.5},{"type":"A","date":"2018-04-09T03:57:09.000Z","volume":128000,"label":" ","price":7.5},{"type":"A","date":"2018-04-09T03:57:12.000Z","volume":7000,"label":" ","price":7.5},{"type":"A","date":"2018-04-09T03:57:46.000Z","volume":2000,"label":" ","price":7.49},{"type":"A","date":"2018-04-09T03:57:54.000Z","volume":14000,"label":" ","price":7.49},{"type":"A","date":"2018-04-09T03:57:54.000Z","volume":5000,"label":" ","price":7.49},{"type":"A","date":"2018-04-09T03:58:08.000Z","volume":29000,"label":" ","price":7.49},{"type":"A","date":"2018-04-09T03:58:13.000Z","volume":5000,"label":" ","price":7.5},{"type":"A","date":"2018-04-09T03:58:43.000Z","volume":6000,"label":" ","price":7.5},{"type":"A","date":"2018-04-09T03:58:48.000Z","volume":12000,"label":" ","price":7.5},{"type":"A","date":"2018-04-09T03:58:48.000Z","volume":1000,"label":" ","price":7.52},{"type":"B","date":"2018-04-09T03:59:03.000Z","volume":4000,"label":" ","price":7.5},{"type":"B","date":"2018-04-09T03:59:09.000Z","volume":6000,"label":" ","price":7.5},{"type":"A","date":"2018-04-09T03:59:12.000Z","volume":4000,"label":" ","price":7.5},{"type":"A","date":"2018-04-09T03:59:21.000Z","volume":11000,"label":" ","price":7.51},{"type":"A","date":"2018-04-09T03:59:23.000Z","volume":30000,"label":" ","price":7.51},{"type":"A","date":"2018-04-09T03:59:30.000Z","volume":1000,"label":" ","price":7.52},{"type":"B","date":"2018-04-09T03:59:32.000Z","volume":3000,"label":" ","price":7.51},{"type":"B","date":"2018-04-09T03:59:32.000Z","volume":13000,"label":" ","price":7.51},{"type":"U","date":"2018-04-09T03:59:34.000Z","volume":11000,"label":" ","price":7.51},{"type":"B","date":"2018-04-09T03:59:40.000Z","volume":9000,"label":" ","price":7.51},{"type":"B","date":"2018-04-09T03:59:42.000Z","volume":50000,"label":" ","price":7.5},{"type":"A","date":"2018-04-09T03:59:48.000Z","volume":1000,"label":" ","price":7.51},{"type":"A","date":"2018-04-09T05:00:01.000Z","volume":8000,"label":" ","price":7.52},{"type":"A","date":"2018-04-09T05:00:03.000Z","volume":1000,"label":" ","price":7.52},{"type":"A","date":"2018-04-09T05:00:03.000Z","volume":1000,"label":" ","price":7.52},{"type":"B","date":"2018-04-09T05:00:04.000Z","volume":5000,"label":" ","price":7.51},{"type":"A","date":"2018-04-09T05:00:04.000Z","volume":1000,"label":" ","price":7.51},{"type":"A","date":"2018-04-09T05:00:07.000Z","volume":1000,"label":" ","price":7.51},{"type":"A","date":"2018-04-09T05:00:08.000Z","volume":1000,"label":" ","price":7.51},{"type":"A","date":"2018-04-09T05:00:09.000Z","volume":1000,"label":" ","price":7.51},{"type":"A","date":"2018-04-09T05:00:10.000Z","volume":1000,"label":" ","price":7.51},{"type":"A","date":"2018-04-09T05:00:28.000Z","volume":2000,"label":" ","price":7.51},{"type":"B","date":"2018-04-09T05:01:10.000Z","volume":10000,"label":" ","price":7.5},{"type":"A","date":"2018-04-09T05:01:25.000Z","volume":4000,"label":" ","price":7.51},{"type":"B","date":"2018-04-09T05:02:46.000Z","volume":41000,"label":" ","price":7.5},{"type":"A","date":"2018-04-09T05:03:55.000Z","volume":1000,"label":" ","price":7.5},{"type":"A","date":"2018-04-09T05:03:58.000Z","volume":1000,"label":" ","price":7.5},{"type":"A","date":"2018-04-09T05:04:25.000Z","volume":7000,"label":"Y","price":7.5},{"type":"A","date":"2018-04-09T05:04:25.000Z","volume":3000,"label":" ","price":7.5},{"type":"A","date":"2018-04-09T05:05:10.000Z","volume":11000,"label":" ","price":7.5},{"type":"A","date":"2018-04-09T05:06:08.000Z","volume":10000,"label":" ","price":7.5},{"type":"A","date":"2018-04-09T05:07:33.000Z","volume":3000,"label":" ","price":7.51},{"type":"A","date":"2018-04-09T05:07:57.000Z","volume":13000,"label":" ","price":7.51},{"type":"A","date":"2018-04-09T05:07:57.000Z","volume":3000,"label":" ","price":7.51},{"type":"A","date":"2018-04-09T05:08:28.000Z","volume":4000,"label":" ","price":7.51},{"type":"A","date":"2018-04-09T05:08:51.000Z","volume":1000,"label":" ","price":7.51},{"type":"A","date":"2018-04-09T05:09:22.000Z","volume":2000,"label":" ","price":7.51},{"type":"B","date":"2018-04-09T05:10:42.000Z","volume":74000,"label":" ","price":7.5},{"type":"B","date":"2018-04-09T05:10:42.000Z","volume":129000,"label":"Y","price":7.49},{"type":"B","date":"2018-04-09T05:10:42.000Z","volume":5000,"label":" ","price":7.49},{"type":"B","date":"2018-04-09T05:10:43.000Z","volume":3000,"label":" ","price":7.48},{"type":"A","date":"2018-04-09T05:11:32.000Z","volume":1000,"label":"Y","price":7.48},{"type":"A","date":"2018-04-09T05:11:32.000Z","volume":1000,"label":"Y","price":7.48},{"type":"B","date":"2018-04-09T05:12:10.000Z","volume":12000,"label":" ","price":7.47},{"type":"A","date":"2018-04-09T05:12:36.000Z","volume":18000,"label":" ","price":7.47},{"type":"B","date":"2018-04-09T05:12:37.000Z","volume":11000,"label":" ","price":7.46},{"type":"B","date":"2018-04-09T05:13:09.000Z","volume":30000,"label":" ","price":7.45},{"type":"B","date":"2018-04-09T05:13:09.000Z","volume":10000,"label":" ","price":7.44},{"type":"B","date":"2018-04-09T05:14:46.000Z","volume":3000,"label":" ","price":7.43},{"type":"B","date":"2018-04-09T05:14:46.000Z","volume":33000,"label":" ","price":7.42},{"type":"B","date":"2018-04-09T05:14:46.000Z","volume":51000,"label":" ","price":7.41},{"type":"B","date":"2018-04-09T05:14:46.000Z","volume":37000,"label":" ","price":7.4},{"type":"A","date":"2018-04-09T05:14:46.000Z","volume":77000,"label":" ","price":7.4},{"type":"U","date":"2018-04-09T05:14:48.000Z","volume":20000,"label":" ","price":7.43},{"type":"B","date":"2018-04-09T05:15:01.000Z","volume":46000,"label":" ","price":7.39},{"type":"B","date":"2018-04-09T05:15:01.000Z","volume":25000,"label":" ","price":7.38},{"type":"B","date":"2018-04-09T05:15:01.000Z","volume":29000,"label":" ","price":7.38},{"type":"U","date":"2018-04-09T05:15:16.000Z","volume":1000,"label":" ","price":7.43},{"type":"A","date":"2018-04-09T05:15:17.000Z","volume":1000,"label":" ","price":7.43},{"type":"A","date":"2018-04-09T05:15:22.000Z","volume":34000,"label":" ","price":7.4},{"type":"A","date":"2018-04-09T05:15:22.000Z","volume":18000,"label":" ","price":7.4},{"type":"A","date":"2018-04-09T05:16:55.000Z","volume":6000,"label":" ","price":7.39},{"type":"B","date":"2018-04-09T05:17:05.000Z","volume":16000,"label":" ","price":7.38},{"type":"B","date":"2018-04-09T05:17:05.000Z","volume":24000,"label":" ","price":7.37},{"type":"B","date":"2018-04-09T05:17:05.000Z","volume":18000,"label":" ","price":7.36},{"type":"B","date":"2018-04-09T05:17:05.000Z","volume":44000,"label":" ","price":7.35},{"type":"B","date":"2018-04-09T05:17:05.000Z","volume":1000,"label":" ","price":7.35},{"type":"B","date":"2018-04-09T05:17:05.000Z","volume":11000,"label":" ","price":7.35},{"type":"A","date":"2018-04-09T05:17:05.000Z","volume":9000,"label":" ","price":7.35},{"type":"A","date":"2018-04-09T05:17:09.000Z","volume":30000,"label":" ","price":7.35},{"type":"A","date":"2018-04-09T05:20:21.000Z","volume":22000,"label":" ","price":7.39},{"type":"A","date":"2018-04-09T05:20:21.000Z","volume":3000,"label":" ","price":7.4},{"type":"A","date":"2018-04-09T05:21:02.000Z","volume":1000,"label":" ","price":7.39},{"type":"A","date":"2018-04-09T05:21:02.000Z","volume":1000,"label":" ","price":7.39},{"type":"A","date":"2018-04-09T05:21:34.000Z","volume":10000,"label":" ","price":7.4},{"type":"A","date":"2018-04-09T05:23:17.000Z","volume":24000,"label":" ","price":7.39},{"type":"A","date":"2018-04-09T05:23:17.000Z","volume":1000,"label":" ","price":7.4},{"type":"B","date":"2018-04-09T05:23:17.000Z","volume":1000,"label":" ","price":7.39},{"type":"A","date":"2018-04-09T05:23:18.000Z","volume":1000,"label":" ","price":7.4},{"type":"A","date":"2018-04-09T05:23:25.000Z","volume":2000,"label":" ","price":7.4},{"type":"A","date":"2018-04-09T05:23:47.000Z","volume":18000,"label":" ","price":7.41},{"type":"A","date":"2018-04-09T05:23:47.000Z","volume":1000,"label":" ","price":7.41},{"type":"A","date":"2018-04-09T05:24:02.000Z","volume":1000,"label":" ","price":7.41},{"type":"A","date":"2018-04-09T05:24:02.000Z","volume":1000,"label":" ","price":7.41},{"type":"A","date":"2018-04-09T05:24:22.000Z","volume":4000,"label":" ","price":7.41},{"type":"A","date":"2018-04-09T05:25:02.000Z","volume":1000,"label":" ","price":7.41},{"type":"A","date":"2018-04-09T05:25:02.000Z","volume":1000,"label":" ","price":7.41},{"type":"A","date":"2018-04-09T05:25:02.000Z","volume":1000,"label":" ","price":7.41},{"type":"A","date":"2018-04-09T05:25:02.000Z","volume":1000,"label":" ","price":7.41},{"type":"A","date":"2018-04-09T05:25:02.000Z","volume":1000,"label":" ","price":7.41},{"type":"A","date":"2018-04-09T05:25:40.000Z","volume":1000,"label":" ","price":7.41},{"type":"B","date":"2018-04-09T05:25:42.000Z","volume":1000,"label":" ","price":7.4},{"type":"B","date":"2018-04-09T05:25:49.000Z","volume":12000,"label":" ","price":7.4},{"type":"A","date":"2018-04-09T05:25:50.000Z","volume":1000,"label":" ","price":7.4},{"type":"A","date":"2018-04-09T05:26:03.000Z","volume":3000,"label":" ","price":7.4},{"type":"B","date":"2018-04-09T05:26:36.000Z","volume":1000,"label":" ","price":7.39},{"type":"A","date":"2018-04-09T05:27:02.000Z","volume":1000,"label":" ","price":7.4},{"type":"A","date":"2018-04-09T05:27:02.000Z","volume":6000,"label":" ","price":7.4},{"type":"A","date":"2018-04-09T05:27:06.000Z","volume":6000,"label":" ","price":7.4},{"type":"B","date":"2018-04-09T05:27:24.000Z","volume":37000,"label":" ","price":7.4},{"type":"A","date":"2018-04-09T05:27:27.000Z","volume":1000,"label":" ","price":7.4},{"type":"A","date":"2018-04-09T05:28:10.000Z","volume":1000,"label":" ","price":7.4},{"type":"B","date":"2018-04-09T05:29:56.000Z","volume":1000,"label":" ","price":7.39},{"type":"B","date":"2018-04-09T05:30:24.000Z","volume":16000,"label":" ","price":7.39},{"type":"B","date":"2018-04-09T05:30:26.000Z","volume":22000,"label":" ","price":7.38},{"type":"B","date":"2018-04-09T05:30:26.000Z","volume":22000,"label":" ","price":7.37},{"type":"B","date":"2018-04-09T05:30:26.000Z","volume":1000,"label":" ","price":7.38},{"type":"A","date":"2018-04-09T05:30:56.000Z","volume":8000,"label":" ","price":7.38},{"type":"B","date":"2018-04-09T05:31:42.000Z","volume":27000,"label":" ","price":7.38},{"type":"B","date":"2018-04-09T05:31:56.000Z","volume":4000,"label":" ","price":7.36},{"type":"A","date":"2018-04-09T05:32:10.000Z","volume":1000,"label":" ","price":7.36},{"type":"A","date":"2018-04-09T05:32:16.000Z","volume":6000,"label":" ","price":7.36},{"type":"A","date":"2018-04-09T05:32:38.000Z","volume":9000,"label":"Y","price":7.36},{"type":"A","date":"2018-04-09T05:32:38.000Z","volume":2000,"label":" ","price":7.36},{"type":"A","date":"2018-04-09T05:32:39.000Z","volume":1000,"label":" ","price":7.38},{"type":"A","date":"2018-04-09T05:34:40.000Z","volume":31000,"label":"Y","price":7.38},{"type":"B","date":"2018-04-09T05:35:39.000Z","volume":5000,"label":" ","price":7.36},{"type":"B","date":"2018-04-09T05:36:23.000Z","volume":2000,"label":" ","price":7.36},{"type":"A","date":"2018-04-09T05:36:28.000Z","volume":4000,"label":" ","price":7.38},{"type":"B","date":"2018-04-09T05:37:31.000Z","volume":10000,"label":" ","price":7.36},{"type":"B","date":"2018-04-09T05:37:31.000Z","volume":1000,"label":" ","price":7.36},{"type":"A","date":"2018-04-09T05:37:37.000Z","volume":1000,"label":" ","price":7.38},{"type":"B","date":"2018-04-09T05:38:30.000Z","volume":1000,"label":" ","price":7.36},{"type":"B","date":"2018-04-09T05:39:00.000Z","volume":1000,"label":" ","price":7.36},{"type":"A","date":"2018-04-09T05:39:17.000Z","volume":1000,"label":" ","price":7.38},{"type":"B","date":"2018-04-09T05:39:36.000Z","volume":1000,"label":" ","price":7.36},{"type":"B","date":"2018-04-09T05:40:14.000Z","volume":2000,"label":" ","price":7.36},{"type":"B","date":"2018-04-09T05:40:58.000Z","volume":1000,"label":" ","price":7.36},{"type":"B","date":"2018-04-09T05:41:42.000Z","volume":1000,"label":" ","price":7.36},{"type":"A","date":"2018-04-09T05:42:14.000Z","volume":19000,"label":" ","price":7.37},{"type":"B","date":"2018-04-09T05:44:10.000Z","volume":31000,"label":" ","price":7.37},{"type":"A","date":"2018-04-09T05:44:10.000Z","volume":1000,"label":" ","price":7.37},{"type":"B","date":"2018-04-09T05:45:45.000Z","volume":1000,"label":" ","price":7.36},{"type":"B","date":"2018-04-09T05:46:13.000Z","volume":10000,"label":" ","price":7.36},{"type":"A","date":"2018-04-09T05:46:37.000Z","volume":5000,"label":" ","price":7.36},{"type":"B","date":"2018-04-09T05:46:37.000Z","volume":1000,"label":" ","price":7.35},{"type":"A","date":"2018-04-09T05:47:01.000Z","volume":5000,"label":" ","price":7.36},{"type":"B","date":"2018-04-09T05:47:22.000Z","volume":1000,"label":" ","price":7.35},{"type":"A","date":"2018-04-09T05:47:42.000Z","volume":2000,"label":" ","price":7.36},{"type":"B","date":"2018-04-09T05:47:58.000Z","volume":38000,"label":" ","price":7.35},{"type":"B","date":"2018-04-09T05:48:00.000Z","volume":1000,"label":" ","price":7.34},{"type":"B","date":"2018-04-09T05:48:03.000Z","volume":1000,"label":" ","price":7.34},{"type":"B","date":"2018-04-09T05:48:44.000Z","volume":1000,"label":" ","price":7.34},{"type":"B","date":"2018-04-09T05:49:26.000Z","volume":1000,"label":" ","price":7.35},{"type":"B","date":"2018-04-09T05:49:26.000Z","volume":1000,"label":" ","price":7.35},{"type":"A","date":"2018-04-09T05:49:32.000Z","volume":20000,"label":" ","price":7.36},{"type":"A","date":"2018-04-09T05:50:18.000Z","volume":1000,"label":" ","price":7.36},{"type":"A","date":"2018-04-09T05:50:33.000Z","volume":20000,"label":" ","price":7.36},{"type":"B","date":"2018-04-09T05:50:48.000Z","volume":1000,"label":" ","price":7.35},{"type":"B","date":"2018-04-09T05:51:34.000Z","volume":1000,"label":" ","price":7.35},{"type":"B","date":"2018-04-09T05:52:22.000Z","volume":1000,"label":" ","price":7.35},{"type":"A","date":"2018-04-09T05:52:29.000Z","volume":13000,"label":" ","price":7.36},{"type":"A","date":"2018-04-09T05:52:30.000Z","volume":1000,"label":" ","price":7.36},{"type":"A","date":"2018-04-09T05:52:32.000Z","volume":1000,"label":"Y","price":7.36},{"type":"A","date":"2018-04-09T05:53:17.000Z","volume":1000,"label":" ","price":7.36},{"type":"A","date":"2018-04-09T05:53:17.000Z","volume":1000,"label":" ","price":7.36},{"type":"A","date":"2018-04-09T05:53:17.000Z","volume":1000,"label":" ","price":7.36},{"type":"A","date":"2018-04-09T05:53:17.000Z","volume":1000,"label":" ","price":7.36},{"type":"A","date":"2018-04-09T05:54:42.000Z","volume":2000,"label":" ","price":7.37},{"type":"A","date":"2018-04-09T05:54:47.000Z","volume":1000,"label":" ","price":7.37},{"type":"B","date":"2018-04-09T05:55:42.000Z","volume":1000,"label":" ","price":7.36},{"type":"A","date":"2018-04-09T05:56:15.000Z","volume":1000,"label":" ","price":7.37},{"type":"B","date":"2018-04-09T05:56:28.000Z","volume":1000,"label":" ","price":7.36},{"type":"A","date":"2018-04-09T05:56:34.000Z","volume":1000,"label":" ","price":7.37},{"type":"A","date":"2018-04-09T05:56:57.000Z","volume":1000,"label":" ","price":7.37},{"type":"B","date":"2018-04-09T05:57:08.000Z","volume":1000,"label":" ","price":7.36},{"type":"A","date":"2018-04-09T05:57:12.000Z","volume":4000,"label":" ","price":7.37},{"type":"U","date":"2018-04-09T05:57:13.000Z","volume":2000,"label":"X","price":7.37},{"type":"B","date":"2018-04-09T05:57:22.000Z","volume":16000,"label":" ","price":7.36},{"type":"B","date":"2018-04-09T05:57:46.000Z","volume":1000,"label":" ","price":7.35},{"type":"B","date":"2018-04-09T05:58:06.000Z","volume":15000,"label":" ","price":7.35},{"type":"B","date":"2018-04-09T05:58:11.000Z","volume":1000,"label":" ","price":7.35},{"type":"B","date":"2018-04-09T05:58:33.000Z","volume":2000,"label":" ","price":7.35},{"type":"B","date":"2018-04-09T05:59:02.000Z","volume":9000,"label":" ","price":7.34},{"type":"B","date":"2018-04-09T05:59:14.000Z","volume":10000,"label":" ","price":7.34},{"type":"B","date":"2018-04-09T05:59:15.000Z","volume":4000,"label":" ","price":7.33},{"type":"B","date":"2018-04-09T05:59:17.000Z","volume":11000,"label":" ","price":7.33},{"type":"B","date":"2018-04-09T05:59:40.000Z","volume":1000,"label":" ","price":7.32},{"type":"B","date":"2018-04-09T06:00:40.000Z","volume":1000,"label":" ","price":7.33},{"type":"A","date":"2018-04-09T06:01:13.000Z","volume":25000,"label":" ","price":7.34},{"type":"A","date":"2018-04-09T06:01:13.000Z","volume":1000,"label":" ","price":7.34},{"type":"B","date":"2018-04-09T06:01:34.000Z","volume":1000,"label":" ","price":7.33},{"type":"A","date":"2018-04-09T06:02:15.000Z","volume":2000,"label":"Y","price":7.34},{"type":"A","date":"2018-04-09T06:02:15.000Z","volume":25000,"label":" ","price":7.34},{"type":"A","date":"2018-04-09T06:02:15.000Z","volume":1000,"label":" ","price":7.35},{"type":"A","date":"2018-04-09T06:02:17.000Z","volume":1000,"label":" ","price":7.35},{"type":"A","date":"2018-04-09T06:02:17.000Z","volume":1000,"label":" ","price":7.35},{"type":"A","date":"2018-04-09T06:04:32.000Z","volume":1000,"label":" ","price":7.36},{"type":"A","date":"2018-04-09T06:04:32.000Z","volume":1000,"label":" ","price":7.36},{"type":"B","date":"2018-04-09T06:05:40.000Z","volume":1000,"label":" ","price":7.35},{"type":"B","date":"2018-04-09T06:06:36.000Z","volume":10000,"label":" ","price":7.35},{"type":"A","date":"2018-04-09T06:06:53.000Z","volume":1000,"label":" ","price":7.36},{"type":"B","date":"2018-04-09T06:06:53.000Z","volume":2000,"label":" ","price":7.35},{"type":"B","date":"2018-04-09T06:06:55.000Z","volume":1000,"label":" ","price":7.35},{"type":"A","date":"2018-04-09T06:06:56.000Z","volume":1000,"label":" ","price":7.35},{"type":"A","date":"2018-04-09T06:06:58.000Z","volume":2000,"label":" ","price":7.35},{"type":"U","date":"2018-04-09T06:07:02.000Z","volume":2000,"label":"X","price":7.36},{"type":"B","date":"2018-04-09T06:07:44.000Z","volume":22000,"label":" ","price":7.34},{"type":"B","date":"2018-04-09T06:09:26.000Z","volume":1000,"label":" ","price":7.34},{"type":"B","date":"2018-04-09T06:09:59.000Z","volume":2000,"label":"Y","price":7.34},{"type":"B","date":"2018-04-09T06:09:59.000Z","volume":1000,"label":" ","price":7.34},{"type":"A","date":"2018-04-09T06:10:34.000Z","volume":10000,"label":" ","price":7.35},{"type":"B","date":"2018-04-09T06:10:44.000Z","volume":1000,"label":" ","price":7.34},{"type":"B","date":"2018-04-09T06:11:04.000Z","volume":38000,"label":" ","price":7.34},{"type":"A","date":"2018-04-09T06:11:04.000Z","volume":1000,"label":" ","price":7.35},{"type":"A","date":"2018-04-09T06:11:39.000Z","volume":5000,"label":"Y","price":7.34},{"type":"B","date":"2018-04-09T06:11:54.000Z","volume":1000,"label":" ","price":7.33},{"type":"B","date":"2018-04-09T06:12:52.000Z","volume":10000,"label":" ","price":7.33},{"type":"B","date":"2018-04-09T06:12:56.000Z","volume":2000,"label":"Y","price":7.33},{"type":"B","date":"2018-04-09T06:12:56.000Z","volume":21000,"label":" ","price":7.33},{"type":"B","date":"2018-04-09T06:13:26.000Z","volume":1000,"label":" ","price":7.32},{"type":"B","date":"2018-04-09T06:13:48.000Z","volume":3000,"label":" ","price":7.32},{"type":"B","date":"2018-04-09T06:14:34.000Z","volume":1000,"label":" ","price":7.32},{"type":"B","date":"2018-04-09T06:14:51.000Z","volume":22000,"label":" ","price":7.32},{"type":"A","date":"2018-04-09T06:14:51.000Z","volume":1000,"label":" ","price":7.33},{"type":"A","date":"2018-04-09T06:15:25.000Z","volume":1000,"label":" ","price":7.33},{"type":"B","date":"2018-04-09T06:15:28.000Z","volume":1000,"label":" ","price":7.32},{"type":"B","date":"2018-04-09T06:16:07.000Z","volume":1000,"label":" ","price":7.32},{"type":"B","date":"2018-04-09T06:16:21.000Z","volume":1000,"label":" ","price":7.32},{"type":"A","date":"2018-04-09T06:17:08.000Z","volume":11000,"label":" ","price":7.33},{"type":"A","date":"2018-04-09T06:17:08.000Z","volume":3000,"label":" ","price":7.33},{"type":"A","date":"2018-04-09T06:17:08.000Z","volume":3000,"label":" ","price":7.33},{"type":"A","date":"2018-04-09T06:18:23.000Z","volume":38000,"label":" ","price":7.34},{"type":"A","date":"2018-04-09T06:18:23.000Z","volume":1000,"label":" ","price":7.34},{"type":"A","date":"2018-04-09T06:18:35.000Z","volume":10000,"label":" ","price":7.34},{"type":"A","date":"2018-04-09T06:18:35.000Z","volume":1000,"label":" ","price":7.35},{"type":"B","date":"2018-04-09T06:18:55.000Z","volume":9000,"label":" ","price":7.33},{"type":"B","date":"2018-04-09T06:18:55.000Z","volume":36000,"label":" ","price":7.32},{"type":"A","date":"2018-04-09T06:18:55.000Z","volume":1000,"label":" ","price":7.32},{"type":"A","date":"2018-04-09T06:19:02.000Z","volume":15000,"label":" ","price":7.32},{"type":"A","date":"2018-04-09T06:19:02.000Z","volume":5000,"label":" ","price":7.35},{"type":"B","date":"2018-04-09T06:20:29.000Z","volume":6000,"label":" ","price":7.32},{"type":"B","date":"2018-04-09T06:23:59.000Z","volume":1000,"label":" ","price":7.32},{"type":"B","date":"2018-04-09T06:24:52.000Z","volume":1000,"label":" ","price":7.32},{"type":"A","date":"2018-04-09T06:24:53.000Z","volume":1000,"label":" ","price":7.35},{"type":"A","date":"2018-04-09T06:25:03.000Z","volume":1000,"label":" ","price":7.35},{"type":"B","date":"2018-04-09T06:25:12.000Z","volume":2000,"label":" ","price":7.32},{"type":"U","date":"2018-04-09T06:25:17.000Z","volume":15000,"label":" ","price":7.34},{"type":"B","date":"2018-04-09T06:25:17.000Z","volume":1000,"label":" ","price":7.34},{"type":"B","date":"2018-04-09T06:25:17.000Z","volume":1000,"label":" ","price":7.34},{"type":"A","date":"2018-04-09T06:26:09.000Z","volume":5000,"label":" ","price":7.34},{"type":"A","date":"2018-04-09T06:26:10.000Z","volume":1000,"label":" ","price":7.34},{"type":"B","date":"2018-04-09T06:27:26.000Z","volume":1000,"label":"Y","price":7.32},{"type":"B","date":"2018-04-09T06:27:26.000Z","volume":36000,"label":" ","price":7.32},{"type":"A","date":"2018-04-09T06:27:26.000Z","volume":1000,"label":" ","price":7.32},{"type":"A","date":"2018-04-09T06:27:26.000Z","volume":1000,"label":" ","price":7.32},{"type":"A","date":"2018-04-09T06:27:31.000Z","volume":20000,"label":" ","price":7.32},{"type":"A","date":"2018-04-09T06:27:31.000Z","volume":1000,"label":" ","price":7.33},{"type":"B","date":"2018-04-09T06:29:36.000Z","volume":2000,"label":" ","price":7.32},{"type":"B","date":"2018-04-09T06:29:50.000Z","volume":1000,"label":" ","price":7.32},{"type":"B","date":"2018-04-09T06:29:50.000Z","volume":13000,"label":" ","price":7.31},{"type":"B","date":"2018-04-09T06:32:48.000Z","volume":1000,"label":" ","price":7.32},{"type":"A","date":"2018-04-09T06:33:41.000Z","volume":30000,"label":" ","price":7.33},{"type":"A","date":"2018-04-09T06:33:41.000Z","volume":4000,"label":" ","price":7.33},{"type":"A","date":"2018-04-09T06:33:42.000Z","volume":1000,"label":" ","price":7.33},{"type":"A","date":"2018-04-09T06:33:47.000Z","volume":1000,"label":" ","price":7.33},{"type":"A","date":"2018-04-09T06:33:47.000Z","volume":1000,"label":" ","price":7.33},{"type":"A","date":"2018-04-09T06:34:06.000Z","volume":1000,"label":" ","price":7.33},{"type":"A","date":"2018-04-09T06:34:06.000Z","volume":2000,"label":" ","price":7.33},{"type":"B","date":"2018-04-09T06:35:27.000Z","volume":10000,"label":" ","price":7.33},{"type":"A","date":"2018-04-09T06:35:28.000Z","volume":1000,"label":" ","price":7.34},{"type":"A","date":"2018-04-09T06:35:56.000Z","volume":2000,"label":" ","price":7.34},{"type":"B","date":"2018-04-09T06:37:09.000Z","volume":35000,"label":" ","price":7.33},{"type":"A","date":"2018-04-09T06:37:09.000Z","volume":1000,"label":" ","price":7.33},{"type":"B","date":"2018-04-09T06:38:42.000Z","volume":1000,"label":" ","price":7.32},{"type":"A","date":"2018-04-09T06:39:03.000Z","volume":1000,"label":" ","price":7.33},{"type":"A","date":"2018-04-09T06:39:04.000Z","volume":1000,"label":" ","price":7.33},{"type":"B","date":"2018-04-09T06:39:20.000Z","volume":5000,"label":"Y","price":7.32},{"type":"B","date":"2018-04-09T06:39:20.000Z","volume":30000,"label":" ","price":7.32},{"type":"B","date":"2018-04-09T06:39:20.000Z","volume":2000,"label":"Y","price":7.31},{"type":"B","date":"2018-04-09T06:39:20.000Z","volume":34000,"label":" ","price":7.31},{"type":"B","date":"2018-04-09T06:39:20.000Z","volume":70000,"label":" ","price":7.3},{"type":"B","date":"2018-04-09T06:39:20.000Z","volume":41000,"label":" ","price":7.29},{"type":"B","date":"2018-04-09T06:39:20.000Z","volume":10000,"label":"Y","price":7.28},{"type":"B","date":"2018-04-09T06:39:20.000Z","volume":100000,"label":" ","price":7.28},{"type":"B","date":"2018-04-09T06:39:20.000Z","volume":191000,"label":" ","price":7.27},{"type":"B","date":"2018-04-09T06:39:20.000Z","volume":17000,"label":" ","price":7.26},{"type":"A","date":"2018-04-09T06:39:20.000Z","volume":6000,"label":" ","price":7.33},{"type":"U","date":"2018-04-09T06:39:20.000Z","volume":1000,"label":" ","price":7.32},{"type":"A","date":"2018-04-09T06:39:20.000Z","volume":1000,"label":" ","price":7.32},{"type":"B","date":"2018-04-09T06:39:20.000Z","volume":11000,"label":" ","price":7.32},{"type":"B","date":"2018-04-09T06:39:38.000Z","volume":1000,"label":" ","price":7.27},{"type":"B","date":"2018-04-09T06:40:34.000Z","volume":10000,"label":" ","price":7.29},{"type":"B","date":"2018-04-09T06:40:54.000Z","volume":1000,"label":" ","price":7.29},{"type":"B","date":"2018-04-09T06:41:07.000Z","volume":2000,"label":" ","price":7.29},{"type":"A","date":"2018-04-09T06:41:07.000Z","volume":6000,"label":" ","price":7.29},{"type":"A","date":"2018-04-09T06:41:12.000Z","volume":3000,"label":" ","price":7.29},{"type":"A","date":"2018-04-09T06:41:17.000Z","volume":1000,"label":" ","price":7.29},{"type":"A","date":"2018-04-09T06:41:52.000Z","volume":1000,"label":" ","price":7.32},{"type":"A","date":"2018-04-09T06:42:29.000Z","volume":2000,"label":" ","price":7.32},{"type":"B","date":"2018-04-09T06:42:29.000Z","volume":2000,"label":" ","price":7.32},{"type":"B","date":"2018-04-09T06:42:29.000Z","volume":7000,"label":" ","price":7.32},{"type":"B","date":"2018-04-09T06:42:34.000Z","volume":1000,"label":" ","price":7.32},{"type":"B","date":"2018-04-09T06:42:34.000Z","volume":1000,"label":" ","price":7.31},{"type":"A","date":"2018-04-09T06:46:17.000Z","volume":1000,"label":" ","price":7.32},{"type":"B","date":"2018-04-09T06:46:33.000Z","volume":25000,"label":" ","price":7.31},{"type":"A","date":"2018-04-09T06:46:33.000Z","volume":1000,"label":" ","price":7.31},{"type":"B","date":"2018-04-09T06:46:52.000Z","volume":1000,"label":" ","price":7.3},{"type":"B","date":"2018-04-09T06:47:42.000Z","volume":1000,"label":" ","price":7.3},{"type":"A","date":"2018-04-09T06:47:58.000Z","volume":4000,"label":" ","price":7.31},{"type":"B","date":"2018-04-09T06:48:30.000Z","volume":1000,"label":" ","price":7.3},{"type":"B","date":"2018-04-09T06:48:44.000Z","volume":12000,"label":" ","price":7.3},{"type":"A","date":"2018-04-09T06:48:53.000Z","volume":3000,"label":" ","price":7.3},{"type":"B","date":"2018-04-09T06:49:09.000Z","volume":2000,"label":" ","price":7.29},{"type":"A","date":"2018-04-09T06:49:54.000Z","volume":15000,"label":" ","price":7.3},{"type":"B","date":"2018-04-09T06:51:57.000Z","volume":10000,"label":" ","price":7.3},{"type":"B","date":"2018-04-09T06:52:00.000Z","volume":1000,"label":" ","price":7.3},{"type":"B","date":"2018-04-09T06:53:14.000Z","volume":1000,"label":" ","price":7.3},{"type":"B","date":"2018-04-09T06:53:40.000Z","volume":1000,"label":" ","price":7.3},{"type":"B","date":"2018-04-09T06:54:25.000Z","volume":1000,"label":" ","price":7.3},{"type":"B","date":"2018-04-09T06:54:49.000Z","volume":4000,"label":" ","price":7.3},{"type":"B","date":"2018-04-09T06:55:36.000Z","volume":1000,"label":" ","price":7.31},{"type":"B","date":"2018-04-09T06:56:15.000Z","volume":18000,"label":" ","price":7.31},{"type":"B","date":"2018-04-09T06:56:20.000Z","volume":6000,"label":"Y","price":7.3},{"type":"B","date":"2018-04-09T06:56:20.000Z","volume":8000,"label":" ","price":7.3},{"type":"B","date":"2018-04-09T06:56:20.000Z","volume":47000,"label":" ","price":7.29},{"type":"B","date":"2018-04-09T06:56:20.000Z","volume":10000,"label":"Y","price":7.28},{"type":"B","date":"2018-04-09T06:56:20.000Z","volume":219000,"label":" ","price":7.28},{"type":"A","date":"2018-04-09T06:56:20.000Z","volume":10000,"label":" ","price":7.28},{"type":"A","date":"2018-04-09T06:56:25.000Z","volume":8000,"label":" ","price":7.28},{"type":"B","date":"2018-04-09T06:58:24.000Z","volume":13000,"label":" ","price":7.28},{"type":"A","date":"2018-04-09T06:58:24.000Z","volume":21000,"label":" ","price":7.28},{"type":"A","date":"2018-04-09T06:58:24.000Z","volume":12000,"label":" ","price":7.28},{"type":"A","date":"2018-04-09T06:58:24.000Z","volume":16000,"label":" ","price":7.28},{"type":"A","date":"2018-04-09T06:58:34.000Z","volume":1000,"label":" ","price":7.28},{"type":"A","date":"2018-04-09T06:58:35.000Z","volume":1000,"label":"Y","price":7.28},{"type":"A","date":"2018-04-09T06:58:35.000Z","volume":1000,"label":" ","price":7.28},{"type":"A","date":"2018-04-09T06:58:35.000Z","volume":2000,"label":" ","price":7.28},{"type":"A","date":"2018-04-09T06:59:06.000Z","volume":3000,"label":" ","price":7.3},{"type":"A","date":"2018-04-09T06:59:17.000Z","volume":2000,"label":" ","price":7.3},{"type":"A","date":"2018-04-09T06:59:39.000Z","volume":16000,"label":" ","price":7.3},{"type":"A","date":"2018-04-09T06:59:39.000Z","volume":74000,"label":"Y","price":7.31},{"type":"A","date":"2018-04-09T06:59:39.000Z","volume":6000,"label":" ","price":7.31},{"type":"A","date":"2018-04-09T06:59:39.000Z","volume":1000,"label":" ","price":7.32},{"type":"B","date":"2018-04-09T06:59:39.000Z","volume":4000,"label":" ","price":7.31},{"type":"A","date":"2018-04-09T06:59:41.000Z","volume":1000,"label":" ","price":7.32},{"type":"U","date":"2018-04-09T07:00:03.000Z","volume":3000,"label":"X","price":7.32},{"type":"A","date":"2018-04-09T07:00:48.000Z","volume":30000,"label":"Y","price":7.32},{"type":"A","date":"2018-04-09T07:00:48.000Z","volume":28000,"label":" ","price":7.32},{"type":"B","date":"2018-04-09T07:01:57.000Z","volume":11000,"label":" ","price":7.32},{"type":"A","date":"2018-04-09T07:01:57.000Z","volume":1000,"label":" ","price":7.34},{"type":"A","date":"2018-04-09T07:02:02.000Z","volume":1000,"label":"Y","price":7.32},{"type":"A","date":"2018-04-09T07:02:02.000Z","volume":1000,"label":"Y","price":7.32},{"type":"B","date":"2018-04-09T07:03:00.000Z","volume":3000,"label":" ","price":7.31},{"type":"B","date":"2018-04-09T07:03:00.000Z","volume":4000,"label":"Y","price":7.3},{"type":"B","date":"2018-04-09T07:03:00.000Z","volume":4000,"label":" ","price":7.3},{"type":"B","date":"2018-04-09T07:03:26.000Z","volume":1000,"label":" ","price":7.28},{"type":"A","date":"2018-04-09T07:03:39.000Z","volume":1000,"label":" ","price":7.3},{"type":"A","date":"2018-04-09T07:03:40.000Z","volume":1000,"label":" ","price":7.3},{"type":"A","date":"2018-04-09T07:04:21.000Z","volume":2000,"label":"Y","price":7.3},{"type":"A","date":"2018-04-09T07:05:15.000Z","volume":5000,"label":" ","price":7.3},{"type":"A","date":"2018-04-09T07:05:19.000Z","volume":1000,"label":" ","price":7.3},{"type":"B","date":"2018-04-09T07:05:30.000Z","volume":7000,"label":" ","price":7.29},{"type":"B","date":"2018-04-09T07:05:45.000Z","volume":5000,"label":" ","price":7.28},{"type":"B","date":"2018-04-09T07:06:00.000Z","volume":1000,"label":" ","price":7.28},{"type":"B","date":"2018-04-09T07:06:35.000Z","volume":2000,"label":" ","price":7.28},{"type":"A","date":"2018-04-09T07:06:44.000Z","volume":5000,"label":" ","price":7.29},{"type":"B","date":"2018-04-09T07:06:58.000Z","volume":1000,"label":" ","price":7.28},{"type":"B","date":"2018-04-09T07:07:00.000Z","volume":5000,"label":" ","price":7.28},{"type":"B","date":"2018-04-09T07:07:00.000Z","volume":5000,"label":" ","price":7.28},{"type":"B","date":"2018-04-09T07:08:10.000Z","volume":1000,"label":" ","price":7.28},{"type":"A","date":"2018-04-09T07:08:25.000Z","volume":30000,"label":" ","price":7.29},{"type":"B","date":"2018-04-09T07:09:28.000Z","volume":1000,"label":" ","price":7.28},{"type":"A","date":"2018-04-09T07:09:36.000Z","volume":1000,"label":" ","price":7.29},{"type":"B","date":"2018-04-09T07:09:44.000Z","volume":10000,"label":" ","price":7.28},{"type":"B","date":"2018-04-09T07:10:14.000Z","volume":50000,"label":" ","price":7.28},{"type":"B","date":"2018-04-09T07:10:48.000Z","volume":1000,"label":" ","price":7.27},{"type":"A","date":"2018-04-09T07:10:49.000Z","volume":10000,"label":" ","price":7.28},{"type":"B","date":"2018-04-09T07:10:55.000Z","volume":50000,"label":" ","price":7.27},{"type":"B","date":"2018-04-09T07:10:55.000Z","volume":96000,"label":" ","price":7.26},{"type":"B","date":"2018-04-09T07:10:55.000Z","volume":42000,"label":" ","price":7.25},{"type":"A","date":"2018-04-09T07:10:55.000Z","volume":2000,"label":" ","price":7.25},{"type":"B","date":"2018-04-09T07:11:48.000Z","volume":1000,"label":" ","price":7.24},{"type":"A","date":"2018-04-09T07:11:56.000Z","volume":7000,"label":"Y","price":7.25},{"type":"A","date":"2018-04-09T07:12:37.000Z","volume":1000,"label":" ","price":7.25},{"type":"A","date":"2018-04-09T07:12:37.000Z","volume":32000,"label":" ","price":7.25},{"type":"A","date":"2018-04-09T07:12:37.000Z","volume":3000,"label":" ","price":7.26},{"type":"A","date":"2018-04-09T07:12:40.000Z","volume":2000,"label":" ","price":7.26},{"type":"B","date":"2018-04-09T07:13:32.000Z","volume":10000,"label":" ","price":7.26},{"type":"B","date":"2018-04-09T07:14:03.000Z","volume":43000,"label":" ","price":7.25},{"type":"A","date":"2018-04-09T07:14:03.000Z","volume":3000,"label":" ","price":7.25},{"type":"A","date":"2018-04-09T07:14:37.000Z","volume":1000,"label":" ","price":7.25},{"type":"A","date":"2018-04-09T07:14:39.000Z","volume":1000,"label":" ","price":7.25},{"type":"A","date":"2018-04-09T07:14:45.000Z","volume":3000,"label":" ","price":7.25},{"type":"A","date":"2018-04-09T07:14:45.000Z","volume":5000,"label":" ","price":7.26},{"type":"A","date":"2018-04-09T07:14:45.000Z","volume":1000,"label":" ","price":7.26},{"type":"A","date":"2018-04-09T07:14:45.000Z","volume":2000,"label":" ","price":7.26},{"type":"B","date":"2018-04-09T07:14:53.000Z","volume":21000,"label":" ","price":7.26},{"type":"B","date":"2018-04-09T07:15:33.000Z","volume":10000,"label":" ","price":7.25},{"type":"B","date":"2018-04-09T07:16:51.000Z","volume":30000,"label":"Y","price":7.25},{"type":"B","date":"2018-04-09T07:16:51.000Z","volume":11000,"label":" ","price":7.25},{"type":"B","date":"2018-04-09T07:16:51.000Z","volume":9000,"label":" ","price":7.25},{"type":"B","date":"2018-04-09T07:16:55.000Z","volume":3000,"label":" ","price":7.25},{"type":"B","date":"2018-04-09T07:16:55.000Z","volume":53000,"label":" ","price":7.24},{"type":"B","date":"2018-04-09T07:16:55.000Z","volume":96000,"label":" ","price":7.23},{"type":"B","date":"2018-04-09T07:16:55.000Z","volume":31000,"label":" ","price":7.23},{"type":"A","date":"2018-04-09T07:16:55.000Z","volume":2000,"label":" ","price":7.23},{"type":"A","date":"2018-04-09T07:16:55.000Z","volume":22000,"label":" ","price":7.23},{"type":"A","date":"2018-04-09T07:16:58.000Z","volume":2000,"label":" ","price":7.23},{"type":"B","date":"2018-04-09T07:16:58.000Z","volume":3000,"label":" ","price":7.25},{"type":"B","date":"2018-04-09T07:17:02.000Z","volume":5000,"label":" ","price":7.25},{"type":"B","date":"2018-04-09T07:17:04.000Z","volume":2000,"label":" ","price":7.25},{"type":"A","date":"2018-04-09T07:17:40.000Z","volume":1000,"label":" ","price":7.25},{"type":"A","date":"2018-04-09T07:18:03.000Z","volume":3000,"label":" ","price":7.25},{"type":"A","date":"2018-04-09T07:18:08.000Z","volume":1000,"label":" ","price":7.26},{"type":"B","date":"2018-04-09T07:19:07.000Z","volume":5000,"label":" ","price":7.23},{"type":"A","date":"2018-04-09T07:19:33.000Z","volume":1000,"label":" ","price":7.26},{"type":"A","date":"2018-04-09T07:19:34.000Z","volume":1000,"label":" ","price":7.26},{"type":"U","date":"2018-04-09T07:19:34.000Z","volume":984,"label":"D","price":7.2},{"type":"B","date":"2018-04-09T07:19:38.000Z","volume":7000,"label":" ","price":7.24},{"type":"A","date":"2018-04-09T07:19:51.000Z","volume":4000,"label":" ","price":7.26},{"type":"B","date":"2018-04-09T07:20:08.000Z","volume":3000,"label":" ","price":7.24},{"type":"B","date":"2018-04-09T07:20:37.000Z","volume":2000,"label":" ","price":7.24},{"type":"B","date":"2018-04-09T07:21:08.000Z","volume":4000,"label":" ","price":7.24},{"type":"B","date":"2018-04-09T07:21:30.000Z","volume":3000,"label":" ","price":7.24},{"type":"B","date":"2018-04-09T07:21:37.000Z","volume":4000,"label":" ","price":7.23},{"type":"B","date":"2018-04-09T07:21:37.000Z","volume":1000,"label":" ","price":7.23},{"type":"B","date":"2018-04-09T07:22:07.000Z","volume":53000,"label":" ","price":7.23},{"type":"A","date":"2018-04-09T07:22:08.000Z","volume":3000,"label":" ","price":7.26},{"type":"A","date":"2018-04-09T07:22:09.000Z","volume":1000,"label":" ","price":7.26},{"type":"B","date":"2018-04-09T07:22:15.000Z","volume":55000,"label":" ","price":7.23},{"type":"A","date":"2018-04-09T07:22:15.000Z","volume":5000,"label":" ","price":7.23},{"type":"A","date":"2018-04-09T07:22:18.000Z","volume":1000,"label":" ","price":7.26},{"type":"B","date":"2018-04-09T07:22:37.000Z","volume":2000,"label":" ","price":7.23},{"type":"U","date":"2018-04-09T07:23:03.000Z","volume":1000,"label":" ","price":7.24},{"type":"B","date":"2018-04-09T07:23:07.000Z","volume":2000,"label":" ","price":7.23},{"type":"B","date":"2018-04-09T07:23:37.000Z","volume":7000,"label":" ","price":7.23},{"type":"B","date":"2018-04-09T07:23:48.000Z","volume":1000,"label":" ","price":7.23},{"type":"B","date":"2018-04-09T07:24:07.000Z","volume":19000,"label":" ","price":7.23},{"type":"B","date":"2018-04-09T07:24:10.000Z","volume":1000,"label":" ","price":7.23},{"type":"B","date":"2018-04-09T07:24:15.000Z","volume":1000,"label":" ","price":7.24},{"type":"B","date":"2018-04-09T07:24:37.000Z","volume":5000,"label":" ","price":7.24},{"type":"B","date":"2018-04-09T07:24:39.000Z","volume":17000,"label":" ","price":7.24},{"type":"A","date":"2018-04-09T07:24:39.000Z","volume":1000,"label":" ","price":7.24},{"type":"B","date":"2018-04-09T07:24:52.000Z","volume":1000,"label":" ","price":7.23},{"type":"B","date":"2018-04-09T07:24:58.000Z","volume":5000,"label":" ","price":7.23},{"type":"B","date":"2018-04-09T07:25:07.000Z","volume":11000,"label":" ","price":7.23},{"type":"B","date":"2018-04-09T07:25:12.000Z","volume":1000,"label":" ","price":7.23},{"type":"B","date":"2018-04-09T07:25:30.000Z","volume":1000,"label":" ","price":7.23},{"type":"B","date":"2018-04-09T07:25:30.000Z","volume":1000,"label":" ","price":7.23},{"type":"B","date":"2018-04-09T07:25:32.000Z","volume":7000,"label":" ","price":7.23},{"type":"B","date":"2018-04-09T07:25:37.000Z","volume":1000,"label":" ","price":7.23},{"type":"B","date":"2018-04-09T07:26:06.000Z","volume":1000,"label":" ","price":7.23},{"type":"B","date":"2018-04-09T07:26:07.000Z","volume":2000,"label":" ","price":7.23},{"type":"B","date":"2018-04-09T07:26:24.000Z","volume":1000,"label":" ","price":7.23},{"type":"B","date":"2018-04-09T07:26:28.000Z","volume":1000,"label":" ","price":7.23},{"type":"B","date":"2018-04-09T07:26:28.000Z","volume":4000,"label":" ","price":7.23},{"type":"B","date":"2018-04-09T07:26:38.000Z","volume":10000,"label":"Y","price":7.22},{"type":"B","date":"2018-04-09T07:26:38.000Z","volume":10000,"label":" ","price":7.22},{"type":"B","date":"2018-04-09T07:26:40.000Z","volume":1000,"label":" ","price":7.22},{"type":"B","date":"2018-04-09T07:26:58.000Z","volume":1000,"label":" ","price":7.22},{"type":"A","date":"2018-04-09T07:27:01.000Z","volume":1000,"label":" ","price":7.24},{"type":"B","date":"2018-04-09T07:27:08.000Z","volume":12000,"label":" ","price":7.22},{"type":"B","date":"2018-04-09T07:27:10.000Z","volume":1000,"label":" ","price":7.22},{"type":"B","date":"2018-04-09T07:27:21.000Z","volume":1000,"label":" ","price":7.22},{"type":"B","date":"2018-04-09T07:27:38.000Z","volume":4000,"label":" ","price":7.22},{"type":"B","date":"2018-04-09T07:27:40.000Z","volume":1000,"label":" ","price":7.22},{"type":"B","date":"2018-04-09T07:27:54.000Z","volume":1000,"label":" ","price":7.22},{"type":"A","date":"2018-04-09T07:27:54.000Z","volume":10000,"label":" ","price":7.23},{"type":"A","date":"2018-04-09T07:28:01.000Z","volume":6000,"label":" ","price":7.23},{"type":"B","date":"2018-04-09T07:28:02.000Z","volume":20000,"label":" ","price":7.22},{"type":"B","date":"2018-04-09T07:28:08.000Z","volume":8000,"label":" ","price":7.22},{"type":"A","date":"2018-04-09T07:28:29.000Z","volume":30000,"label":" ","price":7.23},{"type":"B","date":"2018-04-09T07:28:37.000Z","volume":11000,"label":" ","price":7.22},{"type":"B","date":"2018-04-09T07:28:38.000Z","volume":1000,"label":" ","price":7.22},{"type":"A","date":"2018-04-09T07:28:39.000Z","volume":1000,"label":" ","price":7.23},{"type":"B","date":"2018-04-09T07:28:56.000Z","volume":1000,"label":" ","price":7.22},{"type":"A","date":"2018-04-09T07:28:58.000Z","volume":23000,"label":" ","price":7.23},{"type":"A","date":"2018-04-09T07:28:58.000Z","volume":31000,"label":" ","price":7.24},{"type":"B","date":"2018-04-09T07:29:07.000Z","volume":7000,"label":" ","price":7.23},{"type":"B","date":"2018-04-09T07:29:37.000Z","volume":5000,"label":" ","price":7.23},{"type":"B","date":"2018-04-09T07:29:37.000Z","volume":1000,"label":" ","price":7.23},{"type":"B","date":"2018-04-09T07:29:55.000Z","volume":1000,"label":" ","price":7.23},{"type":"B","date":"2018-04-09T07:29:58.000Z","volume":9000,"label":" ","price":7.23},{"type":"B","date":"2018-04-09T07:29:58.000Z","volume":4000,"label":" ","price":7.23},{"type":"B","date":"2018-04-09T07:30:07.000Z","volume":1000,"label":" ","price":7.22},{"type":"B","date":"2018-04-09T07:30:07.000Z","volume":5000,"label":" ","price":7.22},{"type":"B","date":"2018-04-09T07:30:07.000Z","volume":1000,"label":" ","price":7.22},{"type":"B","date":"2018-04-09T07:30:30.000Z","volume":1000,"label":" ","price":7.22},{"type":"B","date":"2018-04-09T07:30:37.000Z","volume":8000,"label":" ","price":7.22},{"type":"B","date":"2018-04-09T07:30:37.000Z","volume":1000,"label":" ","price":7.22},{"type":"A","date":"2018-04-09T07:30:51.000Z","volume":20000,"label":"Y","price":7.23},{"type":"B","date":"2018-04-09T07:30:51.000Z","volume":1000,"label":" ","price":7.22},{"type":"A","date":"2018-04-09T07:30:52.000Z","volume":1000,"label":" ","price":7.23},{"type":"B","date":"2018-04-09T07:31:02.000Z","volume":1000,"label":" ","price":7.22},{"type":"B","date":"2018-04-09T07:31:07.000Z","volume":33000,"label":" ","price":7.22},{"type":"A","date":"2018-04-09T07:31:09.000Z","volume":40000,"label":" ","price":7.23},{"type":"A","date":"2018-04-09T07:31:09.000Z","volume":1000,"label":" ","price":7.23},{"type":"A","date":"2018-04-09T07:31:09.000Z","volume":32000,"label":" ","price":7.24},{"type":"B","date":"2018-04-09T07:31:35.000Z","volume":1000,"label":" ","price":7.23},{"type":"B","date":"2018-04-09T07:31:37.000Z","volume":6000,"label":" ","price":7.23},{"type":"B","date":"2018-04-09T07:31:47.000Z","volume":1000,"label":" ","price":7.23},{"type":"B","date":"2018-04-09T07:32:00.000Z","volume":1000,"label":" ","price":7.23},{"type":"B","date":"2018-04-09T07:32:07.000Z","volume":32000,"label":" ","price":7.23},{"type":"B","date":"2018-04-09T07:32:10.000Z","volume":1000,"label":" ","price":7.23},{"type":"B","date":"2018-04-09T07:32:20.000Z","volume":1000,"label":" ","price":7.23},{"type":"B","date":"2018-04-09T07:32:30.000Z","volume":1000,"label":" ","price":7.23},{"type":"B","date":"2018-04-09T07:32:37.000Z","volume":24000,"label":" ","price":7.23},{"type":"B","date":"2018-04-09T07:32:40.000Z","volume":1000,"label":" ","price":7.23},{"type":"B","date":"2018-04-09T07:32:50.000Z","volume":2000,"label":" ","price":7.23},{"type":"B","date":"2018-04-09T07:33:00.000Z","volume":1000,"label":" ","price":7.23},{"type":"B","date":"2018-04-09T07:33:08.000Z","volume":11000,"label":" ","price":7.23},{"type":"B","date":"2018-04-09T07:33:10.000Z","volume":1000,"label":" ","price":7.23},{"type":"B","date":"2018-04-09T07:33:22.000Z","volume":1000,"label":" ","price":7.23},{"type":"B","date":"2018-04-09T07:33:34.000Z","volume":1000,"label":" ","price":7.23},{"type":"B","date":"2018-04-09T07:33:38.000Z","volume":14000,"label":" ","price":7.23},{"type":"B","date":"2018-04-09T07:33:44.000Z","volume":1000,"label":" ","price":7.23},{"type":"B","date":"2018-04-09T07:33:52.000Z","volume":1000,"label":" ","price":7.23},{"type":"B","date":"2018-04-09T07:33:52.000Z","volume":1000,"label":" ","price":7.23},{"type":"B","date":"2018-04-09T07:34:08.000Z","volume":5000,"label":" ","price":7.23},{"type":"A","date":"2018-04-09T07:34:21.000Z","volume":8000,"label":" ","price":7.24},{"type":"B","date":"2018-04-09T07:34:38.000Z","volume":3000,"label":" ","price":7.23},{"type":"B","date":"2018-04-09T07:35:08.000Z","volume":57000,"label":" ","price":7.23},{"type":"A","date":"2018-04-09T07:35:18.000Z","volume":4000,"label":" ","price":7.24},{"type":"B","date":"2018-04-09T07:35:29.000Z","volume":42000,"label":" ","price":7.23},{"type":"A","date":"2018-04-09T07:35:32.000Z","volume":1000,"label":" ","price":7.24},{"type":"B","date":"2018-04-09T07:35:38.000Z","volume":19000,"label":" ","price":7.23},{"type":"B","date":"2018-04-09T07:35:54.000Z","volume":5000,"label":" ","price":7.23},{"type":"A","date":"2018-04-09T07:36:05.000Z","volume":52000,"label":" ","price":7.24},{"type":"A","date":"2018-04-09T07:36:05.000Z","volume":5000,"label":" ","price":7.25},{"type":"B","date":"2018-04-09T07:36:08.000Z","volume":6000,"label":" ","price":7.24},{"type":"B","date":"2018-04-09T07:36:08.000Z","volume":30000,"label":" ","price":7.23},{"type":"B","date":"2018-04-09T07:36:28.000Z","volume":1000,"label":" ","price":7.24},{"type":"B","date":"2018-04-09T07:36:38.000Z","volume":8000,"label":" ","price":7.24},{"type":"A","date":"2018-04-09T07:36:43.000Z","volume":1000,"label":" ","price":7.27},{"type":"B","date":"2018-04-09T07:37:07.000Z","volume":28000,"label":" ","price":7.24},{"type":"B","date":"2018-04-09T07:37:37.000Z","volume":3000,"label":" ","price":7.25},{"type":"B","date":"2018-04-09T07:38:07.000Z","volume":23000,"label":" ","price":7.24},{"type":"A","date":"2018-04-09T07:38:08.000Z","volume":23000,"label":" ","price":7.26},{"type":"B","date":"2018-04-09T07:38:12.000Z","volume":5000,"label":" ","price":7.26},{"type":"B","date":"2018-04-09T07:38:13.000Z","volume":5000,"label":" ","price":7.26},{"type":"B","date":"2018-04-09T07:38:32.000Z","volume":1000,"label":" ","price":7.24},{"type":"A","date":"2018-04-09T07:38:33.000Z","volume":1000,"label":" ","price":7.26},{"type":"A","date":"2018-04-09T07:38:33.000Z","volume":1000,"label":" ","price":7.26},{"type":"A","date":"2018-04-09T07:38:33.000Z","volume":4000,"label":" ","price":7.26},{"type":"B","date":"2018-04-09T07:38:37.000Z","volume":20000,"label":" ","price":7.24},{"type":"B","date":"2018-04-09T07:39:08.000Z","volume":5000,"label":" ","price":7.24},{"type":"B","date":"2018-04-09T07:39:38.000Z","volume":22000,"label":" ","price":7.24},{"type":"A","date":"2018-04-09T07:39:49.000Z","volume":5000,"label":" ","price":7.27},{"type":"B","date":"2018-04-09T07:39:53.000Z","volume":1000,"label":" ","price":7.24},{"type":"B","date":"2018-04-09T07:40:08.000Z","volume":5000,"label":" ","price":7.24},{"type":"B","date":"2018-04-09T07:40:13.000Z","volume":6000,"label":" ","price":7.24},{"type":"B","date":"2018-04-09T07:40:38.000Z","volume":4000,"label":" ","price":7.24},{"type":"B","date":"2018-04-09T07:41:08.000Z","volume":2000,"label":" ","price":7.24},{"type":"B","date":"2018-04-09T07:41:38.000Z","volume":6000,"label":" ","price":7.24},{"type":"B","date":"2018-04-09T07:42:08.000Z","volume":4000,"label":" ","price":7.24},{"type":"B","date":"2018-04-09T07:42:38.000Z","volume":5000,"label":" ","price":7.24},{"type":"A","date":"2018-04-09T07:42:43.000Z","volume":5000,"label":" ","price":7.25},{"type":"B","date":"2018-04-09T07:43:08.000Z","volume":3000,"label":" ","price":7.24},{"type":"A","date":"2018-04-09T07:43:33.000Z","volume":1000,"label":" ","price":7.25},{"type":"A","date":"2018-04-09T07:43:34.000Z","volume":1000,"label":" ","price":7.25},{"type":"A","date":"2018-04-09T07:43:34.000Z","volume":37000,"label":" ","price":7.25},{"type":"B","date":"2018-04-09T07:43:36.000Z","volume":4000,"label":" ","price":7.25},{"type":"B","date":"2018-04-09T07:43:36.000Z","volume":6000,"label":" ","price":7.24},{"type":"A","date":"2018-04-09T07:43:41.000Z","volume":1000,"label":" ","price":7.25},{"type":"A","date":"2018-04-09T07:43:48.000Z","volume":5000,"label":" ","price":7.25},{"type":"A","date":"2018-04-09T07:43:51.000Z","volume":10000,"label":" ","price":7.25},{"type":"A","date":"2018-04-09T07:43:59.000Z","volume":3000,"label":" ","price":7.25},{"type":"B","date":"2018-04-09T07:44:08.000Z","volume":40000,"label":" ","price":7.24},{"type":"B","date":"2018-04-09T07:44:38.000Z","volume":24000,"label":" ","price":7.24},{"type":"A","date":"2018-04-09T07:44:38.000Z","volume":1000,"label":" ","price":7.25},{"type":"B","date":"2018-04-09T07:45:08.000Z","volume":16000,"label":" ","price":7.24},{"type":"B","date":"2018-04-09T07:45:38.000Z","volume":15000,"label":" ","price":7.24},{"type":"B","date":"2018-04-09T07:45:47.000Z","volume":15000,"label":" ","price":7.24},{"type":"B","date":"2018-04-09T07:46:08.000Z","volume":7000,"label":" ","price":7.24},{"type":"A","date":"2018-04-09T07:46:33.000Z","volume":8000,"label":" ","price":7.25},{"type":"B","date":"2018-04-09T07:46:38.000Z","volume":7000,"label":" ","price":7.24},{"type":"B","date":"2018-04-09T07:47:08.000Z","volume":5000,"label":" ","price":7.24},{"type":"B","date":"2018-04-09T07:47:37.000Z","volume":2000,"label":"Y","price":7.24},{"type":"B","date":"2018-04-09T07:47:37.000Z","volume":7000,"label":" ","price":7.24},{"type":"U","date":"2018-04-09T07:47:37.000Z","volume":8000,"label":" ","price":7.24},{"type":"U","date":"2018-04-09T07:47:37.000Z","volume":3000,"label":" ","price":7.24},{"type":"B","date":"2018-04-09T07:47:38.000Z","volume":1000,"label":" ","price":7.24},{"type":"B","date":"2018-04-09T07:48:08.000Z","volume":46000,"label":" ","price":7.23},{"type":"B","date":"2018-04-09T07:48:38.000Z","volume":23000,"label":" ","price":7.23},{"type":"B","date":"2018-04-09T07:48:49.000Z","volume":5000,"label":" ","price":7.23},{"type":"B","date":"2018-04-09T07:48:56.000Z","volume":15000,"label":" ","price":7.23},{"type":"B","date":"2018-04-09T07:49:04.000Z","volume":6000,"label":" ","price":7.23},{"type":"B","date":"2018-04-09T07:49:08.000Z","volume":18000,"label":"Y","price":7.22},{"type":"B","date":"2018-04-09T07:49:08.000Z","volume":27000,"label":" ","price":7.22},{"type":"B","date":"2018-04-09T07:49:38.000Z","volume":28000,"label":" ","price":7.22},{"type":"B","date":"2018-04-09T07:49:43.000Z","volume":27000,"label":" ","price":7.22},{"type":"A","date":"2018-04-09T07:49:50.000Z","volume":6000,"label":" ","price":7.22},{"type":"A","date":"2018-04-09T07:49:50.000Z","volume":6000,"label":" ","price":7.22},{"type":"A","date":"2018-04-09T07:49:53.000Z","volume":8000,"label":" ","price":7.23},{"type":"A","date":"2018-04-09T07:49:53.000Z","volume":15000,"label":" ","price":7.23},{"type":"A","date":"2018-04-09T07:49:55.000Z","volume":34000,"label":" ","price":7.24},{"type":"A","date":"2018-04-09T07:50:03.000Z","volume":1000,"label":" ","price":7.25},{"type":"A","date":"2018-04-09T07:50:03.000Z","volume":5000,"label":" ","price":7.25},{"type":"A","date":"2018-04-09T07:50:05.000Z","volume":17000,"label":" ","price":7.26},{"type":"B","date":"2018-04-09T07:50:08.000Z","volume":4000,"label":" ","price":7.23},{"type":"B","date":"2018-04-09T07:50:38.000Z","volume":11000,"label":" ","price":7.23},{"type":"A","date":"2018-04-09T07:50:39.000Z","volume":1000,"label":" ","price":7.25},{"type":"B","date":"2018-04-09T07:51:09.000Z","volume":41000,"label":" ","price":7.23},{"type":"B","date":"2018-04-09T07:51:39.000Z","volume":3000,"label":" ","price":7.24},{"type":"B","date":"2018-04-09T07:52:01.000Z","volume":3000,"label":" ","price":7.24},{"type":"B","date":"2018-04-09T07:52:08.000Z","volume":21000,"label":" ","price":7.23},{"type":"A","date":"2018-04-09T07:52:14.000Z","volume":1000,"label":" ","price":7.24},{"type":"B","date":"2018-04-09T07:52:38.000Z","volume":10000,"label":" ","price":7.23},{"type":"A","date":"2018-04-09T07:52:46.000Z","volume":30000,"label":" ","price":7.24},{"type":"A","date":"2018-04-09T07:52:46.000Z","volume":4000,"label":" ","price":7.24},{"type":"B","date":"2018-04-09T07:53:08.000Z","volume":13000,"label":" ","price":7.23},{"type":"A","date":"2018-04-09T07:53:12.000Z","volume":1000,"label":" ","price":7.24},{"type":"B","date":"2018-04-09T07:53:38.000Z","volume":9000,"label":" ","price":7.23},{"type":"A","date":"2018-04-09T07:54:06.000Z","volume":1000,"label":" ","price":7.24},{"type":"B","date":"2018-04-09T07:54:08.000Z","volume":4000,"label":" ","price":7.23},{"type":"A","date":"2018-04-09T07:54:26.000Z","volume":1000,"label":" ","price":7.24},{"type":"A","date":"2018-04-09T07:54:32.000Z","volume":1000,"label":" ","price":7.24},{"type":"B","date":"2018-04-09T07:54:38.000Z","volume":12000,"label":" ","price":7.23},{"type":"A","date":"2018-04-09T07:55:06.000Z","volume":7000,"label":" ","price":7.24},{"type":"B","date":"2018-04-09T07:55:08.000Z","volume":7000,"label":" ","price":7.24},{"type":"B","date":"2018-04-09T07:55:08.000Z","volume":2000,"label":" ","price":7.23},{"type":"B","date":"2018-04-09T07:55:09.000Z","volume":12000,"label":" ","price":7.23},{"type":"A","date":"2018-04-09T07:55:24.000Z","volume":5000,"label":" ","price":7.23},{"type":"B","date":"2018-04-09T07:55:38.000Z","volume":31000,"label":" ","price":7.22},{"type":"A","date":"2018-04-09T07:56:06.000Z","volume":3000,"label":" ","price":7.23},{"type":"A","date":"2018-04-09T07:56:07.000Z","volume":1000,"label":" ","price":7.23},{"type":"B","date":"2018-04-09T07:56:08.000Z","volume":18000,"label":" ","price":7.22},{"type":"A","date":"2018-04-09T07:56:23.000Z","volume":5000,"label":" ","price":7.23},{"type":"B","date":"2018-04-09T07:56:26.000Z","volume":34000,"label":" ","price":7.22},{"type":"B","date":"2018-04-09T07:56:26.000Z","volume":107000,"label":" ","price":7.21},{"type":"B","date":"2018-04-09T07:56:26.000Z","volume":27000,"label":"Y","price":7.2},{"type":"B","date":"2018-04-09T07:56:26.000Z","volume":172000,"label":" ","price":7.2},{"type":"B","date":"2018-04-09T07:56:38.000Z","volume":4000,"label":" ","price":7.22},{"type":"B","date":"2018-04-09T07:57:05.000Z","volume":45000,"label":" ","price":7.22},{"type":"B","date":"2018-04-09T07:57:06.000Z","volume":5000,"label":" ","price":7.22},{"type":"B","date":"2018-04-09T07:57:08.000Z","volume":42000,"label":"Y","price":7.22},{"type":"B","date":"2018-04-09T07:57:08.000Z","volume":4000,"label":" ","price":7.22},{"type":"B","date":"2018-04-09T07:57:13.000Z","volume":1000,"label":" ","price":7.22},{"type":"B","date":"2018-04-09T07:57:18.000Z","volume":3000,"label":" ","price":7.22},{"type":"B","date":"2018-04-09T07:57:22.000Z","volume":2000,"label":" ","price":7.22},{"type":"B","date":"2018-04-09T07:57:38.000Z","volume":7000,"label":" ","price":7.22},{"type":"B","date":"2018-04-09T07:57:41.000Z","volume":5000,"label":" ","price":7.22},{"type":"A","date":"2018-04-09T07:57:51.000Z","volume":1000,"label":" ","price":7.24},{"type":"B","date":"2018-04-09T07:58:09.000Z","volume":5000,"label":" ","price":7.23},{"type":"B","date":"2018-04-09T07:58:39.000Z","volume":3000,"label":" ","price":7.23},{"type":"A","date":"2018-04-09T07:58:45.000Z","volume":1000,"label":" ","price":7.24},{"type":"B","date":"2018-04-09T07:58:47.000Z","volume":1000,"label":" ","price":7.23},{"type":"B","date":"2018-04-09T07:58:47.000Z","volume":4000,"label":" ","price":7.22},{"type":"A","date":"2018-04-09T07:58:47.000Z","volume":10000,"label":" ","price":7.24},{"type":"A","date":"2018-04-09T07:58:48.000Z","volume":1000,"label":" ","price":7.24},{"type":"A","date":"2018-04-09T07:59:01.000Z","volume":3000,"label":" ","price":7.24},{"type":"B","date":"2018-04-09T07:59:02.000Z","volume":12000,"label":" ","price":7.22},{"type":"A","date":"2018-04-09T07:59:03.000Z","volume":7000,"label":" ","price":7.22},{"type":"A","date":"2018-04-09T07:59:03.000Z","volume":3000,"label":" ","price":7.23},{"type":"B","date":"2018-04-09T07:59:09.000Z","volume":18000,"label":" ","price":7.21},{"type":"A","date":"2018-04-09T07:59:12.000Z","volume":2000,"label":" ","price":7.23},{"type":"A","date":"2018-04-09T07:59:13.000Z","volume":1000,"label":" ","price":7.23},{"type":"A","date":"2018-04-09T07:59:13.000Z","volume":1000,"label":" ","price":7.23},{"type":"U","date":"2018-04-09T07:59:32.000Z","volume":3000,"label":" ","price":7.22},{"type":"B","date":"2018-04-09T07:59:32.000Z","volume":3000,"label":" ","price":7.21},{"type":"B","date":"2018-04-09T07:59:39.000Z","volume":14000,"label":" ","price":7.21},{"type":"B","date":"2018-04-09T07:59:44.000Z","volume":3000,"label":"Y","price":7.21},{"type":"B","date":"2018-04-09T07:59:44.000Z","volume":11000,"label":" ","price":7.21},{"type":"B","date":"2018-04-09T07:59:44.000Z","volume":1000,"label":"Y","price":7.2},{"type":"B","date":"2018-04-09T07:59:44.000Z","volume":24000,"label":" ","price":7.2},{"type":"A","date":"2018-04-09T07:59:44.000Z","volume":1000,"label":" ","price":7.22},{"type":"B","date":"2018-04-09T07:59:50.000Z","volume":1000,"label":" ","price":7.2},{"type":"A","date":"2018-04-09T07:59:50.000Z","volume":1000,"label":" ","price":7.22},{"type":"U","date":"2018-04-09T08:08:10.000Z","volume":96000,"label":"U","price":7.21}]