[{"type":"B","date":"2018-03-27T01:31:12.000Z","volume":60000,"label":" ","price":0.116},{"type":"U","date":"2018-03-27T01:31:29.000Z","volume":20000,"label":" ","price":0.116},{"type":"U","date":"2018-03-27T01:31:29.000Z","volume":20000,"label":" ","price":0.116},{"type":"U","date":"2018-03-27T01:31:29.000Z","volume":20000,"label":" ","price":0.116},{"type":"U","date":"2018-03-27T01:31:29.000Z","volume":20000,"label":" ","price":0.116},{"type":"U","date":"2018-03-27T01:31:30.000Z","volume":20000,"label":" ","price":0.116},{"type":"B","date":"2018-03-27T01:31:44.000Z","volume":20000,"label":" ","price":0.116},{"type":"B","date":"2018-03-27T01:31:44.000Z","volume":20000,"label":" ","price":0.116},{"type":"B","date":"2018-03-27T01:31:44.000Z","volume":20000,"label":" ","price":0.116},{"type":"B","date":"2018-03-27T01:31:44.000Z","volume":20000,"label":" ","price":0.116},{"type":"B","date":"2018-03-27T01:31:45.000Z","volume":20000,"label":" ","price":0.116},{"type":"B","date":"2018-03-27T01:31:45.000Z","volume":20000,"label":" ","price":0.116},{"type":"B","date":"2018-03-27T01:31:45.000Z","volume":20000,"label":" ","price":0.116},{"type":"B","date":"2018-03-27T01:31:45.000Z","volume":20000,"label":" ","price":0.116},{"type":"B","date":"2018-03-27T01:31:46.000Z","volume":20000,"label":" ","price":0.116},{"type":"B","date":"2018-03-27T01:31:46.000Z","volume":20000,"label":" ","price":0.116},{"type":"B","date":"2018-03-27T01:31:46.000Z","volume":20000,"label":" ","price":0.116},{"type":"B","date":"2018-03-27T01:31:46.000Z","volume":20000,"label":" ","price":0.116},{"type":"U","date":"2018-03-27T01:31:47.000Z","volume":20000,"label":" ","price":0.116},{"type":"U","date":"2018-03-27T01:31:47.000Z","volume":20000,"label":" ","price":0.116},{"type":"U","date":"2018-03-27T01:31:47.000Z","volume":20000,"label":" ","price":0.116},{"type":"U","date":"2018-03-27T01:31:47.000Z","volume":20000,"label":" ","price":0.116},{"type":"A","date":"2018-03-27T01:32:04.000Z","volume":20000,"label":" ","price":0.116},{"type":"A","date":"2018-03-27T01:32:04.000Z","volume":20000,"label":" ","price":0.116},{"type":"A","date":"2018-03-27T01:32:04.000Z","volume":20000,"label":" ","price":0.116},{"type":"A","date":"2018-03-27T01:32:04.000Z","volume":20000,"label":" ","price":0.116},{"type":"U","date":"2018-03-27T01:32:05.000Z","volume":20000,"label":" ","price":0.116},{"type":"A","date":"2018-03-27T01:32:38.000Z","volume":20000,"label":" ","price":0.116},{"type":"A","date":"2018-03-27T01:32:38.000Z","volume":20000,"label":" ","price":0.116},{"type":"A","date":"2018-03-27T01:32:38.000Z","volume":12000,"label":" ","price":0.116},{"type":"A","date":"2018-03-27T01:32:46.000Z","volume":8000,"label":" ","price":0.116},{"type":"B","date":"2018-03-27T01:32:46.000Z","volume":20000,"label":" ","price":0.116},{"type":"B","date":"2018-03-27T01:32:46.000Z","volume":20000,"label":" ","price":0.116},{"type":"B","date":"2018-03-27T01:32:46.000Z","volume":20000,"label":" ","price":0.116},{"type":"B","date":"2018-03-27T01:32:46.000Z","volume":20000,"label":" ","price":0.116},{"type":"B","date":"2018-03-27T01:32:47.000Z","volume":20000,"label":" ","price":0.116},{"type":"B","date":"2018-03-27T01:32:47.000Z","volume":20000,"label":" ","price":0.116},{"type":"B","date":"2018-03-27T01:32:47.000Z","volume":16000,"label":" ","price":0.116},{"type":"B","date":"2018-03-27T01:32:47.000Z","volume":4000,"label":" ","price":0.116},{"type":"A","date":"2018-03-27T01:33:26.000Z","volume":20000,"label":" ","price":0.116},{"type":"A","date":"2018-03-27T01:33:26.000Z","volume":20000,"label":" ","price":0.116},{"type":"A","date":"2018-03-27T01:33:48.000Z","volume":20000,"label":" ","price":0.116},{"type":"A","date":"2018-03-27T01:33:48.000Z","volume":20000,"label":" ","price":0.116},{"type":"A","date":"2018-03-27T01:33:48.000Z","volume":12000,"label":" ","price":0.116},{"type":"A","date":"2018-03-27T01:34:35.000Z","volume":20000,"label":" ","price":0.116},{"type":"A","date":"2018-03-27T01:35:23.000Z","volume":20000,"label":" ","price":0.116},{"type":"A","date":"2018-03-27T01:38:35.000Z","volume":20000,"label":" ","price":0.113},{"type":"A","date":"2018-03-27T01:38:35.000Z","volume":20000,"label":" ","price":0.113},{"type":"A","date":"2018-03-27T01:38:35.000Z","volume":4000,"label":" ","price":0.113},{"type":"A","date":"2018-03-27T01:38:56.000Z","volume":16000,"label":" ","price":0.113},{"type":"A","date":"2018-03-27T01:39:05.000Z","volume":20000,"label":" ","price":0.113},{"type":"A","date":"2018-03-27T01:39:05.000Z","volume":20000,"label":" ","price":0.113},{"type":"B","date":"2018-03-27T01:41:50.000Z","volume":148000,"label":" ","price":0.111},{"type":"U","date":"2018-03-27T01:42:07.000Z","volume":20000,"label":" ","price":0.111},{"type":"A","date":"2018-03-27T01:42:11.000Z","volume":20000,"label":" ","price":0.111},{"type":"U","date":"2018-03-27T01:42:11.000Z","volume":20000,"label":" ","price":0.111},{"type":"A","date":"2018-03-27T01:42:11.000Z","volume":20000,"label":" ","price":0.111},{"type":"U","date":"2018-03-27T01:42:11.000Z","volume":20000,"label":" ","price":0.111},{"type":"U","date":"2018-03-27T01:42:11.000Z","volume":16000,"label":" ","price":0.111},{"type":"A","date":"2018-03-27T01:42:23.000Z","volume":4000,"label":" ","price":0.111},{"type":"A","date":"2018-03-27T01:42:35.000Z","volume":4000,"label":" ","price":0.111},{"type":"A","date":"2018-03-27T01:42:35.000Z","volume":16000,"label":" ","price":0.111},{"type":"A","date":"2018-03-27T01:42:41.000Z","volume":8000,"label":" ","price":0.111},{"type":"A","date":"2018-03-27T01:42:48.000Z","volume":12000,"label":" ","price":0.111},{"type":"A","date":"2018-03-27T01:44:11.000Z","volume":20000,"label":" ","price":0.111},{"type":"A","date":"2018-03-27T01:44:11.000Z","volume":8000,"label":" ","price":0.113},{"type":"A","date":"2018-03-27T01:44:11.000Z","volume":60000,"label":" ","price":0.114},{"type":"B","date":"2018-03-27T01:45:23.000Z","volume":72000,"label":" ","price":0.107},{"type":"B","date":"2018-03-27T01:45:59.000Z","volume":16000,"label":" ","price":0.108},{"type":"U","date":"2018-03-27T01:47:00.000Z","volume":4000,"label":" ","price":0.112},{"type":"U","date":"2018-03-27T01:47:12.000Z","volume":20000,"label":" ","price":0.112},{"type":"U","date":"2018-03-27T01:47:13.000Z","volume":20000,"label":" ","price":0.112},{"type":"U","date":"2018-03-27T01:47:14.000Z","volume":20000,"label":" ","price":0.112},{"type":"U","date":"2018-03-27T01:47:14.000Z","volume":20000,"label":" ","price":0.112},{"type":"A","date":"2018-03-27T01:47:22.000Z","volume":20000,"label":" ","price":0.112},{"type":"B","date":"2018-03-27T01:47:25.000Z","volume":20000,"label":" ","price":0.112},{"type":"B","date":"2018-03-27T01:47:26.000Z","volume":20000,"label":" ","price":0.112},{"type":"A","date":"2018-03-27T01:48:01.000Z","volume":4000,"label":" ","price":0.113},{"type":"U","date":"2018-03-27T01:48:53.000Z","volume":8000,"label":" ","price":0.111},{"type":"U","date":"2018-03-27T01:49:01.000Z","volume":16000,"label":" ","price":0.111},{"type":"A","date":"2018-03-27T01:49:04.000Z","volume":60000,"label":" ","price":0.118},{"type":"U","date":"2018-03-27T01:49:04.000Z","volume":8000,"label":" ","price":0.111},{"type":"U","date":"2018-03-27T01:49:16.000Z","volume":8000,"label":" ","price":0.111},{"type":"U","date":"2018-03-27T01:49:35.000Z","volume":20000,"label":" ","price":0.111},{"type":"U","date":"2018-03-27T01:49:35.000Z","volume":20000,"label":" ","price":0.111},{"type":"U","date":"2018-03-27T01:49:36.000Z","volume":20000,"label":" ","price":0.111},{"type":"U","date":"2018-03-27T01:49:36.000Z","volume":20000,"label":" ","price":0.111},{"type":"U","date":"2018-03-27T01:49:37.000Z","volume":20000,"label":" ","price":0.111},{"type":"U","date":"2018-03-27T01:49:37.000Z","volume":20000,"label":" ","price":0.111},{"type":"U","date":"2018-03-27T01:49:38.000Z","volume":20000,"label":" ","price":0.111},{"type":"U","date":"2018-03-27T01:49:38.000Z","volume":20000,"label":" ","price":0.111},{"type":"U","date":"2018-03-27T01:49:39.000Z","volume":20000,"label":" ","price":0.111},{"type":"U","date":"2018-03-27T01:49:39.000Z","volume":20000,"label":" ","price":0.111},{"type":"U","date":"2018-03-27T01:49:40.000Z","volume":4000,"label":" ","price":0.111},{"type":"B","date":"2018-03-27T01:53:55.000Z","volume":60000,"label":" ","price":0.107},{"type":"B","date":"2018-03-27T01:54:25.000Z","volume":4000,"label":" ","price":0.107},{"type":"B","date":"2018-03-27T01:54:25.000Z","volume":8000,"label":" ","price":0.106},{"type":"B","date":"2018-03-27T01:54:25.000Z","volume":4000,"label":" ","price":0.105},{"type":"U","date":"2018-03-27T02:07:59.000Z","volume":8000,"label":" ","price":0.108},{"type":"A","date":"2018-03-27T02:08:41.000Z","volume":28000,"label":" ","price":0.118},{"type":"A","date":"2018-03-27T07:59:04.000Z","volume":36000,"label":" ","price":0.113},{"type":"A","date":"2018-03-27T07:59:04.000Z","volume":4000,"label":" ","price":0.114}]