[{"type":"A","date":"2018-03-14T07:41:57.000Z","volume":644000,"price":0.139,"category":"ubbull"},{"type":"A","date":"2018-03-14T07:40:47.000Z","volume":490000,"price":0.139,"category":"ubbull"},{"type":"A","date":"2018-03-14T05:12:02.000Z","volume":560000,"price":0.139,"category":"ubbull"},{"type":"A","date":"2018-03-14T06:18:50.000Z","volume":280000,"price":0.139,"category":"bbull"},{"type":"A","date":"2018-03-14T03:26:12.000Z","volume":280000,"price":0.139,"category":"bbull"},{"type":"A","date":"2018-03-14T02:19:46.000Z","volume":252000,"price":0.139,"category":"bbull"},{"type":"A","date":"2018-03-14T01:38:12.000Z","volume":364000,"price":0.139,"category":"bbull"},{"type":"A","date":"2018-03-14T07:57:16.000Z","volume":14000,"price":0.139,"category":"rbull"},{"type":"A","date":"2018-03-14T07:32:29.000Z","volume":14000,"price":0.139,"category":"rbull"},{"type":"A","date":"2018-03-14T07:10:05.000Z","volume":14000,"price":0.139,"category":"rbull"},{"type":"A","date":"2018-03-14T06:48:11.000Z","volume":14000,"price":0.139,"category":"rbull"},{"type":"A","date":"2018-03-14T06:41:31.000Z","volume":14000,"price":0.14,"category":"rbull"},{"type":"A","date":"2018-03-14T05:57:36.000Z","volume":14000,"price":0.14,"category":"rbull"},{"type":"A","date":"2018-03-14T05:57:36.000Z","volume":14000,"price":0.139,"category":"rbull"},{"type":"A","date":"2018-03-14T05:56:50.000Z","volume":14000,"price":0.139,"category":"rbull"},{"type":"A","date":"2018-03-14T05:37:06.000Z","volume":14000,"price":0.14,"category":"rbull"},{"type":"A","date":"2018-03-14T05:37:06.000Z","volume":14000,"price":0.139,"category":"rbull"},{"type":"A","date":"2018-03-14T05:27:40.000Z","volume":14000,"price":0.14,"category":"rbull"},{"type":"A","date":"2018-03-14T03:27:33.000Z","volume":14000,"price":0.139,"category":"rbull"},{"type":"A","date":"2018-03-14T03:18:21.000Z","volume":14000,"price":0.14,"category":"rbull"},{"type":"A","date":"2018-03-14T03:10:28.000Z","volume":14000,"price":0.14,"category":"rbull"},{"type":"A","date":"2018-03-14T02:55:52.000Z","volume":14000,"price":0.14,"category":"rbull"},{"type":"A","date":"2018-03-14T02:53:56.000Z","volume":14000,"price":0.14,"category":"rbull"},{"type":"A","date":"2018-03-14T02:47:19.000Z","volume":14000,"price":0.14,"category":"rbull"},{"type":"A","date":"2018-03-14T01:55:17.000Z","volume":14000,"price":0.14,"category":"rbull"},{"type":"A","date":"2018-03-14T01:47:36.000Z","volume":14000,"price":0.14,"category":"rbull"},{"type":"A","date":"2018-03-14T01:30:31.000Z","volume":14000,"price":0.139,"category":"rbull"},{"type":"B","date":"2018-03-14T03:06:39.000Z","volume":14000,"price":0.139,"category":"rbear"},{"type":"B","date":"2018-03-14T01:49:38.000Z","volume":14000,"price":0.138,"category":"rbear"},{"type":"B","date":"2018-03-14T01:39:26.000Z","volume":14000,"price":0.138,"category":"rbear"},{"type":"B","date":"2018-03-14T01:30:08.000Z","volume":14000,"price":0.139,"category":"rbear"},{"type":"B","date":"2018-03-14T07:56:30.000Z","volume":406000,"price":0.138,"category":"bbear"},{"type":"B","date":"2018-03-14T06:09:41.000Z","volume":392000,"price":0.139,"category":"bbear"},{"type":"B","date":"2018-03-14T03:21:30.000Z","volume":210000,"price":0.139,"category":"bbear"},{"type":"B","date":"2018-03-14T07:50:13.000Z","volume":672000,"price":0.138,"category":"ubbear"},{"type":"B","date":"2018-03-14T07:50:13.000Z","volume":672000,"price":0.138,"category":"ubbear"},{"type":"B","date":"2018-03-14T06:42:31.000Z","volume":1078000,"price":0.139,"category":"ubbear"},{"type":"B","date":"2018-03-14T03:43:15.000Z","volume":490000,"price":0.138,"category":"ubbear"},{"type":"B","date":"2018-03-14T03:41:19.000Z","volume":2058000,"price":0.138,"category":"ubbear"},{"type":"B","date":"2018-03-14T03:16:08.000Z","volume":812000,"price":0.139,"category":"ubbear"},{"type":"B","date":"2018-03-14T02:37:16.000Z","volume":1316000,"price":0.139,"category":"ubbear"}]