[{"type":"A","date":"2018-03-15T07:54:01.000Z","volume":44000,"price":8.64,"category":"ubbull"},{"type":"A","date":"2018-03-15T07:52:11.000Z","volume":39000,"price":8.63,"category":"ubbull"},{"type":"A","date":"2018-03-15T07:52:06.000Z","volume":57000,"price":8.62,"category":"ubbull"},{"type":"A","date":"2018-03-15T07:50:12.000Z","volume":57000,"price":8.6,"category":"ubbull"},{"type":"A","date":"2018-03-15T07:40:28.000Z","volume":34000,"price":8.61,"category":"ubbull"},{"type":"A","date":"2018-03-15T07:05:19.000Z","volume":60000,"price":8.65,"category":"ubbull"},{"type":"A","date":"2018-03-15T06:26:43.000Z","volume":56000,"price":8.58,"category":"ubbull"},{"type":"A","date":"2018-03-15T05:33:07.000Z","volume":35000,"price":8.62,"category":"ubbull"},{"type":"A","date":"2018-03-15T05:23:13.000Z","volume":39000,"price":8.6,"category":"ubbull"},{"type":"A","date":"2018-03-15T05:15:09.000Z","volume":35000,"price":8.6,"category":"ubbull"},{"type":"A","date":"2018-03-15T03:49:26.000Z","volume":44000,"price":8.75,"category":"ubbull"},{"type":"A","date":"2018-03-15T03:49:26.000Z","volume":39000,"price":8.73,"category":"ubbull"},{"type":"A","date":"2018-03-15T03:47:55.000Z","volume":40000,"price":8.75,"category":"ubbull"},{"type":"A","date":"2018-03-15T03:19:03.000Z","volume":43000,"price":8.76,"category":"ubbull"},{"type":"A","date":"2018-03-15T03:19:03.000Z","volume":39000,"price":8.76,"category":"ubbull"},{"type":"A","date":"2018-03-15T03:12:04.000Z","volume":33000,"price":8.78,"category":"ubbull"},{"type":"A","date":"2018-03-15T03:10:24.000Z","volume":41000,"price":8.79,"category":"ubbull"},{"type":"A","date":"2018-03-15T03:10:23.000Z","volume":38000,"price":8.79,"category":"ubbull"},{"type":"A","date":"2018-03-15T03:10:18.000Z","volume":48000,"price":8.79,"category":"ubbull"},{"type":"A","date":"2018-03-15T03:08:10.000Z","volume":76000,"price":8.72,"category":"ubbull"},{"type":"A","date":"2018-03-15T03:01:02.000Z","volume":42000,"price":8.74,"category":"ubbull"},{"type":"A","date":"2018-03-15T02:41:24.000Z","volume":60000,"price":8.82,"category":"ubbull"},{"type":"A","date":"2018-03-15T02:40:24.000Z","volume":52000,"price":8.78,"category":"ubbull"},{"type":"A","date":"2018-03-15T02:39:31.000Z","volume":47000,"price":8.77,"category":"ubbull"},{"type":"A","date":"2018-03-15T02:39:31.000Z","volume":38000,"price":8.77,"category":"ubbull"},{"type":"A","date":"2018-03-15T02:38:23.000Z","volume":35000,"price":8.74,"category":"ubbull"},{"type":"A","date":"2018-03-15T02:35:29.000Z","volume":35000,"price":8.7,"category":"ubbull"},{"type":"A","date":"2018-03-15T02:31:19.000Z","volume":100000,"price":8.66,"category":"ubbull"},{"type":"A","date":"2018-03-15T02:30:24.000Z","volume":56000,"price":8.66,"category":"ubbull"},{"type":"A","date":"2018-03-15T02:29:55.000Z","volume":171000,"price":8.66,"category":"ubbull"},{"type":"A","date":"2018-03-15T02:21:45.000Z","volume":37000,"price":8.56,"category":"ubbull"},{"type":"A","date":"2018-03-15T02:18:01.000Z","volume":52000,"price":8.53,"category":"ubbull"},{"type":"A","date":"2018-03-15T02:13:57.000Z","volume":33000,"price":8.54,"category":"ubbull"},{"type":"A","date":"2018-03-15T02:13:57.000Z","volume":34000,"price":8.53,"category":"ubbull"},{"type":"A","date":"2018-03-15T02:13:02.000Z","volume":47000,"price":8.54,"category":"ubbull"},{"type":"A","date":"2018-03-15T02:13:02.000Z","volume":50000,"price":8.51,"category":"ubbull"},{"type":"A","date":"2018-03-15T02:06:04.000Z","volume":72000,"price":8.6,"category":"ubbull"},{"type":"A","date":"2018-03-15T02:06:00.000Z","volume":193000,"price":8.6,"category":"ubbull"},{"type":"A","date":"2018-03-15T02:06:00.000Z","volume":165000,"price":8.6,"category":"ubbull"},{"type":"A","date":"2018-03-15T02:06:00.000Z","volume":101000,"price":8.54,"category":"ubbull"},{"type":"A","date":"2018-03-15T01:51:03.000Z","volume":33000,"price":8.5,"category":"ubbull"},{"type":"A","date":"2018-03-15T01:30:41.000Z","volume":61000,"price":8.49,"category":"ubbull"},{"type":"A","date":"2018-03-15T07:51:57.000Z","volume":17000,"price":8.62,"category":"bbull"},{"type":"A","date":"2018-03-15T07:51:57.000Z","volume":16000,"price":8.61,"category":"bbull"},{"type":"A","date":"2018-03-15T07:50:31.000Z","volume":30000,"price":8.6,"category":"bbull"},{"type":"A","date":"2018-03-15T07:43:54.000Z","volume":22000,"price":8.61,"category":"bbull"},{"type":"A","date":"2018-03-15T07:40:29.000Z","volume":17000,"price":8.61,"category":"bbull"},{"type":"A","date":"2018-03-15T07:39:42.000Z","volume":20000,"price":8.6,"category":"bbull"},{"type":"A","date":"2018-03-15T07:39:26.000Z","volume":18000,"price":8.6,"category":"bbull"},{"type":"A","date":"2018-03-15T07:26:17.000Z","volume":30000,"price":8.66,"category":"bbull"},{"type":"A","date":"2018-03-15T07:12:12.000Z","volume":30000,"price":8.69,"category":"bbull"},{"type":"A","date":"2018-03-15T07:08:52.000Z","volume":19000,"price":8.68,"category":"bbull"},{"type":"A","date":"2018-03-15T07:01:15.000Z","volume":30000,"price":8.62,"category":"bbull"},{"type":"A","date":"2018-03-15T06:39:33.000Z","volume":20000,"price":8.6,"category":"bbull"},{"type":"A","date":"2018-03-15T06:21:16.000Z","volume":20000,"price":8.6,"category":"bbull"},{"type":"A","date":"2018-03-15T06:08:50.000Z","volume":20000,"price":8.58,"category":"bbull"},{"type":"A","date":"2018-03-15T05:55:08.000Z","volume":25000,"price":8.6,"category":"bbull"},{"type":"A","date":"2018-03-15T05:51:06.000Z","volume":21000,"price":8.6,"category":"bbull"},{"type":"A","date":"2018-03-15T05:36:02.000Z","volume":17000,"price":8.63,"category":"bbull"},{"type":"A","date":"2018-03-15T05:22:43.000Z","volume":20000,"price":8.6,"category":"bbull"},{"type":"A","date":"2018-03-15T05:18:39.000Z","volume":30000,"price":8.59,"category":"bbull"},{"type":"A","date":"2018-03-15T05:16:20.000Z","volume":16000,"price":8.57,"category":"bbull"},{"type":"A","date":"2018-03-15T05:16:13.000Z","volume":21000,"price":8.57,"category":"bbull"},{"type":"A","date":"2018-03-15T05:14:32.000Z","volume":17000,"price":8.6,"category":"bbull"},{"type":"A","date":"2018-03-15T05:05:11.000Z","volume":20000,"price":8.67,"category":"bbull"},{"type":"A","date":"2018-03-15T05:03:43.000Z","volume":27000,"price":8.68,"category":"bbull"},{"type":"A","date":"2018-03-15T03:49:26.000Z","volume":17000,"price":8.75,"category":"bbull"},{"type":"A","date":"2018-03-15T03:47:55.000Z","volume":18000,"price":8.75,"category":"bbull"},{"type":"A","date":"2018-03-15T03:47:55.000Z","volume":20000,"price":8.71,"category":"bbull"},{"type":"A","date":"2018-03-15T03:33:04.000Z","volume":17000,"price":8.75,"category":"bbull"},{"type":"A","date":"2018-03-15T03:33:04.000Z","volume":18000,"price":8.75,"category":"bbull"},{"type":"A","date":"2018-03-15T03:32:04.000Z","volume":20000,"price":8.75,"category":"bbull"},{"type":"A","date":"2018-03-15T03:32:04.000Z","volume":22000,"price":8.75,"category":"bbull"},{"type":"A","date":"2018-03-15T03:23:20.000Z","volume":15000,"price":8.75,"category":"bbull"},{"type":"A","date":"2018-03-15T03:23:04.000Z","volume":24000,"price":8.75,"category":"bbull"},{"type":"A","date":"2018-03-15T03:23:04.000Z","volume":23000,"price":8.75,"category":"bbull"},{"type":"A","date":"2018-03-15T03:18:22.000Z","volume":15000,"price":8.75,"category":"bbull"},{"type":"A","date":"2018-03-15T03:12:04.000Z","volume":30000,"price":8.78,"category":"bbull"},{"type":"A","date":"2018-03-15T03:10:18.000Z","volume":16000,"price":8.79,"category":"bbull"},{"type":"A","date":"2018-03-15T03:10:18.000Z","volume":21000,"price":8.79,"category":"bbull"},{"type":"A","date":"2018-03-15T03:09:59.000Z","volume":26000,"price":8.72,"category":"bbull"},{"type":"A","date":"2018-03-15T03:04:00.000Z","volume":20000,"price":8.79,"category":"bbull"},{"type":"A","date":"2018-03-15T03:01:23.000Z","volume":17000,"price":8.75,"category":"bbull"},{"type":"A","date":"2018-03-15T03:01:02.000Z","volume":30000,"price":8.79,"category":"bbull"},{"type":"A","date":"2018-03-15T03:01:02.000Z","volume":16000,"price":8.75,"category":"bbull"},{"type":"A","date":"2018-03-15T02:55:52.000Z","volume":30000,"price":8.78,"category":"bbull"},{"type":"A","date":"2018-03-15T02:54:15.000Z","volume":20000,"price":8.78,"category":"bbull"},{"type":"A","date":"2018-03-15T02:50:28.000Z","volume":20000,"price":8.79,"category":"bbull"},{"type":"A","date":"2018-03-15T02:48:46.000Z","volume":29000,"price":8.79,"category":"bbull"},{"type":"A","date":"2018-03-15T02:47:53.000Z","volume":15000,"price":8.79,"category":"bbull"},{"type":"A","date":"2018-03-15T02:47:49.000Z","volume":16000,"price":8.78,"category":"bbull"},{"type":"A","date":"2018-03-15T02:45:54.000Z","volume":20000,"price":8.79,"category":"bbull"},{"type":"A","date":"2018-03-15T02:44:39.000Z","volume":20000,"price":8.8,"category":"bbull"},{"type":"A","date":"2018-03-15T02:41:24.000Z","volume":24000,"price":8.81,"category":"bbull"},{"type":"A","date":"2018-03-15T02:41:24.000Z","volume":16000,"price":8.8,"category":"bbull"},{"type":"A","date":"2018-03-15T02:41:16.000Z","volume":30000,"price":8.8,"category":"bbull"},{"type":"A","date":"2018-03-15T02:41:13.000Z","volume":25000,"price":8.8,"category":"bbull"},{"type":"A","date":"2018-03-15T02:40:38.000Z","volume":15000,"price":8.8,"category":"bbull"},{"type":"A","date":"2018-03-15T02:40:04.000Z","volume":21000,"price":8.77,"category":"bbull"},{"type":"A","date":"2018-03-15T02:39:50.000Z","volume":16000,"price":8.78,"category":"bbull"},{"type":"A","date":"2018-03-15T02:39:33.000Z","volume":15000,"price":8.77,"category":"bbull"},{"type":"A","date":"2018-03-15T02:39:25.000Z","volume":27000,"price":8.76,"category":"bbull"},{"type":"A","date":"2018-03-15T02:39:02.000Z","volume":25000,"price":8.75,"category":"bbull"},{"type":"A","date":"2018-03-15T02:38:54.000Z","volume":27000,"price":8.75,"category":"bbull"},{"type":"A","date":"2018-03-15T02:38:24.000Z","volume":28000,"price":8.74,"category":"bbull"},{"type":"A","date":"2018-03-15T02:38:09.000Z","volume":22000,"price":8.74,"category":"bbull"},{"type":"A","date":"2018-03-15T02:37:33.000Z","volume":16000,"price":8.74,"category":"bbull"},{"type":"A","date":"2018-03-15T02:37:06.000Z","volume":18000,"price":8.72,"category":"bbull"},{"type":"A","date":"2018-03-15T02:36:51.000Z","volume":23000,"price":8.71,"category":"bbull"},{"type":"A","date":"2018-03-15T02:36:13.000Z","volume":24000,"price":8.69,"category":"bbull"},{"type":"A","date":"2018-03-15T02:34:51.000Z","volume":32000,"price":8.75,"category":"bbull"},{"type":"A","date":"2018-03-15T02:34:51.000Z","volume":26000,"price":8.72,"category":"bbull"},{"type":"A","date":"2018-03-15T02:34:51.000Z","volume":28000,"price":8.7,"category":"bbull"},{"type":"A","date":"2018-03-15T02:34:31.000Z","volume":29000,"price":8.7,"category":"bbull"},{"type":"A","date":"2018-03-15T02:34:31.000Z","volume":15000,"price":8.69,"category":"bbull"},{"type":"A","date":"2018-03-15T02:34:31.000Z","volume":30000,"price":8.68,"category":"bbull"},{"type":"A","date":"2018-03-15T02:33:12.000Z","volume":16000,"price":8.68,"category":"bbull"},{"type":"A","date":"2018-03-15T02:32:57.000Z","volume":15000,"price":8.68,"category":"bbull"},{"type":"A","date":"2018-03-15T02:32:57.000Z","volume":15000,"price":8.68,"category":"bbull"},{"type":"A","date":"2018-03-15T02:31:19.000Z","volume":25000,"price":8.66,"category":"bbull"},{"type":"A","date":"2018-03-15T02:30:46.000Z","volume":31000,"price":8.66,"category":"bbull"},{"type":"A","date":"2018-03-15T02:30:02.000Z","volume":20000,"price":8.66,"category":"bbull"},{"type":"A","date":"2018-03-15T02:29:56.000Z","volume":30000,"price":8.66,"category":"bbull"},{"type":"A","date":"2018-03-15T02:26:02.000Z","volume":18000,"price":8.6,"category":"bbull"},{"type":"A","date":"2018-03-15T02:24:27.000Z","volume":17000,"price":8.58,"category":"bbull"},{"type":"A","date":"2018-03-15T02:18:41.000Z","volume":15000,"price":8.56,"category":"bbull"},{"type":"A","date":"2018-03-15T02:18:41.000Z","volume":17000,"price":8.55,"category":"bbull"},{"type":"A","date":"2018-03-15T02:16:13.000Z","volume":22000,"price":8.53,"category":"bbull"},{"type":"A","date":"2018-03-15T02:06:00.000Z","volume":16000,"price":8.55,"category":"bbull"},{"type":"A","date":"2018-03-15T02:05:02.000Z","volume":27000,"price":8.53,"category":"bbull"},{"type":"A","date":"2018-03-15T02:05:02.000Z","volume":15000,"price":8.45,"category":"bbull"},{"type":"A","date":"2018-03-15T02:02:27.000Z","volume":16000,"price":8.51,"category":"bbull"},{"type":"A","date":"2018-03-15T02:01:05.000Z","volume":22000,"price":8.52,"category":"bbull"},{"type":"A","date":"2018-03-15T01:53:33.000Z","volume":20000,"price":8.56,"category":"bbull"},{"type":"A","date":"2018-03-15T01:53:13.000Z","volume":22000,"price":8.56,"category":"bbull"},{"type":"A","date":"2018-03-15T01:52:37.000Z","volume":17000,"price":8.55,"category":"bbull"},{"type":"A","date":"2018-03-15T01:50:23.000Z","volume":19000,"price":8.49,"category":"bbull"},{"type":"A","date":"2018-03-15T01:49:17.000Z","volume":20000,"price":8.46,"category":"bbull"},{"type":"A","date":"2018-03-15T01:44:18.000Z","volume":20000,"price":8.52,"category":"bbull"},{"type":"A","date":"2018-03-15T01:35:36.000Z","volume":22000,"price":8.65,"category":"bbull"},{"type":"A","date":"2018-03-15T01:33:29.000Z","volume":15000,"price":8.6,"category":"bbull"},{"type":"A","date":"2018-03-15T07:59:35.000Z","volume":1000,"price":8.64,"category":"rbull"},{"type":"A","date":"2018-03-15T07:59:27.000Z","volume":1000,"price":8.64,"category":"rbull"},{"type":"A","date":"2018-03-15T07:59:04.000Z","volume":1000,"price":8.64,"category":"rbull"},{"type":"A","date":"2018-03-15T07:58:32.000Z","volume":1000,"price":8.65,"category":"rbull"},{"type":"A","date":"2018-03-15T07:58:17.000Z","volume":1000,"price":8.65,"category":"rbull"},{"type":"A","date":"2018-03-15T07:58:02.000Z","volume":1000,"price":8.65,"category":"rbull"},{"type":"A","date":"2018-03-15T07:57:47.000Z","volume":1000,"price":8.65,"category":"rbull"},{"type":"A","date":"2018-03-15T07:57:47.000Z","volume":1000,"price":8.64,"category":"rbull"},{"type":"A","date":"2018-03-15T07:57:47.000Z","volume":1000,"price":8.64,"category":"rbull"},{"type":"A","date":"2018-03-15T07:57:41.000Z","volume":1000,"price":8.64,"category":"rbull"},{"type":"A","date":"2018-03-15T07:57:37.000Z","volume":1000,"price":8.64,"category":"rbull"},{"type":"A","date":"2018-03-15T07:57:24.000Z","volume":1000,"price":8.64,"category":"rbull"},{"type":"A","date":"2018-03-15T07:57:20.000Z","volume":1000,"price":8.64,"category":"rbull"},{"type":"A","date":"2018-03-15T07:57:14.000Z","volume":1000,"price":8.64,"category":"rbull"},{"type":"A","date":"2018-03-15T07:57:11.000Z","volume":1000,"price":8.64,"category":"rbull"},{"type":"A","date":"2018-03-15T07:57:07.000Z","volume":1000,"price":8.64,"category":"rbull"},{"type":"A","date":"2018-03-15T07:57:03.000Z","volume":1000,"price":8.64,"category":"rbull"},{"type":"A","date":"2018-03-15T07:56:39.000Z","volume":1000,"price":8.64,"category":"rbull"},{"type":"A","date":"2018-03-15T07:56:39.000Z","volume":1000,"price":8.64,"category":"rbull"},{"type":"A","date":"2018-03-15T07:52:26.000Z","volume":1000,"price":8.64,"category":"rbull"},{"type":"A","date":"2018-03-15T07:51:40.000Z","volume":1000,"price":8.6,"category":"rbull"},{"type":"A","date":"2018-03-15T07:50:06.000Z","volume":1000,"price":8.6,"category":"rbull"},{"type":"A","date":"2018-03-15T07:46:22.000Z","volume":1000,"price":8.6,"category":"rbull"},{"type":"A","date":"2018-03-15T07:45:12.000Z","volume":1000,"price":8.61,"category":"rbull"},{"type":"A","date":"2018-03-15T07:44:30.000Z","volume":1000,"price":8.61,"category":"rbull"},{"type":"A","date":"2018-03-15T07:43:54.000Z","volume":1000,"price":8.61,"category":"rbull"},{"type":"A","date":"2018-03-15T07:34:48.000Z","volume":1000,"price":8.63,"category":"rbull"},{"type":"A","date":"2018-03-15T07:32:38.000Z","volume":1000,"price":8.63,"category":"rbull"},{"type":"A","date":"2018-03-15T07:16:54.000Z","volume":1000,"price":8.68,"category":"rbull"},{"type":"A","date":"2018-03-15T07:14:16.000Z","volume":1000,"price":8.68,"category":"rbull"},{"type":"A","date":"2018-03-15T07:13:03.000Z","volume":1000,"price":8.68,"category":"rbull"},{"type":"A","date":"2018-03-15T07:12:24.000Z","volume":1000,"price":8.69,"category":"rbull"},{"type":"A","date":"2018-03-15T07:12:14.000Z","volume":1000,"price":8.69,"category":"rbull"},{"type":"A","date":"2018-03-15T07:10:02.000Z","volume":1000,"price":8.69,"category":"rbull"},{"type":"A","date":"2018-03-15T07:07:07.000Z","volume":1000,"price":8.65,"category":"rbull"},{"type":"A","date":"2018-03-15T07:07:07.000Z","volume":1000,"price":8.65,"category":"rbull"},{"type":"A","date":"2018-03-15T07:06:22.000Z","volume":1000,"price":8.66,"category":"rbull"},{"type":"A","date":"2018-03-15T07:04:36.000Z","volume":1000,"price":8.65,"category":"rbull"},{"type":"A","date":"2018-03-15T07:03:29.000Z","volume":1000,"price":8.64,"category":"rbull"},{"type":"A","date":"2018-03-15T07:02:41.000Z","volume":1000,"price":8.64,"category":"rbull"},{"type":"A","date":"2018-03-15T07:01:15.000Z","volume":1000,"price":8.63,"category":"rbull"},{"type":"A","date":"2018-03-15T07:01:15.000Z","volume":1000,"price":8.63,"category":"rbull"},{"type":"A","date":"2018-03-15T07:00:03.000Z","volume":1000,"price":8.62,"category":"rbull"},{"type":"A","date":"2018-03-15T07:00:00.000Z","volume":1000,"price":8.61,"category":"rbull"},{"type":"A","date":"2018-03-15T06:59:04.000Z","volume":1000,"price":8.61,"category":"rbull"},{"type":"A","date":"2018-03-15T06:54:12.000Z","volume":1000,"price":8.61,"category":"rbull"},{"type":"A","date":"2018-03-15T06:52:35.000Z","volume":1000,"price":8.61,"category":"rbull"},{"type":"A","date":"2018-03-15T06:52:28.000Z","volume":1000,"price":8.61,"category":"rbull"},{"type":"A","date":"2018-03-15T06:52:26.000Z","volume":1000,"price":8.61,"category":"rbull"},{"type":"A","date":"2018-03-15T06:48:37.000Z","volume":1000,"price":8.61,"category":"rbull"},{"type":"A","date":"2018-03-15T06:45:51.000Z","volume":1000,"price":8.61,"category":"rbull"},{"type":"A","date":"2018-03-15T06:39:45.000Z","volume":1000,"price":8.61,"category":"rbull"},{"type":"A","date":"2018-03-15T06:37:46.000Z","volume":1000,"price":8.6,"category":"rbull"},{"type":"A","date":"2018-03-15T06:35:18.000Z","volume":1000,"price":8.59,"category":"rbull"},{"type":"A","date":"2018-03-15T06:34:24.000Z","volume":1000,"price":8.59,"category":"rbull"},{"type":"A","date":"2018-03-15T06:31:40.000Z","volume":1000,"price":8.59,"category":"rbull"},{"type":"A","date":"2018-03-15T06:25:14.000Z","volume":1000,"price":8.6,"category":"rbull"},{"type":"A","date":"2018-03-15T06:22:59.000Z","volume":1000,"price":8.6,"category":"rbull"},{"type":"A","date":"2018-03-15T06:17:24.000Z","volume":1000,"price":8.6,"category":"rbull"},{"type":"A","date":"2018-03-15T06:15:49.000Z","volume":1000,"price":8.6,"category":"rbull"},{"type":"A","date":"2018-03-15T06:11:41.000Z","volume":1000,"price":8.6,"category":"rbull"},{"type":"A","date":"2018-03-15T06:11:12.000Z","volume":1000,"price":8.59,"category":"rbull"},{"type":"A","date":"2018-03-15T06:09:45.000Z","volume":1000,"price":8.58,"category":"rbull"},{"type":"A","date":"2018-03-15T06:09:31.000Z","volume":1000,"price":8.57,"category":"rbull"},{"type":"A","date":"2018-03-15T06:07:50.000Z","volume":1000,"price":8.58,"category":"rbull"},{"type":"A","date":"2018-03-15T06:06:26.000Z","volume":1000,"price":8.58,"category":"rbull"},{"type":"A","date":"2018-03-15T06:02:35.000Z","volume":1000,"price":8.6,"category":"rbull"},{"type":"A","date":"2018-03-15T06:00:57.000Z","volume":1000,"price":8.57,"category":"rbull"},{"type":"A","date":"2018-03-15T06:00:31.000Z","volume":1000,"price":8.58,"category":"rbull"},{"type":"A","date":"2018-03-15T05:57:57.000Z","volume":1000,"price":8.59,"category":"rbull"},{"type":"A","date":"2018-03-15T05:57:33.000Z","volume":1000,"price":8.6,"category":"rbull"},{"type":"A","date":"2018-03-15T05:57:02.000Z","volume":1000,"price":8.6,"category":"rbull"},{"type":"A","date":"2018-03-15T05:52:19.000Z","volume":1000,"price":8.62,"category":"rbull"},{"type":"A","date":"2018-03-15T05:51:06.000Z","volume":1000,"price":8.6,"category":"rbull"},{"type":"A","date":"2018-03-15T05:37:06.000Z","volume":1000,"price":8.65,"category":"rbull"},{"type":"A","date":"2018-03-15T05:37:05.000Z","volume":1000,"price":8.65,"category":"rbull"},{"type":"A","date":"2018-03-15T05:36:29.000Z","volume":1000,"price":8.65,"category":"rbull"},{"type":"A","date":"2018-03-15T05:36:17.000Z","volume":1000,"price":8.64,"category":"rbull"},{"type":"A","date":"2018-03-15T05:26:39.000Z","volume":1000,"price":8.63,"category":"rbull"},{"type":"A","date":"2018-03-15T05:23:54.000Z","volume":1000,"price":8.63,"category":"rbull"},{"type":"A","date":"2018-03-15T05:23:17.000Z","volume":1000,"price":8.62,"category":"rbull"},{"type":"A","date":"2018-03-15T05:21:13.000Z","volume":1000,"price":8.6,"category":"rbull"},{"type":"A","date":"2018-03-15T05:20:56.000Z","volume":1000,"price":8.6,"category":"rbull"},{"type":"A","date":"2018-03-15T05:19:56.000Z","volume":1000,"price":8.59,"category":"rbull"},{"type":"A","date":"2018-03-15T05:19:10.000Z","volume":1000,"price":8.6,"category":"rbull"},{"type":"A","date":"2018-03-15T05:09:56.000Z","volume":1000,"price":8.68,"category":"rbull"},{"type":"A","date":"2018-03-15T05:09:09.000Z","volume":1000,"price":8.68,"category":"rbull"},{"type":"A","date":"2018-03-15T05:05:17.000Z","volume":1000,"price":8.69,"category":"rbull"},{"type":"A","date":"2018-03-15T05:01:51.000Z","volume":1000,"price":8.71,"category":"rbull"},{"type":"A","date":"2018-03-15T05:00:54.000Z","volume":1000,"price":8.71,"category":"rbull"},{"type":"A","date":"2018-03-15T03:58:45.000Z","volume":1000,"price":8.71,"category":"rbull"},{"type":"A","date":"2018-03-15T03:57:35.000Z","volume":1000,"price":8.73,"category":"rbull"},{"type":"A","date":"2018-03-15T03:56:02.000Z","volume":1000,"price":8.74,"category":"rbull"},{"type":"A","date":"2018-03-15T03:53:32.000Z","volume":1000,"price":8.74,"category":"rbull"},{"type":"A","date":"2018-03-15T03:53:32.000Z","volume":1000,"price":8.74,"category":"rbull"},{"type":"A","date":"2018-03-15T03:52:45.000Z","volume":1000,"price":8.75,"category":"rbull"},{"type":"A","date":"2018-03-15T03:46:44.000Z","volume":1000,"price":8.72,"category":"rbull"},{"type":"A","date":"2018-03-15T03:44:46.000Z","volume":1000,"price":8.72,"category":"rbull"},{"type":"A","date":"2018-03-15T03:44:42.000Z","volume":1000,"price":8.72,"category":"rbull"},{"type":"A","date":"2018-03-15T03:38:45.000Z","volume":1000,"price":8.75,"category":"rbull"},{"type":"A","date":"2018-03-15T03:37:04.000Z","volume":1000,"price":8.75,"category":"rbull"},{"type":"A","date":"2018-03-15T03:36:42.000Z","volume":1000,"price":8.75,"category":"rbull"},{"type":"A","date":"2018-03-15T03:34:25.000Z","volume":1000,"price":8.76,"category":"rbull"},{"type":"A","date":"2018-03-15T03:34:17.000Z","volume":1000,"price":8.75,"category":"rbull"},{"type":"A","date":"2018-03-15T03:33:29.000Z","volume":1000,"price":8.75,"category":"rbull"},{"type":"A","date":"2018-03-15T03:32:17.000Z","volume":1000,"price":8.75,"category":"rbull"},{"type":"A","date":"2018-03-15T03:29:50.000Z","volume":1000,"price":8.75,"category":"rbull"},{"type":"A","date":"2018-03-15T03:28:04.000Z","volume":1000,"price":8.75,"category":"rbull"},{"type":"A","date":"2018-03-15T03:21:37.000Z","volume":1000,"price":8.76,"category":"rbull"},{"type":"A","date":"2018-03-15T03:18:32.000Z","volume":1000,"price":8.76,"category":"rbull"},{"type":"A","date":"2018-03-15T03:18:18.000Z","volume":1000,"price":8.75,"category":"rbull"},{"type":"A","date":"2018-03-15T03:15:17.000Z","volume":1000,"price":8.77,"category":"rbull"},{"type":"A","date":"2018-03-15T03:10:32.000Z","volume":1000,"price":8.76,"category":"rbull"},{"type":"A","date":"2018-03-15T03:10:18.000Z","volume":1000,"price":8.78,"category":"rbull"},{"type":"A","date":"2018-03-15T03:10:14.000Z","volume":1000,"price":8.75,"category":"rbull"},{"type":"A","date":"2018-03-15T03:10:08.000Z","volume":1000,"price":8.76,"category":"rbull"},{"type":"A","date":"2018-03-15T03:10:02.000Z","volume":1000,"price":8.72,"category":"rbull"},{"type":"A","date":"2018-03-15T03:00:56.000Z","volume":1000,"price":8.74,"category":"rbull"},{"type":"A","date":"2018-03-15T03:00:53.000Z","volume":1000,"price":8.74,"category":"rbull"},{"type":"A","date":"2018-03-15T03:00:33.000Z","volume":1000,"price":8.74,"category":"rbull"},{"type":"A","date":"2018-03-15T03:00:13.000Z","volume":1000,"price":8.74,"category":"rbull"},{"type":"A","date":"2018-03-15T02:59:53.000Z","volume":1000,"price":8.74,"category":"rbull"},{"type":"A","date":"2018-03-15T02:59:32.000Z","volume":1000,"price":8.74,"category":"rbull"},{"type":"A","date":"2018-03-15T02:57:31.000Z","volume":1000,"price":8.76,"category":"rbull"},{"type":"A","date":"2018-03-15T02:52:30.000Z","volume":1000,"price":8.78,"category":"rbull"},{"type":"A","date":"2018-03-15T02:48:46.000Z","volume":1000,"price":8.8,"category":"rbull"},{"type":"A","date":"2018-03-15T02:46:07.000Z","volume":1000,"price":8.76,"category":"rbull"},{"type":"A","date":"2018-03-15T02:43:42.000Z","volume":1000,"price":8.82,"category":"rbull"},{"type":"A","date":"2018-03-15T02:43:17.000Z","volume":1000,"price":8.82,"category":"rbull"},{"type":"A","date":"2018-03-15T02:42:12.000Z","volume":1000,"price":8.83,"category":"rbull"},{"type":"A","date":"2018-03-15T02:41:05.000Z","volume":1000,"price":8.8,"category":"rbull"},{"type":"A","date":"2018-03-15T02:41:01.000Z","volume":1000,"price":8.8,"category":"rbull"},{"type":"A","date":"2018-03-15T02:40:24.000Z","volume":1000,"price":8.77,"category":"rbull"},{"type":"A","date":"2018-03-15T02:40:24.000Z","volume":1000,"price":8.76,"category":"rbull"},{"type":"A","date":"2018-03-15T02:40:21.000Z","volume":1000,"price":8.77,"category":"rbull"},{"type":"A","date":"2018-03-15T02:39:22.000Z","volume":1000,"price":8.76,"category":"rbull"},{"type":"A","date":"2018-03-15T02:37:21.000Z","volume":1000,"price":8.71,"category":"rbull"},{"type":"A","date":"2018-03-15T02:37:21.000Z","volume":1000,"price":8.7,"category":"rbull"},{"type":"A","date":"2018-03-15T02:33:06.000Z","volume":1000,"price":8.68,"category":"rbull"},{"type":"A","date":"2018-03-15T02:32:56.000Z","volume":1000,"price":8.68,"category":"rbull"},{"type":"A","date":"2018-03-15T02:32:46.000Z","volume":1000,"price":8.68,"category":"rbull"},{"type":"A","date":"2018-03-15T02:32:39.000Z","volume":1000,"price":8.68,"category":"rbull"},{"type":"A","date":"2018-03-15T02:32:34.000Z","volume":1000,"price":8.67,"category":"rbull"},{"type":"A","date":"2018-03-15T02:31:36.000Z","volume":1000,"price":8.67,"category":"rbull"},{"type":"A","date":"2018-03-15T02:30:54.000Z","volume":1000,"price":8.66,"category":"rbull"},{"type":"A","date":"2018-03-15T02:30:07.000Z","volume":1000,"price":8.66,"category":"rbull"},{"type":"A","date":"2018-03-15T02:30:00.000Z","volume":1000,"price":8.66,"category":"rbull"},{"type":"A","date":"2018-03-15T02:29:55.000Z","volume":1000,"price":8.66,"category":"rbull"},{"type":"A","date":"2018-03-15T02:29:11.000Z","volume":1000,"price":8.63,"category":"rbull"},{"type":"A","date":"2018-03-15T02:28:55.000Z","volume":1000,"price":8.63,"category":"rbull"},{"type":"A","date":"2018-03-15T02:28:51.000Z","volume":1000,"price":8.63,"category":"rbull"},{"type":"A","date":"2018-03-15T02:28:27.000Z","volume":1000,"price":8.62,"category":"rbull"},{"type":"A","date":"2018-03-15T02:28:24.000Z","volume":1000,"price":8.63,"category":"rbull"},{"type":"A","date":"2018-03-15T02:27:47.000Z","volume":1000,"price":8.62,"category":"rbull"},{"type":"A","date":"2018-03-15T02:27:11.000Z","volume":1000,"price":8.61,"category":"rbull"},{"type":"A","date":"2018-03-15T02:26:53.000Z","volume":1000,"price":8.61,"category":"rbull"},{"type":"A","date":"2018-03-15T02:26:50.000Z","volume":1000,"price":8.61,"category":"rbull"},{"type":"A","date":"2018-03-15T02:26:29.000Z","volume":1000,"price":8.61,"category":"rbull"},{"type":"A","date":"2018-03-15T02:24:37.000Z","volume":1000,"price":8.58,"category":"rbull"},{"type":"A","date":"2018-03-15T02:22:18.000Z","volume":1000,"price":8.57,"category":"rbull"},{"type":"A","date":"2018-03-15T02:21:45.000Z","volume":1000,"price":8.57,"category":"rbull"},{"type":"A","date":"2018-03-15T02:21:43.000Z","volume":1000,"price":8.56,"category":"rbull"},{"type":"A","date":"2018-03-15T02:18:02.000Z","volume":1000,"price":8.56,"category":"rbull"},{"type":"A","date":"2018-03-15T02:13:02.000Z","volume":1000,"price":8.52,"category":"rbull"},{"type":"A","date":"2018-03-15T02:12:25.000Z","volume":1000,"price":8.5,"category":"rbull"},{"type":"A","date":"2018-03-15T02:09:21.000Z","volume":1000,"price":8.54,"category":"rbull"},{"type":"A","date":"2018-03-15T02:05:02.000Z","volume":1000,"price":8.47,"category":"rbull"},{"type":"A","date":"2018-03-15T02:03:22.000Z","volume":1000,"price":8.52,"category":"rbull"},{"type":"A","date":"2018-03-15T01:57:27.000Z","volume":1000,"price":8.57,"category":"rbull"},{"type":"A","date":"2018-03-15T01:56:04.000Z","volume":1000,"price":8.58,"category":"rbull"},{"type":"A","date":"2018-03-15T01:51:47.000Z","volume":1000,"price":8.53,"category":"rbull"},{"type":"A","date":"2018-03-15T01:51:34.000Z","volume":1000,"price":8.53,"category":"rbull"},{"type":"A","date":"2018-03-15T01:49:36.000Z","volume":1000,"price":8.48,"category":"rbull"},{"type":"A","date":"2018-03-15T01:49:36.000Z","volume":1000,"price":8.48,"category":"rbull"},{"type":"A","date":"2018-03-15T01:49:36.000Z","volume":1000,"price":8.47,"category":"rbull"},{"type":"A","date":"2018-03-15T01:49:35.000Z","volume":1000,"price":8.47,"category":"rbull"},{"type":"A","date":"2018-03-15T01:45:30.000Z","volume":1000,"price":8.52,"category":"rbull"},{"type":"A","date":"2018-03-15T01:35:36.000Z","volume":1000,"price":8.65,"category":"rbull"},{"type":"A","date":"2018-03-15T01:35:12.000Z","volume":1000,"price":8.64,"category":"rbull"},{"type":"A","date":"2018-03-15T01:34:17.000Z","volume":1000,"price":8.65,"category":"rbull"},{"type":"A","date":"2018-03-15T01:33:59.000Z","volume":1000,"price":8.63,"category":"rbull"},{"type":"A","date":"2018-03-15T01:33:45.000Z","volume":1000,"price":8.61,"category":"rbull"},{"type":"A","date":"2018-03-15T01:33:30.000Z","volume":1000,"price":8.6,"category":"rbull"},{"type":"A","date":"2018-03-15T01:33:08.000Z","volume":1000,"price":8.6,"category":"rbull"},{"type":"A","date":"2018-03-15T01:32:46.000Z","volume":1000,"price":8.58,"category":"rbull"},{"type":"A","date":"2018-03-15T01:32:40.000Z","volume":1000,"price":8.58,"category":"rbull"},{"type":"A","date":"2018-03-15T01:32:40.000Z","volume":1000,"price":8.57,"category":"rbull"},{"type":"A","date":"2018-03-15T01:32:27.000Z","volume":1000,"price":8.55,"category":"rbull"},{"type":"A","date":"2018-03-15T01:31:24.000Z","volume":1000,"price":8.51,"category":"rbull"},{"type":"A","date":"2018-03-15T01:30:47.000Z","volume":1000,"price":8.5,"category":"rbull"},{"type":"A","date":"2018-03-15T01:30:42.000Z","volume":1000,"price":8.5,"category":"rbull"},{"type":"A","date":"2018-03-15T01:30:32.000Z","volume":1000,"price":8.48,"category":"rbull"},{"type":"A","date":"2018-03-15T01:30:21.000Z","volume":1000,"price":8.49,"category":"rbull"},{"type":"A","date":"2018-03-15T01:30:02.000Z","volume":1000,"price":8.51,"category":"rbull"},{"type":"B","date":"2018-03-15T07:59:32.000Z","volume":1000,"price":8.63,"category":"rbear"},{"type":"B","date":"2018-03-15T07:59:30.000Z","volume":1000,"price":8.63,"category":"rbear"},{"type":"B","date":"2018-03-15T07:58:45.000Z","volume":1000,"price":8.64,"category":"rbear"},{"type":"B","date":"2018-03-15T07:58:22.000Z","volume":1000,"price":8.64,"category":"rbear"},{"type":"B","date":"2018-03-15T07:57:51.000Z","volume":1000,"price":8.64,"category":"rbear"},{"type":"B","date":"2018-03-15T07:56:12.000Z","volume":1000,"price":8.63,"category":"rbear"},{"type":"B","date":"2018-03-15T07:52:52.000Z","volume":1000,"price":8.63,"category":"rbear"},{"type":"B","date":"2018-03-15T07:52:27.000Z","volume":1000,"price":8.63,"category":"rbear"},{"type":"B","date":"2018-03-15T07:50:33.000Z","volume":1000,"price":8.59,"category":"rbear"},{"type":"B","date":"2018-03-15T07:50:03.000Z","volume":1000,"price":8.59,"category":"rbear"},{"type":"B","date":"2018-03-15T07:49:24.000Z","volume":1000,"price":8.59,"category":"rbear"},{"type":"B","date":"2018-03-15T07:46:06.000Z","volume":1000,"price":8.59,"category":"rbear"},{"type":"B","date":"2018-03-15T07:46:00.000Z","volume":1000,"price":8.6,"category":"rbear"},{"type":"B","date":"2018-03-15T07:45:33.000Z","volume":1000,"price":8.6,"category":"rbear"},{"type":"B","date":"2018-03-15T07:45:13.000Z","volume":1000,"price":8.6,"category":"rbear"},{"type":"B","date":"2018-03-15T07:43:41.000Z","volume":1000,"price":8.6,"category":"rbear"},{"type":"B","date":"2018-03-15T07:42:36.000Z","volume":1000,"price":8.6,"category":"rbear"},{"type":"B","date":"2018-03-15T07:42:23.000Z","volume":1000,"price":8.6,"category":"rbear"},{"type":"B","date":"2018-03-15T07:42:01.000Z","volume":1000,"price":8.6,"category":"rbear"},{"type":"B","date":"2018-03-15T07:39:22.000Z","volume":1000,"price":8.59,"category":"rbear"},{"type":"B","date":"2018-03-15T07:37:53.000Z","volume":1000,"price":8.6,"category":"rbear"},{"type":"B","date":"2018-03-15T07:37:15.000Z","volume":1000,"price":8.61,"category":"rbear"},{"type":"B","date":"2018-03-15T07:36:32.000Z","volume":1000,"price":8.61,"category":"rbear"},{"type":"B","date":"2018-03-15T07:35:37.000Z","volume":1000,"price":8.61,"category":"rbear"},{"type":"B","date":"2018-03-15T07:35:37.000Z","volume":1000,"price":8.61,"category":"rbear"},{"type":"B","date":"2018-03-15T07:34:52.000Z","volume":1000,"price":8.62,"category":"rbear"},{"type":"B","date":"2018-03-15T07:33:50.000Z","volume":1000,"price":8.62,"category":"rbear"},{"type":"B","date":"2018-03-15T07:33:36.000Z","volume":1000,"price":8.62,"category":"rbear"},{"type":"B","date":"2018-03-15T07:33:01.000Z","volume":1000,"price":8.62,"category":"rbear"},{"type":"B","date":"2018-03-15T07:31:30.000Z","volume":1000,"price":8.63,"category":"rbear"},{"type":"B","date":"2018-03-15T07:30:52.000Z","volume":1000,"price":8.64,"category":"rbear"},{"type":"B","date":"2018-03-15T07:30:13.000Z","volume":1000,"price":8.65,"category":"rbear"},{"type":"B","date":"2018-03-15T07:25:49.000Z","volume":1000,"price":8.66,"category":"rbear"},{"type":"B","date":"2018-03-15T07:25:48.000Z","volume":1000,"price":8.66,"category":"rbear"},{"type":"B","date":"2018-03-15T07:25:22.000Z","volume":1000,"price":8.66,"category":"rbear"},{"type":"B","date":"2018-03-15T07:23:53.000Z","volume":1000,"price":8.66,"category":"rbear"},{"type":"B","date":"2018-03-15T07:22:06.000Z","volume":1000,"price":8.67,"category":"rbear"},{"type":"B","date":"2018-03-15T07:21:05.000Z","volume":1000,"price":8.67,"category":"rbear"},{"type":"B","date":"2018-03-15T07:16:46.000Z","volume":1000,"price":8.67,"category":"rbear"},{"type":"B","date":"2018-03-15T07:16:35.000Z","volume":1000,"price":8.67,"category":"rbear"},{"type":"B","date":"2018-03-15T07:16:25.000Z","volume":1000,"price":8.67,"category":"rbear"},{"type":"B","date":"2018-03-15T07:15:46.000Z","volume":1000,"price":8.67,"category":"rbear"},{"type":"B","date":"2018-03-15T07:14:32.000Z","volume":1000,"price":8.67,"category":"rbear"},{"type":"B","date":"2018-03-15T07:09:05.000Z","volume":1000,"price":8.68,"category":"rbear"},{"type":"B","date":"2018-03-15T07:08:52.000Z","volume":1000,"price":8.68,"category":"rbear"},{"type":"B","date":"2018-03-15T06:58:40.000Z","volume":1000,"price":8.6,"category":"rbear"},{"type":"B","date":"2018-03-15T06:57:28.000Z","volume":1000,"price":8.6,"category":"rbear"},{"type":"B","date":"2018-03-15T06:54:25.000Z","volume":1000,"price":8.6,"category":"rbear"},{"type":"B","date":"2018-03-15T06:53:31.000Z","volume":1000,"price":8.6,"category":"rbear"},{"type":"B","date":"2018-03-15T06:53:31.000Z","volume":1000,"price":8.6,"category":"rbear"},{"type":"B","date":"2018-03-15T06:53:31.000Z","volume":1000,"price":8.6,"category":"rbear"},{"type":"B","date":"2018-03-15T06:53:27.000Z","volume":1000,"price":8.6,"category":"rbear"},{"type":"B","date":"2018-03-15T06:47:44.000Z","volume":1000,"price":8.6,"category":"rbear"},{"type":"B","date":"2018-03-15T06:45:24.000Z","volume":1000,"price":8.61,"category":"rbear"},{"type":"B","date":"2018-03-15T06:37:19.000Z","volume":1000,"price":8.59,"category":"rbear"},{"type":"B","date":"2018-03-15T06:36:29.000Z","volume":1000,"price":8.58,"category":"rbear"},{"type":"B","date":"2018-03-15T06:36:09.000Z","volume":1000,"price":8.58,"category":"rbear"},{"type":"B","date":"2018-03-15T06:35:15.000Z","volume":1000,"price":8.58,"category":"rbear"},{"type":"B","date":"2018-03-15T06:26:42.000Z","volume":1000,"price":8.57,"category":"rbear"},{"type":"B","date":"2018-03-15T06:25:46.000Z","volume":1000,"price":8.58,"category":"rbear"},{"type":"B","date":"2018-03-15T06:23:52.000Z","volume":1000,"price":8.59,"category":"rbear"},{"type":"B","date":"2018-03-15T06:22:33.000Z","volume":1000,"price":8.59,"category":"rbear"},{"type":"B","date":"2018-03-15T06:20:46.000Z","volume":1000,"price":8.59,"category":"rbear"},{"type":"B","date":"2018-03-15T06:19:03.000Z","volume":1000,"price":8.59,"category":"rbear"},{"type":"B","date":"2018-03-15T06:18:21.000Z","volume":1000,"price":8.59,"category":"rbear"},{"type":"B","date":"2018-03-15T06:17:24.000Z","volume":1000,"price":8.59,"category":"rbear"},{"type":"B","date":"2018-03-15T06:06:06.000Z","volume":1000,"price":8.56,"category":"rbear"},{"type":"B","date":"2018-03-15T06:00:19.000Z","volume":1000,"price":8.57,"category":"rbear"},{"type":"B","date":"2018-03-15T05:59:53.000Z","volume":1000,"price":8.58,"category":"rbear"},{"type":"B","date":"2018-03-15T05:51:02.000Z","volume":1000,"price":8.59,"category":"rbear"},{"type":"B","date":"2018-03-15T05:50:57.000Z","volume":1000,"price":8.59,"category":"rbear"},{"type":"B","date":"2018-03-15T05:50:29.000Z","volume":1000,"price":8.6,"category":"rbear"},{"type":"B","date":"2018-03-15T05:50:20.000Z","volume":1000,"price":8.6,"category":"rbear"},{"type":"B","date":"2018-03-15T05:48:06.000Z","volume":1000,"price":8.62,"category":"rbear"},{"type":"B","date":"2018-03-15T05:44:52.000Z","volume":1000,"price":8.62,"category":"rbear"},{"type":"B","date":"2018-03-15T05:39:47.000Z","volume":1000,"price":8.64,"category":"rbear"},{"type":"B","date":"2018-03-15T05:37:23.000Z","volume":1000,"price":8.65,"category":"rbear"},{"type":"B","date":"2018-03-15T05:35:38.000Z","volume":1000,"price":8.62,"category":"rbear"},{"type":"B","date":"2018-03-15T05:32:49.000Z","volume":1000,"price":8.61,"category":"rbear"},{"type":"B","date":"2018-03-15T05:31:52.000Z","volume":1000,"price":8.61,"category":"rbear"},{"type":"B","date":"2018-03-15T05:30:36.000Z","volume":1000,"price":8.61,"category":"rbear"},{"type":"B","date":"2018-03-15T05:27:18.000Z","volume":1000,"price":8.61,"category":"rbear"},{"type":"B","date":"2018-03-15T05:25:58.000Z","volume":1000,"price":8.63,"category":"rbear"},{"type":"B","date":"2018-03-15T05:23:56.000Z","volume":1000,"price":8.63,"category":"rbear"},{"type":"B","date":"2018-03-15T05:21:01.000Z","volume":1000,"price":8.59,"category":"rbear"},{"type":"B","date":"2018-03-15T05:18:16.000Z","volume":1000,"price":8.58,"category":"rbear"},{"type":"B","date":"2018-03-15T05:15:43.000Z","volume":1000,"price":8.58,"category":"rbear"},{"type":"B","date":"2018-03-15T05:15:12.000Z","volume":1000,"price":8.58,"category":"rbear"},{"type":"B","date":"2018-03-15T05:14:23.000Z","volume":1000,"price":8.62,"category":"rbear"},{"type":"B","date":"2018-03-15T05:14:01.000Z","volume":1000,"price":8.63,"category":"rbear"},{"type":"B","date":"2018-03-15T05:14:01.000Z","volume":1000,"price":8.63,"category":"rbear"},{"type":"B","date":"2018-03-15T05:13:34.000Z","volume":1000,"price":8.65,"category":"rbear"},{"type":"B","date":"2018-03-15T05:06:55.000Z","volume":1000,"price":8.66,"category":"rbear"},{"type":"B","date":"2018-03-15T05:06:55.000Z","volume":1000,"price":8.66,"category":"rbear"},{"type":"B","date":"2018-03-15T05:05:51.000Z","volume":1000,"price":8.66,"category":"rbear"},{"type":"B","date":"2018-03-15T05:03:20.000Z","volume":1000,"price":8.67,"category":"rbear"},{"type":"B","date":"2018-03-15T05:02:54.000Z","volume":1000,"price":8.68,"category":"rbear"},{"type":"B","date":"2018-03-15T05:02:54.000Z","volume":1000,"price":8.68,"category":"rbear"},{"type":"B","date":"2018-03-15T03:59:17.000Z","volume":1000,"price":8.7,"category":"rbear"},{"type":"B","date":"2018-03-15T03:59:15.000Z","volume":1000,"price":8.7,"category":"rbear"},{"type":"B","date":"2018-03-15T03:57:23.000Z","volume":1000,"price":8.73,"category":"rbear"},{"type":"B","date":"2018-03-15T03:54:23.000Z","volume":1000,"price":8.72,"category":"rbear"},{"type":"B","date":"2018-03-15T03:38:29.000Z","volume":1000,"price":8.74,"category":"rbear"},{"type":"B","date":"2018-03-15T03:31:07.000Z","volume":1000,"price":8.75,"category":"rbear"},{"type":"B","date":"2018-03-15T03:29:03.000Z","volume":1000,"price":8.74,"category":"rbear"},{"type":"B","date":"2018-03-15T03:27:52.000Z","volume":1000,"price":8.74,"category":"rbear"},{"type":"B","date":"2018-03-15T03:21:52.000Z","volume":1000,"price":8.75,"category":"rbear"},{"type":"B","date":"2018-03-15T03:21:31.000Z","volume":1000,"price":8.75,"category":"rbear"},{"type":"B","date":"2018-03-15T03:19:48.000Z","volume":1000,"price":8.73,"category":"rbear"},{"type":"B","date":"2018-03-15T03:19:44.000Z","volume":1000,"price":8.73,"category":"rbear"},{"type":"B","date":"2018-03-15T03:18:46.000Z","volume":1000,"price":8.75,"category":"rbear"},{"type":"B","date":"2018-03-15T03:17:06.000Z","volume":1000,"price":8.73,"category":"rbear"},{"type":"B","date":"2018-03-15T03:15:42.000Z","volume":1000,"price":8.76,"category":"rbear"},{"type":"B","date":"2018-03-15T03:15:42.000Z","volume":1000,"price":8.76,"category":"rbear"},{"type":"B","date":"2018-03-15T03:15:41.000Z","volume":1000,"price":8.75,"category":"rbear"},{"type":"B","date":"2018-03-15T03:15:07.000Z","volume":1000,"price":8.76,"category":"rbear"},{"type":"B","date":"2018-03-15T03:15:04.000Z","volume":1000,"price":8.76,"category":"rbear"},{"type":"B","date":"2018-03-15T03:13:29.000Z","volume":1000,"price":8.75,"category":"rbear"},{"type":"B","date":"2018-03-15T03:12:07.000Z","volume":1000,"price":8.74,"category":"rbear"},{"type":"B","date":"2018-03-15T03:12:07.000Z","volume":1000,"price":8.75,"category":"rbear"},{"type":"B","date":"2018-03-15T03:12:05.000Z","volume":1000,"price":8.75,"category":"rbear"},{"type":"B","date":"2018-03-15T03:10:21.000Z","volume":1000,"price":8.75,"category":"rbear"},{"type":"B","date":"2018-03-15T03:05:05.000Z","volume":1000,"price":8.74,"category":"rbear"},{"type":"B","date":"2018-03-15T03:04:40.000Z","volume":1000,"price":8.76,"category":"rbear"},{"type":"B","date":"2018-03-15T03:04:27.000Z","volume":1000,"price":8.77,"category":"rbear"},{"type":"B","date":"2018-03-15T03:04:24.000Z","volume":1000,"price":8.77,"category":"rbear"},{"type":"B","date":"2018-03-15T03:04:13.000Z","volume":1000,"price":8.78,"category":"rbear"},{"type":"B","date":"2018-03-15T03:04:10.000Z","volume":1000,"price":8.78,"category":"rbear"},{"type":"B","date":"2018-03-15T03:03:56.000Z","volume":1000,"price":8.78,"category":"rbear"},{"type":"B","date":"2018-03-15T03:03:54.000Z","volume":1000,"price":8.78,"category":"rbear"},{"type":"B","date":"2018-03-15T03:03:43.000Z","volume":1000,"price":8.78,"category":"rbear"},{"type":"B","date":"2018-03-15T03:03:41.000Z","volume":1000,"price":8.78,"category":"rbear"},{"type":"B","date":"2018-03-15T03:03:28.000Z","volume":1000,"price":8.77,"category":"rbear"},{"type":"B","date":"2018-03-15T03:03:26.000Z","volume":1000,"price":8.77,"category":"rbear"},{"type":"B","date":"2018-03-15T03:03:26.000Z","volume":1000,"price":8.77,"category":"rbear"},{"type":"B","date":"2018-03-15T03:02:25.000Z","volume":1000,"price":8.76,"category":"rbear"},{"type":"B","date":"2018-03-15T03:02:20.000Z","volume":1000,"price":8.76,"category":"rbear"},{"type":"B","date":"2018-03-15T03:02:11.000Z","volume":1000,"price":8.77,"category":"rbear"},{"type":"B","date":"2018-03-15T03:01:03.000Z","volume":1000,"price":8.75,"category":"rbear"},{"type":"B","date":"2018-03-15T02:59:06.000Z","volume":1000,"price":8.73,"category":"rbear"},{"type":"B","date":"2018-03-15T02:56:43.000Z","volume":1000,"price":8.76,"category":"rbear"},{"type":"B","date":"2018-03-15T02:53:13.000Z","volume":1000,"price":8.77,"category":"rbear"},{"type":"B","date":"2018-03-15T02:50:15.000Z","volume":1000,"price":8.78,"category":"rbear"},{"type":"B","date":"2018-03-15T02:47:43.000Z","volume":1000,"price":8.76,"category":"rbear"},{"type":"B","date":"2018-03-15T02:45:25.000Z","volume":1000,"price":8.75,"category":"rbear"},{"type":"B","date":"2018-03-15T02:44:20.000Z","volume":1000,"price":8.8,"category":"rbear"},{"type":"B","date":"2018-03-15T02:43:43.000Z","volume":1000,"price":8.8,"category":"rbear"},{"type":"B","date":"2018-03-15T02:43:39.000Z","volume":1000,"price":8.8,"category":"rbear"},{"type":"B","date":"2018-03-15T02:43:11.000Z","volume":1000,"price":8.8,"category":"rbear"},{"type":"B","date":"2018-03-15T02:42:50.000Z","volume":1000,"price":8.8,"category":"rbear"},{"type":"B","date":"2018-03-15T02:42:30.000Z","volume":1000,"price":8.81,"category":"rbear"},{"type":"B","date":"2018-03-15T02:41:56.000Z","volume":1000,"price":8.82,"category":"rbear"},{"type":"B","date":"2018-03-15T02:41:38.000Z","volume":1000,"price":8.82,"category":"rbear"},{"type":"B","date":"2018-03-15T02:41:26.000Z","volume":1000,"price":8.8,"category":"rbear"},{"type":"B","date":"2018-03-15T02:41:05.000Z","volume":1000,"price":8.79,"category":"rbear"},{"type":"B","date":"2018-03-15T02:40:43.000Z","volume":1000,"price":8.78,"category":"rbear"},{"type":"B","date":"2018-03-15T02:39:20.000Z","volume":1000,"price":8.75,"category":"rbear"},{"type":"B","date":"2018-03-15T02:38:54.000Z","volume":1000,"price":8.73,"category":"rbear"},{"type":"B","date":"2018-03-15T02:38:43.000Z","volume":1000,"price":8.73,"category":"rbear"},{"type":"B","date":"2018-03-15T02:38:41.000Z","volume":1000,"price":8.73,"category":"rbear"},{"type":"B","date":"2018-03-15T02:37:11.000Z","volume":1000,"price":8.7,"category":"rbear"},{"type":"B","date":"2018-03-15T02:37:03.000Z","volume":1000,"price":8.69,"category":"rbear"},{"type":"B","date":"2018-03-15T02:36:52.000Z","volume":1000,"price":8.69,"category":"rbear"},{"type":"B","date":"2018-03-15T02:36:33.000Z","volume":1000,"price":8.7,"category":"rbear"},{"type":"B","date":"2018-03-15T02:36:33.000Z","volume":1000,"price":8.7,"category":"rbear"},{"type":"B","date":"2018-03-15T02:36:07.000Z","volume":1000,"price":8.68,"category":"rbear"},{"type":"B","date":"2018-03-15T02:36:07.000Z","volume":1000,"price":8.69,"category":"rbear"},{"type":"B","date":"2018-03-15T02:34:53.000Z","volume":1000,"price":8.73,"category":"rbear"},{"type":"B","date":"2018-03-15T02:34:20.000Z","volume":1000,"price":8.65,"category":"rbear"},{"type":"B","date":"2018-03-15T02:34:10.000Z","volume":1000,"price":8.65,"category":"rbear"},{"type":"B","date":"2018-03-15T02:34:10.000Z","volume":1000,"price":8.66,"category":"rbear"},{"type":"B","date":"2018-03-15T02:34:03.000Z","volume":1000,"price":8.67,"category":"rbear"},{"type":"B","date":"2018-03-15T02:31:04.000Z","volume":1000,"price":8.65,"category":"rbear"},{"type":"B","date":"2018-03-15T02:30:45.000Z","volume":1000,"price":8.65,"category":"rbear"},{"type":"B","date":"2018-03-15T02:27:21.000Z","volume":1000,"price":8.61,"category":"rbear"},{"type":"B","date":"2018-03-15T02:23:55.000Z","volume":1000,"price":8.56,"category":"rbear"},{"type":"B","date":"2018-03-15T02:22:22.000Z","volume":1000,"price":8.56,"category":"rbear"},{"type":"B","date":"2018-03-15T02:15:42.000Z","volume":1000,"price":8.53,"category":"rbear"},{"type":"B","date":"2018-03-15T02:15:32.000Z","volume":1000,"price":8.55,"category":"rbear"},{"type":"B","date":"2018-03-15T02:15:15.000Z","volume":1000,"price":8.53,"category":"rbear"},{"type":"B","date":"2018-03-15T02:08:47.000Z","volume":1000,"price":8.51,"category":"rbear"},{"type":"B","date":"2018-03-15T02:07:41.000Z","volume":1000,"price":8.51,"category":"rbear"},{"type":"B","date":"2018-03-15T02:06:43.000Z","volume":1000,"price":8.52,"category":"rbear"},{"type":"B","date":"2018-03-15T02:05:38.000Z","volume":1000,"price":8.47,"category":"rbear"},{"type":"B","date":"2018-03-15T02:04:37.000Z","volume":1000,"price":8.45,"category":"rbear"},{"type":"B","date":"2018-03-15T01:59:56.000Z","volume":1000,"price":8.52,"category":"rbear"},{"type":"B","date":"2018-03-15T01:59:55.000Z","volume":1000,"price":8.52,"category":"rbear"},{"type":"B","date":"2018-03-15T01:58:53.000Z","volume":1000,"price":8.53,"category":"rbear"},{"type":"B","date":"2018-03-15T01:56:23.000Z","volume":1000,"price":8.56,"category":"rbear"},{"type":"B","date":"2018-03-15T01:56:11.000Z","volume":1000,"price":8.57,"category":"rbear"},{"type":"B","date":"2018-03-15T01:48:24.000Z","volume":1000,"price":8.46,"category":"rbear"},{"type":"B","date":"2018-03-15T01:48:16.000Z","volume":1000,"price":8.46,"category":"rbear"},{"type":"B","date":"2018-03-15T01:48:16.000Z","volume":1000,"price":8.47,"category":"rbear"},{"type":"B","date":"2018-03-15T01:48:07.000Z","volume":1000,"price":8.47,"category":"rbear"},{"type":"B","date":"2018-03-15T01:48:07.000Z","volume":1000,"price":8.47,"category":"rbear"},{"type":"B","date":"2018-03-15T01:47:24.000Z","volume":1000,"price":8.47,"category":"rbear"},{"type":"B","date":"2018-03-15T01:44:47.000Z","volume":1000,"price":8.51,"category":"rbear"},{"type":"B","date":"2018-03-15T01:44:39.000Z","volume":1000,"price":8.51,"category":"rbear"},{"type":"B","date":"2018-03-15T01:44:10.000Z","volume":1000,"price":8.51,"category":"rbear"},{"type":"B","date":"2018-03-15T01:44:05.000Z","volume":1000,"price":8.51,"category":"rbear"},{"type":"B","date":"2018-03-15T01:42:53.000Z","volume":1000,"price":8.52,"category":"rbear"},{"type":"B","date":"2018-03-15T01:42:29.000Z","volume":1000,"price":8.54,"category":"rbear"},{"type":"B","date":"2018-03-15T01:42:29.000Z","volume":1000,"price":8.55,"category":"rbear"},{"type":"B","date":"2018-03-15T01:40:04.000Z","volume":1000,"price":8.58,"category":"rbear"},{"type":"B","date":"2018-03-15T01:40:02.000Z","volume":1000,"price":8.58,"category":"rbear"},{"type":"B","date":"2018-03-15T01:40:02.000Z","volume":1000,"price":8.59,"category":"rbear"},{"type":"B","date":"2018-03-15T01:38:19.000Z","volume":1000,"price":8.62,"category":"rbear"},{"type":"B","date":"2018-03-15T01:38:18.000Z","volume":1000,"price":8.62,"category":"rbear"},{"type":"B","date":"2018-03-15T01:36:07.000Z","volume":1000,"price":8.63,"category":"rbear"},{"type":"B","date":"2018-03-15T01:35:21.000Z","volume":1000,"price":8.64,"category":"rbear"},{"type":"B","date":"2018-03-15T01:35:21.000Z","volume":1000,"price":8.64,"category":"rbear"},{"type":"B","date":"2018-03-15T01:34:03.000Z","volume":1000,"price":8.62,"category":"rbear"},{"type":"B","date":"2018-03-15T01:31:14.000Z","volume":1000,"price":8.5,"category":"rbear"},{"type":"B","date":"2018-03-15T01:30:23.000Z","volume":1000,"price":8.47,"category":"rbear"},{"type":"B","date":"2018-03-15T01:30:20.000Z","volume":1000,"price":8.47,"category":"rbear"},{"type":"B","date":"2018-03-15T01:30:01.000Z","volume":1000,"price":8.43,"category":"rbear"},{"type":"B","date":"2018-03-15T07:55:07.000Z","volume":30000,"price":8.64,"category":"bbear"},{"type":"B","date":"2018-03-15T07:50:06.000Z","volume":30000,"price":8.59,"category":"bbear"},{"type":"B","date":"2018-03-15T07:50:03.000Z","volume":20000,"price":8.59,"category":"bbear"},{"type":"B","date":"2018-03-15T07:49:23.000Z","volume":27000,"price":8.59,"category":"bbear"},{"type":"B","date":"2018-03-15T07:37:31.000Z","volume":23000,"price":8.61,"category":"bbear"},{"type":"B","date":"2018-03-15T07:32:38.000Z","volume":25000,"price":8.63,"category":"bbear"},{"type":"B","date":"2018-03-15T07:31:30.000Z","volume":20000,"price":8.64,"category":"bbear"},{"type":"B","date":"2018-03-15T07:30:16.000Z","volume":19000,"price":8.65,"category":"bbear"},{"type":"B","date":"2018-03-15T07:08:09.000Z","volume":16000,"price":8.67,"category":"bbear"},{"type":"B","date":"2018-03-15T07:02:32.000Z","volume":28000,"price":8.64,"category":"bbear"},{"type":"B","date":"2018-03-15T06:50:40.000Z","volume":15000,"price":8.61,"category":"bbear"},{"type":"B","date":"2018-03-15T06:46:14.000Z","volume":20000,"price":8.6,"category":"bbear"},{"type":"B","date":"2018-03-15T06:45:24.000Z","volume":30000,"price":8.61,"category":"bbear"},{"type":"B","date":"2018-03-15T06:26:17.000Z","volume":30000,"price":8.58,"category":"bbear"},{"type":"B","date":"2018-03-15T06:25:19.000Z","volume":20000,"price":8.59,"category":"bbear"},{"type":"B","date":"2018-03-15T06:20:48.000Z","volume":30000,"price":8.59,"category":"bbear"},{"type":"B","date":"2018-03-15T06:04:46.000Z","volume":20000,"price":8.58,"category":"bbear"},{"type":"B","date":"2018-03-15T05:57:36.000Z","volume":29000,"price":8.59,"category":"bbear"},{"type":"B","date":"2018-03-15T05:53:51.000Z","volume":17000,"price":8.61,"category":"bbear"},{"type":"B","date":"2018-03-15T05:50:10.000Z","volume":19000,"price":8.61,"category":"bbear"},{"type":"B","date":"2018-03-15T05:49:57.000Z","volume":18000,"price":8.62,"category":"bbear"},{"type":"B","date":"2018-03-15T05:44:10.000Z","volume":17000,"price":8.63,"category":"bbear"},{"type":"B","date":"2018-03-15T05:43:30.000Z","volume":30000,"price":8.64,"category":"bbear"},{"type":"B","date":"2018-03-15T05:26:51.000Z","volume":16000,"price":8.62,"category":"bbear"},{"type":"B","date":"2018-03-15T05:14:31.000Z","volume":16000,"price":8.6,"category":"bbear"},{"type":"B","date":"2018-03-15T05:13:55.000Z","volume":30000,"price":8.65,"category":"bbear"},{"type":"B","date":"2018-03-15T05:13:48.000Z","volume":20000,"price":8.65,"category":"bbear"},{"type":"B","date":"2018-03-15T05:13:21.000Z","volume":30000,"price":8.66,"category":"bbear"},{"type":"B","date":"2018-03-15T05:03:44.000Z","volume":15000,"price":8.67,"category":"bbear"},{"type":"B","date":"2018-03-15T05:02:54.000Z","volume":20000,"price":8.68,"category":"bbear"},{"type":"B","date":"2018-03-15T03:59:55.000Z","volume":20000,"price":8.7,"category":"bbear"},{"type":"B","date":"2018-03-15T03:59:09.000Z","volume":30000,"price":8.7,"category":"bbear"},{"type":"B","date":"2018-03-15T03:59:00.000Z","volume":20000,"price":8.7,"category":"bbear"},{"type":"B","date":"2018-03-15T03:58:46.000Z","volume":18000,"price":8.7,"category":"bbear"},{"type":"B","date":"2018-03-15T03:58:23.000Z","volume":29000,"price":8.7,"category":"bbear"},{"type":"B","date":"2018-03-15T03:58:03.000Z","volume":16000,"price":8.71,"category":"bbear"},{"type":"B","date":"2018-03-15T03:57:07.000Z","volume":20000,"price":8.72,"category":"bbear"},{"type":"B","date":"2018-03-15T03:47:40.000Z","volume":21000,"price":8.71,"category":"bbear"},{"type":"B","date":"2018-03-15T03:44:42.000Z","volume":26000,"price":8.72,"category":"bbear"},{"type":"B","date":"2018-03-15T03:31:12.000Z","volume":15000,"price":8.75,"category":"bbear"},{"type":"B","date":"2018-03-15T03:23:42.000Z","volume":18000,"price":8.75,"category":"bbear"},{"type":"B","date":"2018-03-15T03:22:13.000Z","volume":22000,"price":8.75,"category":"bbear"},{"type":"B","date":"2018-03-15T03:19:20.000Z","volume":25000,"price":8.74,"category":"bbear"},{"type":"B","date":"2018-03-15T03:06:48.000Z","volume":25000,"price":8.73,"category":"bbear"},{"type":"B","date":"2018-03-15T03:06:48.000Z","volume":23000,"price":8.74,"category":"bbear"},{"type":"B","date":"2018-03-15T03:04:40.000Z","volume":30000,"price":8.77,"category":"bbear"},{"type":"B","date":"2018-03-15T03:04:24.000Z","volume":16000,"price":8.78,"category":"bbear"},{"type":"B","date":"2018-03-15T02:57:51.000Z","volume":32000,"price":8.73,"category":"bbear"},{"type":"B","date":"2018-03-15T02:57:51.000Z","volume":18000,"price":8.74,"category":"bbear"},{"type":"B","date":"2018-03-15T02:56:43.000Z","volume":26000,"price":8.76,"category":"bbear"},{"type":"B","date":"2018-03-15T02:56:34.000Z","volume":17000,"price":8.77,"category":"bbear"},{"type":"B","date":"2018-03-15T02:55:54.000Z","volume":17000,"price":8.77,"category":"bbear"},{"type":"B","date":"2018-03-15T02:50:14.000Z","volume":24000,"price":8.79,"category":"bbear"},{"type":"B","date":"2018-03-15T02:42:25.000Z","volume":15000,"price":8.81,"category":"bbear"},{"type":"B","date":"2018-03-15T02:41:19.000Z","volume":30000,"price":8.79,"category":"bbear"},{"type":"B","date":"2018-03-15T02:39:58.000Z","volume":16000,"price":8.77,"category":"bbear"},{"type":"B","date":"2018-03-15T02:38:21.000Z","volume":17000,"price":8.73,"category":"bbear"},{"type":"B","date":"2018-03-15T02:34:10.000Z","volume":15000,"price":8.66,"category":"bbear"},{"type":"B","date":"2018-03-15T02:34:09.000Z","volume":20000,"price":8.67,"category":"bbear"},{"type":"B","date":"2018-03-15T02:30:14.000Z","volume":17000,"price":8.65,"category":"bbear"},{"type":"B","date":"2018-03-15T02:27:15.000Z","volume":22000,"price":8.61,"category":"bbear"},{"type":"B","date":"2018-03-15T02:21:41.000Z","volume":15000,"price":8.55,"category":"bbear"},{"type":"B","date":"2018-03-15T02:16:41.000Z","volume":23000,"price":8.53,"category":"bbear"},{"type":"B","date":"2018-03-15T02:14:01.000Z","volume":23000,"price":8.56,"category":"bbear"},{"type":"B","date":"2018-03-15T02:04:56.000Z","volume":30000,"price":8.45,"category":"bbear"},{"type":"B","date":"2018-03-15T02:01:47.000Z","volume":16000,"price":8.51,"category":"bbear"},{"type":"B","date":"2018-03-15T01:57:51.000Z","volume":19000,"price":8.55,"category":"bbear"},{"type":"B","date":"2018-03-15T01:56:51.000Z","volume":26000,"price":8.55,"category":"bbear"},{"type":"B","date":"2018-03-15T01:52:43.000Z","volume":19000,"price":8.56,"category":"bbear"},{"type":"B","date":"2018-03-15T01:49:48.000Z","volume":20000,"price":8.45,"category":"bbear"},{"type":"B","date":"2018-03-15T01:47:28.000Z","volume":16000,"price":8.47,"category":"bbear"},{"type":"B","date":"2018-03-15T01:46:37.000Z","volume":29000,"price":8.49,"category":"bbear"},{"type":"B","date":"2018-03-15T01:36:55.000Z","volume":16000,"price":8.62,"category":"bbear"},{"type":"B","date":"2018-03-15T01:36:41.000Z","volume":20000,"price":8.63,"category":"bbear"},{"type":"B","date":"2018-03-15T01:30:01.000Z","volume":20000,"price":8.42,"category":"bbear"},{"type":"B","date":"2018-03-15T07:45:58.000Z","volume":36000,"price":8.6,"category":"ubbear"},{"type":"B","date":"2018-03-15T07:42:39.000Z","volume":60000,"price":8.6,"category":"ubbear"},{"type":"B","date":"2018-03-15T07:38:50.000Z","volume":74000,"price":8.6,"category":"ubbear"},{"type":"B","date":"2018-03-15T07:37:54.000Z","volume":100000,"price":8.6,"category":"ubbear"},{"type":"B","date":"2018-03-15T07:37:31.000Z","volume":45000,"price":8.6,"category":"ubbear"},{"type":"B","date":"2018-03-15T07:32:09.000Z","volume":34000,"price":8.63,"category":"ubbear"},{"type":"B","date":"2018-03-15T07:26:13.000Z","volume":54000,"price":8.66,"category":"ubbear"},{"type":"B","date":"2018-03-15T07:26:05.000Z","volume":40000,"price":8.66,"category":"ubbear"},{"type":"B","date":"2018-03-15T07:22:56.000Z","volume":59000,"price":8.67,"category":"ubbear"},{"type":"B","date":"2018-03-15T07:18:18.000Z","volume":40000,"price":8.67,"category":"ubbear"},{"type":"B","date":"2018-03-15T07:12:19.000Z","volume":93000,"price":8.68,"category":"ubbear"},{"type":"B","date":"2018-03-15T06:05:57.000Z","volume":60000,"price":8.56,"category":"ubbear"},{"type":"B","date":"2018-03-15T06:05:16.000Z","volume":179000,"price":8.56,"category":"ubbear"},{"type":"B","date":"2018-03-15T05:59:12.000Z","volume":59000,"price":8.58,"category":"ubbear"},{"type":"B","date":"2018-03-15T05:58:12.000Z","volume":49000,"price":8.58,"category":"ubbear"},{"type":"B","date":"2018-03-15T05:54:57.000Z","volume":115000,"price":8.59,"category":"ubbear"},{"type":"B","date":"2018-03-15T05:50:29.000Z","volume":120000,"price":8.6,"category":"ubbear"},{"type":"B","date":"2018-03-15T05:50:29.000Z","volume":130000,"price":8.6,"category":"ubbear"},{"type":"B","date":"2018-03-15T05:27:18.000Z","volume":147000,"price":8.6,"category":"ubbear"},{"type":"B","date":"2018-03-15T05:14:24.000Z","volume":104000,"price":8.61,"category":"ubbear"},{"type":"B","date":"2018-03-15T05:02:13.000Z","volume":75000,"price":8.7,"category":"ubbear"},{"type":"B","date":"2018-03-15T03:34:45.000Z","volume":50000,"price":8.75,"category":"ubbear"},{"type":"B","date":"2018-03-15T03:04:40.000Z","volume":50000,"price":8.77,"category":"ubbear"},{"type":"B","date":"2018-03-15T02:57:29.000Z","volume":33000,"price":8.75,"category":"ubbear"},{"type":"B","date":"2018-03-15T02:56:43.000Z","volume":59000,"price":8.76,"category":"ubbear"},{"type":"B","date":"2018-03-15T02:44:24.000Z","volume":52000,"price":8.78,"category":"ubbear"},{"type":"B","date":"2018-03-15T02:39:58.000Z","volume":40000,"price":8.77,"category":"ubbear"},{"type":"B","date":"2018-03-15T02:38:44.000Z","volume":42000,"price":8.75,"category":"ubbear"},{"type":"B","date":"2018-03-15T02:35:37.000Z","volume":38000,"price":8.7,"category":"ubbear"},{"type":"B","date":"2018-03-15T02:03:41.000Z","volume":65000,"price":8.5,"category":"ubbear"},{"type":"B","date":"2018-03-15T02:03:41.000Z","volume":191000,"price":8.5,"category":"ubbear"},{"type":"B","date":"2018-03-15T01:46:26.000Z","volume":70000,"price":8.5,"category":"ubbear"},{"type":"B","date":"2018-03-15T01:46:14.000Z","volume":98000,"price":8.51,"category":"ubbear"},{"type":"B","date":"2018-03-15T01:38:21.000Z","volume":45000,"price":8.61,"category":"ubbear"}]