[{"type":"B","date":"2018-04-10T01:35:24.000Z","volume":130000,"label":" ","price":0.1},{"type":"B","date":"2018-04-10T01:35:24.000Z","volume":20000,"label":" ","price":0.099},{"type":"B","date":"2018-04-10T01:45:44.000Z","volume":10000,"label":" ","price":0.099},{"type":"B","date":"2018-04-10T01:54:09.000Z","volume":800000,"label":" ","price":0.1},{"type":"A","date":"2018-04-10T01:54:27.000Z","volume":220000,"label":" ","price":0.1},{"type":"B","date":"2018-04-10T01:56:16.000Z","volume":30000,"label":" ","price":0.1},{"type":"B","date":"2018-04-10T02:01:29.000Z","volume":240000,"label":" ","price":0.1},{"type":"A","date":"2018-04-10T02:08:32.000Z","volume":100000,"label":" ","price":0.1},{"type":"A","date":"2018-04-10T02:31:57.000Z","volume":200000,"label":" ","price":0.101},{"type":"A","date":"2018-04-10T02:41:50.000Z","volume":500000,"label":" ","price":0.1},{"type":"A","date":"2018-04-10T02:48:52.000Z","volume":300000,"label":" ","price":0.1},{"type":"B","date":"2018-04-10T02:58:10.000Z","volume":200000,"label":" ","price":0.1},{"type":"B","date":"2018-04-10T02:59:15.000Z","volume":200000,"label":" ","price":0.1},{"type":"B","date":"2018-04-10T03:01:51.000Z","volume":200000,"label":" ","price":0.1},{"type":"B","date":"2018-04-10T03:02:10.000Z","volume":300000,"label":" ","price":0.1},{"type":"B","date":"2018-04-10T03:05:51.000Z","volume":200000,"label":" ","price":0.1},{"type":"A","date":"2018-04-10T03:24:31.000Z","volume":10000,"label":" ","price":0.1},{"type":"A","date":"2018-04-10T03:25:16.000Z","volume":260000,"label":" ","price":0.1},{"type":"A","date":"2018-04-10T03:57:34.000Z","volume":500000,"label":" ","price":0.101},{"type":"B","date":"2018-04-10T05:06:23.000Z","volume":250000,"label":" ","price":0.1},{"type":"B","date":"2018-04-10T05:38:30.000Z","volume":1000000,"label":" ","price":0.1},{"type":"B","date":"2018-04-10T05:38:30.000Z","volume":30000,"label":" ","price":0.1},{"type":"B","date":"2018-04-10T05:59:44.000Z","volume":240000,"label":" ","price":0.1},{"type":"A","date":"2018-04-10T07:03:14.000Z","volume":200000,"label":" ","price":0.1},{"type":"A","date":"2018-04-10T07:20:43.000Z","volume":500000,"label":" ","price":0.1},{"type":"A","date":"2018-04-10T07:20:48.000Z","volume":200000,"label":" ","price":0.1},{"type":"A","date":"2018-04-10T07:20:52.000Z","volume":300000,"label":" ","price":0.1},{"type":"A","date":"2018-04-10T07:20:58.000Z","volume":200000,"label":" ","price":0.1},{"type":"A","date":"2018-04-10T07:28:18.000Z","volume":230000,"label":" ","price":0.1},{"type":"A","date":"2018-04-10T07:51:04.000Z","volume":200000,"label":" ","price":0.101},{"type":"A","date":"2018-04-10T07:51:12.000Z","volume":100000,"label":" ","price":0.102},{"type":"B","date":"2018-04-10T07:59:57.000Z","volume":850000,"label":" ","price":0.1}]