[{"type":"A","date":"2018-05-03T01:35:10.000Z","volume":12000,"label":" ","price":0.38},{"type":"A","date":"2018-05-03T02:09:49.000Z","volume":2000,"label":" ","price":0.38},{"type":"A","date":"2018-05-03T03:12:07.000Z","volume":884000,"label":" ","price":0.38},{"type":"A","date":"2018-05-03T03:12:10.000Z","volume":400000,"label":" ","price":0.385},{"type":"A","date":"2018-05-03T03:12:12.000Z","volume":214000,"label":" ","price":0.385},{"type":"B","date":"2018-05-03T03:12:13.000Z","volume":32000,"label":" ","price":0.385},{"type":"A","date":"2018-05-03T03:12:16.000Z","volume":4000,"label":" ","price":0.39},{"type":"B","date":"2018-05-03T03:12:19.000Z","volume":20000,"label":" ","price":0.385},{"type":"A","date":"2018-05-03T03:12:21.000Z","volume":4000,"label":" ","price":0.39},{"type":"B","date":"2018-05-03T03:12:28.000Z","volume":190000,"label":" ","price":0.385},{"type":"A","date":"2018-05-03T03:12:52.000Z","volume":10000,"label":" ","price":0.385},{"type":"U","date":"2018-05-03T03:14:26.000Z","volume":10,"label":"D","price":0.36},{"type":"A","date":"2018-05-03T03:15:27.000Z","volume":50000,"label":" ","price":0.39},{"type":"A","date":"2018-05-03T03:15:33.000Z","volume":20000,"label":" ","price":0.39},{"type":"A","date":"2018-05-03T03:15:36.000Z","volume":192000,"label":" ","price":0.39},{"type":"A","date":"2018-05-03T03:15:38.000Z","volume":2000,"label":" ","price":0.395},{"type":"A","date":"2018-05-03T03:17:49.000Z","volume":100000,"label":" ","price":0.395},{"type":"A","date":"2018-05-03T03:17:49.000Z","volume":108000,"label":" ","price":0.395},{"type":"A","date":"2018-05-03T03:17:51.000Z","volume":2000,"label":" ","price":0.4},{"type":"A","date":"2018-05-03T03:18:02.000Z","volume":100000,"label":" ","price":0.4},{"type":"A","date":"2018-05-03T03:18:17.000Z","volume":242000,"label":" ","price":0.4},{"type":"A","date":"2018-05-03T03:18:28.000Z","volume":2000,"label":" ","price":0.405},{"type":"A","date":"2018-05-03T03:19:43.000Z","volume":200000,"label":" ","price":0.4},{"type":"A","date":"2018-05-03T03:19:43.000Z","volume":14000,"label":" ","price":0.4},{"type":"A","date":"2018-05-03T03:20:05.000Z","volume":10000,"label":" ","price":0.4},{"type":"A","date":"2018-05-03T03:20:07.000Z","volume":2000,"label":" ","price":0.4},{"type":"B","date":"2018-05-03T03:20:07.000Z","volume":14000,"label":" ","price":0.4},{"type":"B","date":"2018-05-03T03:20:09.000Z","volume":24000,"label":" ","price":0.4},{"type":"A","date":"2018-05-03T03:20:15.000Z","volume":40000,"label":" ","price":0.4},{"type":"A","date":"2018-05-03T03:20:19.000Z","volume":26000,"label":" ","price":0.4},{"type":"A","date":"2018-05-03T03:20:19.000Z","volume":8000,"label":" ","price":0.4},{"type":"A","date":"2018-05-03T03:20:29.000Z","volume":10000,"label":" ","price":0.4},{"type":"A","date":"2018-05-03T03:21:50.000Z","volume":40000,"label":" ","price":0.4},{"type":"A","date":"2018-05-03T03:22:28.000Z","volume":100000,"label":" ","price":0.405},{"type":"A","date":"2018-05-03T03:22:28.000Z","volume":318000,"label":" ","price":0.405},{"type":"B","date":"2018-05-03T03:22:30.000Z","volume":82000,"label":" ","price":0.405},{"type":"A","date":"2018-05-03T03:22:33.000Z","volume":150000,"label":" ","price":0.405},{"type":"A","date":"2018-05-03T03:22:33.000Z","volume":10000,"label":" ","price":0.405},{"type":"A","date":"2018-05-03T03:22:38.000Z","volume":2000,"label":" ","price":0.41},{"type":"A","date":"2018-05-03T03:23:08.000Z","volume":20000,"label":" ","price":0.41},{"type":"A","date":"2018-05-03T03:23:27.000Z","volume":130000,"label":" ","price":0.41},{"type":"B","date":"2018-05-03T03:23:47.000Z","volume":70000,"label":" ","price":0.405},{"type":"B","date":"2018-05-03T03:23:51.000Z","volume":2000,"label":" ","price":0.4},{"type":"A","date":"2018-05-03T03:24:08.000Z","volume":12000,"label":" ","price":0.405},{"type":"B","date":"2018-05-03T03:24:26.000Z","volume":200000,"label":" ","price":0.4},{"type":"B","date":"2018-05-03T03:24:27.000Z","volume":56000,"label":" ","price":0.4},{"type":"A","date":"2018-05-03T03:24:31.000Z","volume":10000,"label":" ","price":0.4},{"type":"B","date":"2018-05-03T03:24:38.000Z","volume":6000,"label":" ","price":0.395},{"type":"A","date":"2018-05-03T03:24:44.000Z","volume":50000,"label":" ","price":0.395},{"type":"A","date":"2018-05-03T03:24:44.000Z","volume":44000,"label":" ","price":0.395},{"type":"A","date":"2018-05-03T03:25:04.000Z","volume":54000,"label":" ","price":0.4},{"type":"A","date":"2018-05-03T03:26:15.000Z","volume":20000,"label":" ","price":0.4},{"type":"A","date":"2018-05-03T03:26:26.000Z","volume":300000,"label":" ","price":0.4},{"type":"A","date":"2018-05-03T03:26:29.000Z","volume":20000,"label":" ","price":0.4},{"type":"A","date":"2018-05-03T03:26:32.000Z","volume":98000,"label":" ","price":0.4},{"type":"A","date":"2018-05-03T03:26:48.000Z","volume":50000,"label":" ","price":0.4},{"type":"B","date":"2018-05-03T03:28:00.000Z","volume":100000,"label":" ","price":0.4},{"type":"B","date":"2018-05-03T03:35:01.000Z","volume":24000,"label":" ","price":0.4},{"type":"B","date":"2018-05-03T03:35:03.000Z","volume":100000,"label":" ","price":0.4},{"type":"B","date":"2018-05-03T03:35:08.000Z","volume":136000,"label":" ","price":0.4},{"type":"B","date":"2018-05-03T03:41:42.000Z","volume":100000,"label":" ","price":0.395},{"type":"B","date":"2018-05-03T03:41:56.000Z","volume":8000,"label":" ","price":0.395},{"type":"B","date":"2018-05-03T03:43:30.000Z","volume":2000,"label":" ","price":0.395},{"type":"B","date":"2018-05-03T03:47:46.000Z","volume":10000,"label":" ","price":0.395},{"type":"A","date":"2018-05-03T03:48:13.000Z","volume":16000,"label":" ","price":0.395},{"type":"A","date":"2018-05-03T03:48:31.000Z","volume":8000,"label":" ","price":0.395},{"type":"A","date":"2018-05-03T03:50:39.000Z","volume":10000,"label":" ","price":0.395},{"type":"A","date":"2018-05-03T03:58:20.000Z","volume":2000,"label":" ","price":0.395},{"type":"B","date":"2018-05-03T05:07:59.000Z","volume":10000,"label":" ","price":0.39},{"type":"B","date":"2018-05-03T05:10:55.000Z","volume":192000,"label":" ","price":0.39},{"type":"B","date":"2018-05-03T05:59:05.000Z","volume":190000,"label":" ","price":0.39},{"type":"A","date":"2018-05-03T05:59:12.000Z","volume":20000,"label":" ","price":0.39},{"type":"A","date":"2018-05-03T05:59:40.000Z","volume":140000,"label":" ","price":0.39},{"type":"A","date":"2018-05-03T06:04:20.000Z","volume":20000,"label":" ","price":0.39},{"type":"A","date":"2018-05-03T06:06:39.000Z","volume":20000,"label":" ","price":0.39},{"type":"A","date":"2018-05-03T06:07:25.000Z","volume":100000,"label":" ","price":0.39},{"type":"A","date":"2018-05-03T06:07:25.000Z","volume":110000,"label":" ","price":0.39},{"type":"B","date":"2018-05-03T06:15:18.000Z","volume":500000,"label":" ","price":0.385},{"type":"B","date":"2018-05-03T06:33:33.000Z","volume":442000,"label":" ","price":0.385},{"type":"B","date":"2018-05-03T06:33:33.000Z","volume":1358000,"label":" ","price":0.38},{"type":"B","date":"2018-05-03T06:33:49.000Z","volume":100000,"label":" ","price":0.38},{"type":"B","date":"2018-05-03T06:38:51.000Z","volume":10000,"label":" ","price":0.38},{"type":"B","date":"2018-05-03T06:45:40.000Z","volume":290000,"label":" ","price":0.38},{"type":"A","date":"2018-05-03T06:45:47.000Z","volume":100000,"label":" ","price":0.385},{"type":"A","date":"2018-05-03T06:46:12.000Z","volume":56000,"label":" ","price":0.385},{"type":"A","date":"2018-05-03T06:49:05.000Z","volume":6000,"label":" ","price":0.385},{"type":"A","date":"2018-05-03T06:49:32.000Z","volume":100000,"label":" ","price":0.385},{"type":"A","date":"2018-05-03T06:52:20.000Z","volume":100000,"label":" ","price":0.385},{"type":"A","date":"2018-05-03T06:53:00.000Z","volume":80000,"label":" ","price":0.385},{"type":"A","date":"2018-05-03T06:53:05.000Z","volume":124000,"label":" ","price":0.385},{"type":"A","date":"2018-05-03T06:53:11.000Z","volume":100000,"label":" ","price":0.385},{"type":"A","date":"2018-05-03T06:53:11.000Z","volume":124000,"label":" ","price":0.385},{"type":"A","date":"2018-05-03T06:54:05.000Z","volume":100000,"label":" ","price":0.39},{"type":"A","date":"2018-05-03T06:56:04.000Z","volume":20000,"label":" ","price":0.395},{"type":"A","date":"2018-05-03T06:58:55.000Z","volume":10000,"label":" ","price":0.395},{"type":"A","date":"2018-05-03T06:59:01.000Z","volume":14000,"label":" ","price":0.395},{"type":"B","date":"2018-05-03T07:00:08.000Z","volume":100000,"label":" ","price":0.385},{"type":"A","date":"2018-05-03T07:00:13.000Z","volume":400000,"label":" ","price":0.395},{"type":"U","date":"2018-05-03T07:02:09.000Z","volume":1000,"label":"D","price":0.375},{"type":"B","date":"2018-05-03T07:03:04.000Z","volume":2000,"label":" ","price":0.39},{"type":"A","date":"2018-05-03T07:03:22.000Z","volume":100000,"label":" ","price":0.395},{"type":"A","date":"2018-05-03T07:04:39.000Z","volume":14000,"label":" ","price":0.395},{"type":"A","date":"2018-05-03T07:06:21.000Z","volume":40000,"label":" ","price":0.395},{"type":"A","date":"2018-05-03T07:09:50.000Z","volume":80000,"label":" ","price":0.395},{"type":"A","date":"2018-05-03T07:13:04.000Z","volume":56000,"label":" ","price":0.395},{"type":"B","date":"2018-05-03T07:13:28.000Z","volume":10000,"label":" ","price":0.39},{"type":"A","date":"2018-05-03T07:16:40.000Z","volume":100000,"label":" ","price":0.4},{"type":"B","date":"2018-05-03T07:16:48.000Z","volume":20000,"label":" ","price":0.39},{"type":"A","date":"2018-05-03T07:16:58.000Z","volume":10000,"label":" ","price":0.4},{"type":"A","date":"2018-05-03T07:17:40.000Z","volume":40000,"label":" ","price":0.4},{"type":"A","date":"2018-05-03T07:18:02.000Z","volume":4000,"label":" ","price":0.4},{"type":"A","date":"2018-05-03T07:20:42.000Z","volume":48000,"label":" ","price":0.4},{"type":"A","date":"2018-05-03T07:20:55.000Z","volume":228000,"label":" ","price":0.4},{"type":"A","date":"2018-05-03T07:21:10.000Z","volume":20000,"label":" ","price":0.4},{"type":"A","date":"2018-05-03T07:21:31.000Z","volume":2000,"label":" ","price":0.4},{"type":"A","date":"2018-05-03T07:22:08.000Z","volume":2000,"label":" ","price":0.4},{"type":"A","date":"2018-05-03T07:22:10.000Z","volume":2000,"label":" ","price":0.4},{"type":"B","date":"2018-05-03T07:22:41.000Z","volume":48000,"label":" ","price":0.395},{"type":"A","date":"2018-05-03T07:22:52.000Z","volume":118000,"label":" ","price":0.4},{"type":"B","date":"2018-05-03T07:22:52.000Z","volume":182000,"label":" ","price":0.4},{"type":"A","date":"2018-05-03T07:24:51.000Z","volume":50000,"label":" ","price":0.4},{"type":"A","date":"2018-05-03T07:26:11.000Z","volume":6000,"label":" ","price":0.4},{"type":"A","date":"2018-05-03T07:30:02.000Z","volume":50000,"label":" ","price":0.4},{"type":"A","date":"2018-05-03T07:32:20.000Z","volume":26000,"label":" ","price":0.4},{"type":"B","date":"2018-05-03T07:38:17.000Z","volume":200000,"label":" ","price":0.395},{"type":"A","date":"2018-05-03T07:38:27.000Z","volume":22000,"label":" ","price":0.4},{"type":"B","date":"2018-05-03T07:38:50.000Z","volume":120000,"label":" ","price":0.395},{"type":"B","date":"2018-05-03T07:50:36.000Z","volume":30000,"label":" ","price":0.395},{"type":"B","date":"2018-05-03T07:50:51.000Z","volume":20000,"label":" ","price":0.395},{"type":"B","date":"2018-05-03T07:52:21.000Z","volume":20000,"label":" ","price":0.395},{"type":"B","date":"2018-05-03T07:52:33.000Z","volume":132000,"label":" ","price":0.395},{"type":"A","date":"2018-05-03T07:53:22.000Z","volume":86000,"label":" ","price":0.395},{"type":"B","date":"2018-05-03T07:56:56.000Z","volume":30000,"label":" ","price":0.395},{"type":"A","date":"2018-05-03T07:59:45.000Z","volume":14000,"label":" ","price":0.4},{"type":"B","date":"2018-05-03T07:59:50.000Z","volume":30000,"label":" ","price":0.395}]