[{"type":"U","date":"2018-03-20T01:20:00.000Z","volume":120000,"label":"U","price":1.86},{"type":"B","date":"2018-03-20T01:30:00.000Z","volume":20000,"label":" ","price":1.86},{"type":"B","date":"2018-03-20T01:30:00.000Z","volume":60000,"label":" ","price":1.86},{"type":"A","date":"2018-03-20T01:30:00.000Z","volume":6000,"label":" ","price":1.88},{"type":"A","date":"2018-03-20T01:30:00.000Z","volume":2000,"label":" ","price":1.88},{"type":"B","date":"2018-03-20T01:30:00.000Z","volume":12000,"label":" ","price":1.87},{"type":"B","date":"2018-03-20T01:30:00.000Z","volume":26000,"label":" ","price":1.87},{"type":"B","date":"2018-03-20T01:30:01.000Z","volume":2000,"label":" ","price":1.87},{"type":"B","date":"2018-03-20T01:30:02.000Z","volume":326000,"label":" ","price":1.87},{"type":"B","date":"2018-03-20T01:30:02.000Z","volume":8000,"label":" ","price":1.87},{"type":"A","date":"2018-03-20T01:30:02.000Z","volume":758000,"label":" ","price":1.87},{"type":"A","date":"2018-03-20T01:30:04.000Z","volume":2000,"label":" ","price":1.88},{"type":"B","date":"2018-03-20T01:30:08.000Z","volume":20000,"label":" ","price":1.87},{"type":"B","date":"2018-03-20T01:30:17.000Z","volume":2000,"label":" ","price":1.87},{"type":"B","date":"2018-03-20T01:30:28.000Z","volume":60000,"label":" ","price":1.87},{"type":"B","date":"2018-03-20T01:30:29.000Z","volume":20000,"label":" ","price":1.87},{"type":"B","date":"2018-03-20T01:30:32.000Z","volume":20000,"label":" ","price":1.87},{"type":"B","date":"2018-03-20T01:30:36.000Z","volume":20000,"label":" ","price":1.87},{"type":"B","date":"2018-03-20T01:30:38.000Z","volume":2000,"label":" ","price":1.87},{"type":"B","date":"2018-03-20T01:30:41.000Z","volume":10000,"label":" ","price":1.87},{"type":"B","date":"2018-03-20T01:31:01.000Z","volume":2000,"label":" ","price":1.87},{"type":"B","date":"2018-03-20T01:31:03.000Z","volume":30000,"label":" ","price":1.87},{"type":"B","date":"2018-03-20T01:31:21.000Z","volume":2000,"label":" ","price":1.87},{"type":"B","date":"2018-03-20T01:31:21.000Z","volume":8000,"label":"Y","price":1.87},{"type":"B","date":"2018-03-20T01:31:21.000Z","volume":302000,"label":" ","price":1.87},{"type":"A","date":"2018-03-20T01:31:32.000Z","volume":100000,"label":" ","price":1.87},{"type":"A","date":"2018-03-20T01:31:35.000Z","volume":22000,"label":" ","price":1.87},{"type":"A","date":"2018-03-20T01:31:37.000Z","volume":20000,"label":" ","price":1.87},{"type":"A","date":"2018-03-20T01:31:38.000Z","volume":10000,"label":" ","price":1.87},{"type":"B","date":"2018-03-20T01:32:03.000Z","volume":2000,"label":" ","price":1.86},{"type":"B","date":"2018-03-20T01:32:03.000Z","volume":20000,"label":" ","price":1.86},{"type":"A","date":"2018-03-20T01:32:05.000Z","volume":250000,"label":" ","price":1.87},{"type":"B","date":"2018-03-20T01:32:05.000Z","volume":2000,"label":" ","price":1.87},{"type":"B","date":"2018-03-20T01:32:05.000Z","volume":4000,"label":" ","price":1.87},{"type":"B","date":"2018-03-20T01:32:05.000Z","volume":6000,"label":"Y","price":1.87},{"type":"B","date":"2018-03-20T01:32:10.000Z","volume":22000,"label":" ","price":1.87},{"type":"B","date":"2018-03-20T01:32:14.000Z","volume":20000,"label":" ","price":1.87},{"type":"B","date":"2018-03-20T01:32:14.000Z","volume":2000,"label":" ","price":1.87},{"type":"B","date":"2018-03-20T01:32:46.000Z","volume":12000,"label":" ","price":1.87},{"type":"B","date":"2018-03-20T01:32:54.000Z","volume":2000,"label":" ","price":1.87},{"type":"B","date":"2018-03-20T01:33:16.000Z","volume":16000,"label":" ","price":1.87},{"type":"B","date":"2018-03-20T01:33:16.000Z","volume":50000,"label":" ","price":1.87},{"type":"B","date":"2018-03-20T01:33:18.000Z","volume":2000,"label":" ","price":1.87},{"type":"B","date":"2018-03-20T01:33:24.000Z","volume":10000,"label":" ","price":1.87},{"type":"B","date":"2018-03-20T01:33:30.000Z","volume":208000,"label":" ","price":1.87},{"type":"B","date":"2018-03-20T01:33:30.000Z","volume":14000,"label":" ","price":1.87},{"type":"A","date":"2018-03-20T01:33:43.000Z","volume":4000,"label":" ","price":1.87},{"type":"U","date":"2018-03-20T01:33:49.000Z","volume":2000,"label":"X","price":1.86},{"type":"B","date":"2018-03-20T01:33:49.000Z","volume":36000,"label":" ","price":1.86},{"type":"U","date":"2018-03-20T01:33:49.000Z","volume":2000,"label":"X","price":1.86},{"type":"B","date":"2018-03-20T01:34:03.000Z","volume":2000,"label":" ","price":1.86},{"type":"B","date":"2018-03-20T01:34:11.000Z","volume":4000,"label":" ","price":1.86},{"type":"B","date":"2018-03-20T01:34:24.000Z","volume":2000,"label":" ","price":1.86},{"type":"B","date":"2018-03-20T01:34:46.000Z","volume":2000,"label":" ","price":1.86},{"type":"U","date":"2018-03-20T01:34:57.000Z","volume":1307,"label":"D","price":1.84},{"type":"B","date":"2018-03-20T01:35:00.000Z","volume":20000,"label":" ","price":1.86},{"type":"B","date":"2018-03-20T01:35:06.000Z","volume":2000,"label":" ","price":1.86},{"type":"B","date":"2018-03-20T01:35:24.000Z","volume":20000,"label":" ","price":1.86},{"type":"A","date":"2018-03-20T01:35:36.000Z","volume":20000,"label":" ","price":1.87},{"type":"B","date":"2018-03-20T01:35:39.000Z","volume":2000,"label":" ","price":1.86},{"type":"B","date":"2018-03-20T01:35:46.000Z","volume":100000,"label":" ","price":1.86},{"type":"B","date":"2018-03-20T01:36:00.000Z","volume":2000,"label":" ","price":1.86},{"type":"B","date":"2018-03-20T01:36:21.000Z","volume":2000,"label":" ","price":1.86},{"type":"B","date":"2018-03-20T01:36:44.000Z","volume":2000,"label":" ","price":1.86},{"type":"B","date":"2018-03-20T01:36:46.000Z","volume":50000,"label":" ","price":1.86},{"type":"B","date":"2018-03-20T01:37:04.000Z","volume":2000,"label":" ","price":1.86},{"type":"A","date":"2018-03-20T01:37:08.000Z","volume":10000,"label":" ","price":1.87},{"type":"B","date":"2018-03-20T01:37:18.000Z","volume":14000,"label":" ","price":1.86},{"type":"B","date":"2018-03-20T01:37:25.000Z","volume":2000,"label":" ","price":1.86},{"type":"B","date":"2018-03-20T01:37:25.000Z","volume":100000,"label":" ","price":1.86},{"type":"B","date":"2018-03-20T01:37:40.000Z","volume":10000,"label":" ","price":1.86},{"type":"B","date":"2018-03-20T01:37:41.000Z","volume":40000,"label":" ","price":1.86},{"type":"B","date":"2018-03-20T01:37:45.000Z","volume":2000,"label":" ","price":1.86},{"type":"B","date":"2018-03-20T01:37:47.000Z","volume":20000,"label":" ","price":1.86},{"type":"B","date":"2018-03-20T01:37:52.000Z","volume":50000,"label":" ","price":1.86},{"type":"U","date":"2018-03-20T01:38:03.000Z","volume":1300,"label":"D","price":1.83},{"type":"B","date":"2018-03-20T01:38:04.000Z","volume":2000,"label":" ","price":1.86},{"type":"U","date":"2018-03-20T01:38:12.000Z","volume":1960,"label":"D","price":1.82},{"type":"B","date":"2018-03-20T01:38:15.000Z","volume":2000,"label":" ","price":1.86},{"type":"B","date":"2018-03-20T01:38:25.000Z","volume":2000,"label":" ","price":1.86},{"type":"B","date":"2018-03-20T01:38:41.000Z","volume":300000,"label":" ","price":1.86},{"type":"B","date":"2018-03-20T01:38:43.000Z","volume":10000,"label":" ","price":1.86},{"type":"B","date":"2018-03-20T01:38:49.000Z","volume":2000,"label":" ","price":1.86},{"type":"B","date":"2018-03-20T01:39:09.000Z","volume":2000,"label":" ","price":1.86},{"type":"B","date":"2018-03-20T01:39:31.000Z","volume":2000,"label":" ","price":1.86},{"type":"A","date":"2018-03-20T01:39:39.000Z","volume":12000,"label":" ","price":1.87},{"type":"B","date":"2018-03-20T01:39:50.000Z","volume":30000,"label":" ","price":1.86},{"type":"B","date":"2018-03-20T01:39:51.000Z","volume":2000,"label":" ","price":1.86},{"type":"B","date":"2018-03-20T01:40:19.000Z","volume":50000,"label":" ","price":1.86},{"type":"B","date":"2018-03-20T01:40:20.000Z","volume":2000,"label":" ","price":1.86},{"type":"B","date":"2018-03-20T01:40:21.000Z","volume":2000,"label":" ","price":1.86},{"type":"B","date":"2018-03-20T01:40:28.000Z","volume":100000,"label":" ","price":1.86},{"type":"B","date":"2018-03-20T01:40:29.000Z","volume":10000,"label":" ","price":1.86},{"type":"B","date":"2018-03-20T01:40:39.000Z","volume":492000,"label":" ","price":1.86},{"type":"B","date":"2018-03-20T01:40:39.000Z","volume":2000,"label":" ","price":1.86},{"type":"B","date":"2018-03-20T01:40:39.000Z","volume":2000,"label":" ","price":1.86},{"type":"B","date":"2018-03-20T01:40:48.000Z","volume":50000,"label":" ","price":1.86},{"type":"B","date":"2018-03-20T01:41:02.000Z","volume":60000,"label":" ","price":1.86},{"type":"B","date":"2018-03-20T01:41:22.000Z","volume":6000,"label":" ","price":1.86},{"type":"B","date":"2018-03-20T01:41:39.000Z","volume":10000,"label":" ","price":1.86},{"type":"B","date":"2018-03-20T01:41:41.000Z","volume":8000,"label":" ","price":1.86},{"type":"B","date":"2018-03-20T01:41:43.000Z","volume":22000,"label":" ","price":1.86},{"type":"B","date":"2018-03-20T01:41:47.000Z","volume":22000,"label":" ","price":1.86},{"type":"B","date":"2018-03-20T01:41:48.000Z","volume":2000,"label":" ","price":1.86},{"type":"B","date":"2018-03-20T01:42:17.000Z","volume":2000,"label":" ","price":1.86},{"type":"B","date":"2018-03-20T01:42:23.000Z","volume":2000,"label":" ","price":1.86},{"type":"B","date":"2018-03-20T01:42:24.000Z","volume":32000,"label":"Y","price":1.86},{"type":"B","date":"2018-03-20T01:42:24.000Z","volume":18000,"label":" ","price":1.86},{"type":"B","date":"2018-03-20T01:42:30.000Z","volume":2000,"label":" ","price":1.86},{"type":"B","date":"2018-03-20T01:42:54.000Z","volume":10000,"label":" ","price":1.86},{"type":"A","date":"2018-03-20T01:42:56.000Z","volume":48000,"label":" ","price":1.87},{"type":"U","date":"2018-03-20T01:43:23.000Z","volume":1208,"label":"D","price":1.83},{"type":"B","date":"2018-03-20T01:44:09.000Z","volume":6000,"label":" ","price":1.86},{"type":"B","date":"2018-03-20T01:44:09.000Z","volume":24000,"label":" ","price":1.86},{"type":"U","date":"2018-03-20T01:44:12.000Z","volume":2000,"label":"X","price":1.865},{"type":"U","date":"2018-03-20T01:44:12.000Z","volume":2000,"label":"X","price":1.865},{"type":"U","date":"2018-03-20T01:44:12.000Z","volume":2000,"label":"X","price":1.865},{"type":"A","date":"2018-03-20T01:44:28.000Z","volume":12000,"label":" ","price":1.87},{"type":"B","date":"2018-03-20T01:46:06.000Z","volume":8000,"label":" ","price":1.86},{"type":"A","date":"2018-03-20T01:47:00.000Z","volume":10000,"label":" ","price":1.87},{"type":"B","date":"2018-03-20T01:47:26.000Z","volume":2000,"label":" ","price":1.86},{"type":"B","date":"2018-03-20T01:48:02.000Z","volume":6000,"label":" ","price":1.86},{"type":"A","date":"2018-03-20T01:49:22.000Z","volume":10000,"label":" ","price":1.87},{"type":"A","date":"2018-03-20T01:50:08.000Z","volume":2000,"label":" ","price":1.87},{"type":"B","date":"2018-03-20T01:50:19.000Z","volume":10000,"label":" ","price":1.86},{"type":"A","date":"2018-03-20T01:50:30.000Z","volume":4000,"label":" ","price":1.87},{"type":"A","date":"2018-03-20T01:50:52.000Z","volume":4000,"label":" ","price":1.87},{"type":"A","date":"2018-03-20T01:51:14.000Z","volume":4000,"label":" ","price":1.87},{"type":"B","date":"2018-03-20T01:51:37.000Z","volume":432000,"label":" ","price":1.86},{"type":"A","date":"2018-03-20T01:51:44.000Z","volume":12000,"label":" ","price":1.87},{"type":"A","date":"2018-03-20T01:53:49.000Z","volume":2000,"label":" ","price":1.87},{"type":"A","date":"2018-03-20T01:53:59.000Z","volume":12000,"label":" ","price":1.87},{"type":"A","date":"2018-03-20T01:54:06.000Z","volume":10000,"label":" ","price":1.87},{"type":"U","date":"2018-03-20T01:54:07.000Z","volume":250,"label":"D","price":1.83},{"type":"U","date":"2018-03-20T01:54:35.000Z","volume":4000,"label":"X","price":1.861},{"type":"A","date":"2018-03-20T01:54:43.000Z","volume":2000,"label":" ","price":1.87},{"type":"B","date":"2018-03-20T01:55:00.000Z","volume":20000,"label":" ","price":1.86},{"type":"A","date":"2018-03-20T01:55:42.000Z","volume":2000,"label":" ","price":1.87},{"type":"A","date":"2018-03-20T01:56:00.000Z","volume":4000,"label":" ","price":1.87},{"type":"A","date":"2018-03-20T01:56:20.000Z","volume":4000,"label":" ","price":1.87},{"type":"A","date":"2018-03-20T01:56:28.000Z","volume":10000,"label":" ","price":1.87},{"type":"B","date":"2018-03-20T01:56:30.000Z","volume":18000,"label":" ","price":1.86},{"type":"A","date":"2018-03-20T01:56:34.000Z","volume":50000,"label":" ","price":1.87},{"type":"A","date":"2018-03-20T01:56:40.000Z","volume":4000,"label":" ","price":1.87},{"type":"A","date":"2018-03-20T01:57:00.000Z","volume":4000,"label":" ","price":1.87},{"type":"B","date":"2018-03-20T01:57:02.000Z","volume":14000,"label":" ","price":1.86},{"type":"A","date":"2018-03-20T01:57:11.000Z","volume":2000,"label":" ","price":1.87},{"type":"A","date":"2018-03-20T01:57:22.000Z","volume":4000,"label":" ","price":1.87},{"type":"A","date":"2018-03-20T01:57:34.000Z","volume":4000,"label":" ","price":1.87},{"type":"A","date":"2018-03-20T01:57:46.000Z","volume":6000,"label":" ","price":1.87},{"type":"A","date":"2018-03-20T01:57:52.000Z","volume":16000,"label":" ","price":1.87},{"type":"A","date":"2018-03-20T01:57:58.000Z","volume":4000,"label":" ","price":1.87},{"type":"A","date":"2018-03-20T01:58:16.000Z","volume":4000,"label":" ","price":1.87},{"type":"A","date":"2018-03-20T01:58:33.000Z","volume":4000,"label":" ","price":1.87},{"type":"A","date":"2018-03-20T01:58:50.000Z","volume":14000,"label":" ","price":1.87},{"type":"B","date":"2018-03-20T01:58:50.000Z","volume":2000,"label":"Y","price":1.86},{"type":"B","date":"2018-03-20T01:58:50.000Z","volume":14000,"label":" ","price":1.86},{"type":"A","date":"2018-03-20T01:59:08.000Z","volume":26000,"label":" ","price":1.87},{"type":"U","date":"2018-03-20T01:59:36.000Z","volume":42000,"label":"X","price":1.87},{"type":"U","date":"2018-03-20T01:59:36.000Z","volume":6000,"label":"X","price":1.87},{"type":"A","date":"2018-03-20T01:59:36.000Z","volume":70000,"label":" ","price":1.87},{"type":"B","date":"2018-03-20T01:59:38.000Z","volume":26000,"label":" ","price":1.86},{"type":"B","date":"2018-03-20T02:01:25.000Z","volume":8000,"label":" ","price":1.86},{"type":"A","date":"2018-03-20T02:01:52.000Z","volume":76000,"label":" ","price":1.87},{"type":"B","date":"2018-03-20T02:01:54.000Z","volume":22000,"label":" ","price":1.86},{"type":"B","date":"2018-03-20T02:02:14.000Z","volume":40000,"label":" ","price":1.86},{"type":"B","date":"2018-03-20T02:02:15.000Z","volume":10000,"label":" ","price":1.86},{"type":"A","date":"2018-03-20T02:02:57.000Z","volume":200000,"label":" ","price":1.87},{"type":"B","date":"2018-03-20T02:02:57.000Z","volume":20000,"label":" ","price":1.86},{"type":"B","date":"2018-03-20T02:02:59.000Z","volume":16000,"label":" ","price":1.86},{"type":"A","date":"2018-03-20T02:03:32.000Z","volume":2000,"label":" ","price":1.87},{"type":"A","date":"2018-03-20T02:03:32.000Z","volume":2000,"label":" ","price":1.87},{"type":"A","date":"2018-03-20T02:03:32.000Z","volume":2000,"label":" ","price":1.87},{"type":"B","date":"2018-03-20T02:03:34.000Z","volume":28000,"label":" ","price":1.86},{"type":"U","date":"2018-03-20T02:03:46.000Z","volume":2000,"label":"X","price":1.86},{"type":"A","date":"2018-03-20T02:03:46.000Z","volume":10000,"label":" ","price":1.87},{"type":"B","date":"2018-03-20T02:04:32.000Z","volume":100000,"label":" ","price":1.86},{"type":"U","date":"2018-03-20T02:04:32.000Z","volume":62000,"label":"X","price":1.87},{"type":"A","date":"2018-03-20T02:04:32.000Z","volume":6000,"label":" ","price":1.87},{"type":"B","date":"2018-03-20T02:04:34.000Z","volume":30000,"label":" ","price":1.86},{"type":"B","date":"2018-03-20T02:04:36.000Z","volume":100000,"label":" ","price":1.86},{"type":"B","date":"2018-03-20T02:04:38.000Z","volume":100000,"label":" ","price":1.86},{"type":"B","date":"2018-03-20T02:04:42.000Z","volume":100000,"label":" ","price":1.86},{"type":"B","date":"2018-03-20T02:04:42.000Z","volume":26000,"label":" ","price":1.86},{"type":"U","date":"2018-03-20T02:05:28.000Z","volume":2000,"label":"X","price":1.863},{"type":"U","date":"2018-03-20T02:05:28.000Z","volume":8000,"label":"X","price":1.863},{"type":"U","date":"2018-03-20T02:05:28.000Z","volume":2000,"label":"X","price":1.863},{"type":"B","date":"2018-03-20T02:05:29.000Z","volume":8000,"label":" ","price":1.86},{"type":"A","date":"2018-03-20T02:06:08.000Z","volume":10000,"label":" ","price":1.87},{"type":"B","date":"2018-03-20T02:06:08.000Z","volume":50000,"label":" ","price":1.86},{"type":"B","date":"2018-03-20T02:06:29.000Z","volume":2000,"label":" ","price":1.86},{"type":"B","date":"2018-03-20T02:06:29.000Z","volume":1106000,"label":" ","price":1.86},{"type":"B","date":"2018-03-20T02:06:29.000Z","volume":2000,"label":" ","price":1.86},{"type":"B","date":"2018-03-20T02:06:31.000Z","volume":180000,"label":" ","price":1.85},{"type":"B","date":"2018-03-20T02:06:32.000Z","volume":6000,"label":" ","price":1.85},{"type":"A","date":"2018-03-20T02:06:47.000Z","volume":20000,"label":" ","price":1.86},{"type":"A","date":"2018-03-20T02:06:47.000Z","volume":2000,"label":" ","price":1.86},{"type":"A","date":"2018-03-20T02:06:47.000Z","volume":2000,"label":" ","price":1.86},{"type":"A","date":"2018-03-20T02:07:17.000Z","volume":20000,"label":" ","price":1.86},{"type":"A","date":"2018-03-20T02:08:08.000Z","volume":30000,"label":" ","price":1.86},{"type":"A","date":"2018-03-20T02:08:49.000Z","volume":10000,"label":" ","price":1.86},{"type":"A","date":"2018-03-20T02:10:51.000Z","volume":10000,"label":" ","price":1.86},{"type":"A","date":"2018-03-20T02:13:27.000Z","volume":12000,"label":" ","price":1.86},{"type":"U","date":"2018-03-20T02:14:23.000Z","volume":2000,"label":"X","price":1.85},{"type":"A","date":"2018-03-20T02:15:20.000Z","volume":10000,"label":" ","price":1.86},{"type":"U","date":"2018-03-20T02:15:28.000Z","volume":2000,"label":"X","price":1.859},{"type":"B","date":"2018-03-20T02:16:52.000Z","volume":10000,"label":" ","price":1.85},{"type":"B","date":"2018-03-20T02:18:10.000Z","volume":20000,"label":" ","price":1.85},{"type":"A","date":"2018-03-20T02:18:14.000Z","volume":10000,"label":" ","price":1.86},{"type":"B","date":"2018-03-20T02:19:27.000Z","volume":2000,"label":" ","price":1.85},{"type":"B","date":"2018-03-20T02:20:05.000Z","volume":40000,"label":" ","price":1.85},{"type":"B","date":"2018-03-20T02:20:18.000Z","volume":40000,"label":" ","price":1.85},{"type":"A","date":"2018-03-20T02:20:19.000Z","volume":14000,"label":" ","price":1.86},{"type":"B","date":"2018-03-20T02:20:19.000Z","volume":2000,"label":" ","price":1.85},{"type":"A","date":"2018-03-20T02:20:36.000Z","volume":14000,"label":" ","price":1.86},{"type":"U","date":"2018-03-20T02:20:36.000Z","volume":2000,"label":"X","price":1.853},{"type":"U","date":"2018-03-20T02:20:36.000Z","volume":6000,"label":"X","price":1.853},{"type":"B","date":"2018-03-20T02:20:39.000Z","volume":2000,"label":" ","price":1.85},{"type":"U","date":"2018-03-20T02:21:06.000Z","volume":2000,"label":"X","price":1.86},{"type":"U","date":"2018-03-20T02:21:08.000Z","volume":1270,"label":"D","price":1.81},{"type":"B","date":"2018-03-20T02:21:16.000Z","volume":30000,"label":" ","price":1.85},{"type":"B","date":"2018-03-20T02:21:18.000Z","volume":20000,"label":" ","price":1.85},{"type":"B","date":"2018-03-20T02:21:19.000Z","volume":2000,"label":" ","price":1.85},{"type":"B","date":"2018-03-20T02:21:19.000Z","volume":2000,"label":" ","price":1.85},{"type":"B","date":"2018-03-20T02:22:20.000Z","volume":20000,"label":" ","price":1.85},{"type":"B","date":"2018-03-20T02:22:22.000Z","volume":10000,"label":" ","price":1.85},{"type":"A","date":"2018-03-20T02:22:30.000Z","volume":10000,"label":" ","price":1.86},{"type":"B","date":"2018-03-20T02:22:39.000Z","volume":2000,"label":" ","price":1.85},{"type":"A","date":"2018-03-20T02:24:19.000Z","volume":20000,"label":" ","price":1.86},{"type":"A","date":"2018-03-20T02:24:21.000Z","volume":8000,"label":" ","price":1.86},{"type":"B","date":"2018-03-20T02:24:22.000Z","volume":16000,"label":" ","price":1.85},{"type":"B","date":"2018-03-20T02:24:24.000Z","volume":2000,"label":" ","price":1.85},{"type":"B","date":"2018-03-20T02:25:12.000Z","volume":20000,"label":" ","price":1.85},{"type":"A","date":"2018-03-20T02:25:14.000Z","volume":12000,"label":" ","price":1.86},{"type":"U","date":"2018-03-20T02:26:27.000Z","volume":48000,"label":"X","price":1.86},{"type":"A","date":"2018-03-20T02:26:27.000Z","volume":36000,"label":" ","price":1.86},{"type":"B","date":"2018-03-20T02:26:39.000Z","volume":2000,"label":" ","price":1.85},{"type":"B","date":"2018-03-20T02:26:51.000Z","volume":6000,"label":" ","price":1.85},{"type":"B","date":"2018-03-20T02:27:32.000Z","volume":4000,"label":"Y","price":1.85},{"type":"B","date":"2018-03-20T02:27:32.000Z","volume":6000,"label":" ","price":1.85},{"type":"A","date":"2018-03-20T02:27:34.000Z","volume":8000,"label":" ","price":1.86},{"type":"B","date":"2018-03-20T02:27:39.000Z","volume":2000,"label":" ","price":1.85},{"type":"A","date":"2018-03-20T02:27:42.000Z","volume":12000,"label":" ","price":1.86},{"type":"B","date":"2018-03-20T02:27:48.000Z","volume":1600000,"label":" ","price":1.85},{"type":"B","date":"2018-03-20T02:27:48.000Z","volume":170000,"label":" ","price":1.85},{"type":"B","date":"2018-03-20T02:27:48.000Z","volume":64000,"label":" ","price":1.85},{"type":"A","date":"2018-03-20T02:27:48.000Z","volume":42000,"label":" ","price":1.85},{"type":"A","date":"2018-03-20T02:27:48.000Z","volume":2000,"label":" ","price":1.85},{"type":"A","date":"2018-03-20T02:27:48.000Z","volume":8000,"label":" ","price":1.85},{"type":"A","date":"2018-03-20T02:27:48.000Z","volume":2000,"label":" ","price":1.85},{"type":"A","date":"2018-03-20T02:27:48.000Z","volume":2000,"label":" ","price":1.85},{"type":"A","date":"2018-03-20T02:27:48.000Z","volume":2000,"label":" ","price":1.85},{"type":"A","date":"2018-03-20T02:27:48.000Z","volume":4000,"label":" ","price":1.85},{"type":"A","date":"2018-03-20T02:27:48.000Z","volume":2000,"label":" ","price":1.85},{"type":"A","date":"2018-03-20T02:27:48.000Z","volume":8000,"label":" ","price":1.85},{"type":"B","date":"2018-03-20T02:27:48.000Z","volume":2000,"label":" ","price":1.85},{"type":"B","date":"2018-03-20T02:27:49.000Z","volume":20000,"label":" ","price":1.85},{"type":"B","date":"2018-03-20T02:27:49.000Z","volume":114000,"label":" ","price":1.85},{"type":"B","date":"2018-03-20T02:27:49.000Z","volume":50000,"label":" ","price":1.84},{"type":"A","date":"2018-03-20T02:28:02.000Z","volume":2000,"label":" ","price":1.85},{"type":"A","date":"2018-03-20T02:28:02.000Z","volume":2000,"label":" ","price":1.85},{"type":"A","date":"2018-03-20T02:28:02.000Z","volume":16000,"label":" ","price":1.85},{"type":"A","date":"2018-03-20T02:29:04.000Z","volume":44000,"label":" ","price":1.85},{"type":"A","date":"2018-03-20T02:29:09.000Z","volume":6000,"label":" ","price":1.85},{"type":"U","date":"2018-03-20T02:29:09.000Z","volume":6000,"label":"X","price":1.85},{"type":"A","date":"2018-03-20T02:29:52.000Z","volume":4000,"label":" ","price":1.85},{"type":"B","date":"2018-03-20T02:30:05.000Z","volume":8000,"label":" ","price":1.84},{"type":"U","date":"2018-03-20T02:30:36.000Z","volume":2000,"label":"X","price":1.85},{"type":"A","date":"2018-03-20T02:31:06.000Z","volume":20000,"label":" ","price":1.85},{"type":"A","date":"2018-03-20T02:33:41.000Z","volume":10000,"label":" ","price":1.85},{"type":"B","date":"2018-03-20T02:34:08.000Z","volume":2000,"label":" ","price":1.84},{"type":"A","date":"2018-03-20T02:35:48.000Z","volume":4000,"label":" ","price":1.85},{"type":"B","date":"2018-03-20T02:36:04.000Z","volume":10000,"label":" ","price":1.84},{"type":"B","date":"2018-03-20T02:36:12.000Z","volume":20000,"label":" ","price":1.84},{"type":"A","date":"2018-03-20T02:37:03.000Z","volume":10000,"label":" ","price":1.85},{"type":"B","date":"2018-03-20T02:37:38.000Z","volume":10000,"label":" ","price":1.84},{"type":"B","date":"2018-03-20T02:38:09.000Z","volume":8000,"label":" ","price":1.84},{"type":"B","date":"2018-03-20T02:38:57.000Z","volume":20000,"label":" ","price":1.84},{"type":"B","date":"2018-03-20T02:39:14.000Z","volume":20000,"label":" ","price":1.84},{"type":"B","date":"2018-03-20T02:39:40.000Z","volume":100000,"label":" ","price":1.84},{"type":"B","date":"2018-03-20T02:39:45.000Z","volume":50000,"label":" ","price":1.84},{"type":"B","date":"2018-03-20T02:40:00.000Z","volume":40000,"label":" ","price":1.84},{"type":"B","date":"2018-03-20T02:40:20.000Z","volume":60000,"label":" ","price":1.84},{"type":"B","date":"2018-03-20T02:40:25.000Z","volume":52000,"label":" ","price":1.84},{"type":"U","date":"2018-03-20T02:40:59.000Z","volume":2000,"label":"X","price":1.841},{"type":"U","date":"2018-03-20T02:41:07.000Z","volume":1230,"label":"D","price":1.79},{"type":"B","date":"2018-03-20T02:41:16.000Z","volume":8000,"label":" ","price":1.84},{"type":"B","date":"2018-03-20T02:41:20.000Z","volume":8000,"label":"Y","price":1.84},{"type":"B","date":"2018-03-20T02:41:20.000Z","volume":22000,"label":" ","price":1.84},{"type":"B","date":"2018-03-20T02:41:32.000Z","volume":2000,"label":"Y","price":1.84},{"type":"B","date":"2018-03-20T02:41:32.000Z","volume":8000,"label":" ","price":1.84},{"type":"B","date":"2018-03-20T02:41:32.000Z","volume":50000,"label":" ","price":1.84},{"type":"B","date":"2018-03-20T02:41:46.000Z","volume":100000,"label":" ","price":1.84},{"type":"B","date":"2018-03-20T02:41:46.000Z","volume":582000,"label":" ","price":1.84},{"type":"B","date":"2018-03-20T02:41:46.000Z","volume":50000,"label":" ","price":1.84},{"type":"B","date":"2018-03-20T02:41:47.000Z","volume":2000,"label":" ","price":1.84},{"type":"B","date":"2018-03-20T02:42:00.000Z","volume":10000,"label":" ","price":1.84},{"type":"B","date":"2018-03-20T02:42:20.000Z","volume":8000,"label":"Y","price":1.84},{"type":"B","date":"2018-03-20T02:42:20.000Z","volume":2000,"label":" ","price":1.84},{"type":"B","date":"2018-03-20T02:42:50.000Z","volume":56000,"label":" ","price":1.84},{"type":"B","date":"2018-03-20T02:43:01.000Z","volume":30000,"label":" ","price":1.84},{"type":"B","date":"2018-03-20T02:43:03.000Z","volume":122000,"label":" ","price":1.84},{"type":"B","date":"2018-03-20T02:43:06.000Z","volume":48000,"label":" ","price":1.84},{"type":"B","date":"2018-03-20T02:43:06.000Z","volume":8000,"label":" ","price":1.84},{"type":"B","date":"2018-03-20T02:43:08.000Z","volume":30000,"label":" ","price":1.84},{"type":"B","date":"2018-03-20T02:43:09.000Z","volume":30000,"label":" ","price":1.84},{"type":"B","date":"2018-03-20T02:43:10.000Z","volume":26000,"label":" ","price":1.84},{"type":"B","date":"2018-03-20T02:43:12.000Z","volume":16000,"label":" ","price":1.84},{"type":"B","date":"2018-03-20T02:43:15.000Z","volume":40000,"label":" ","price":1.84},{"type":"A","date":"2018-03-20T02:43:17.000Z","volume":2000,"label":" ","price":1.85},{"type":"B","date":"2018-03-20T02:43:21.000Z","volume":66000,"label":" ","price":1.84},{"type":"A","date":"2018-03-20T02:43:21.000Z","volume":16000,"label":" ","price":1.84},{"type":"A","date":"2018-03-20T02:43:21.000Z","volume":18000,"label":" ","price":1.84},{"type":"A","date":"2018-03-20T02:43:26.000Z","volume":10000,"label":" ","price":1.84},{"type":"A","date":"2018-03-20T02:43:27.000Z","volume":122000,"label":"Y","price":1.84},{"type":"A","date":"2018-03-20T02:43:35.000Z","volume":20000,"label":" ","price":1.84},{"type":"B","date":"2018-03-20T02:43:35.000Z","volume":100000,"label":" ","price":1.84},{"type":"B","date":"2018-03-20T02:43:50.000Z","volume":6000,"label":" ","price":1.84},{"type":"B","date":"2018-03-20T02:43:50.000Z","volume":2000,"label":" ","price":1.84},{"type":"A","date":"2018-03-20T02:43:59.000Z","volume":40000,"label":" ","price":1.84},{"type":"B","date":"2018-03-20T02:44:03.000Z","volume":54000,"label":" ","price":1.84},{"type":"B","date":"2018-03-20T02:44:03.000Z","volume":12000,"label":" ","price":1.84},{"type":"A","date":"2018-03-20T02:44:05.000Z","volume":6000,"label":" ","price":1.84},{"type":"B","date":"2018-03-20T02:44:14.000Z","volume":20000,"label":" ","price":1.83},{"type":"B","date":"2018-03-20T02:44:16.000Z","volume":2000,"label":" ","price":1.83},{"type":"U","date":"2018-03-20T02:44:35.000Z","volume":6000,"label":"X","price":1.84},{"type":"B","date":"2018-03-20T02:44:48.000Z","volume":30000,"label":" ","price":1.83},{"type":"B","date":"2018-03-20T02:44:52.000Z","volume":100000,"label":" ","price":1.83},{"type":"B","date":"2018-03-20T02:44:56.000Z","volume":20000,"label":" ","price":1.83},{"type":"B","date":"2018-03-20T02:44:59.000Z","volume":6000,"label":" ","price":1.83},{"type":"B","date":"2018-03-20T02:45:07.000Z","volume":10000,"label":" ","price":1.83},{"type":"B","date":"2018-03-20T02:45:16.000Z","volume":76000,"label":" ","price":1.83},{"type":"B","date":"2018-03-20T02:45:23.000Z","volume":30000,"label":"Y","price":1.83},{"type":"B","date":"2018-03-20T02:45:23.000Z","volume":170000,"label":" ","price":1.83},{"type":"B","date":"2018-03-20T02:45:26.000Z","volume":22000,"label":" ","price":1.83},{"type":"A","date":"2018-03-20T02:45:38.000Z","volume":1000000,"label":" ","price":1.84},{"type":"U","date":"2018-03-20T02:46:32.000Z","volume":1800,"label":"D","price":1.8},{"type":"A","date":"2018-03-20T02:46:43.000Z","volume":30000,"label":" ","price":1.84},{"type":"A","date":"2018-03-20T02:47:29.000Z","volume":16000,"label":"Y","price":1.84},{"type":"B","date":"2018-03-20T02:47:41.000Z","volume":2000,"label":" ","price":1.83},{"type":"U","date":"2018-03-20T02:48:09.000Z","volume":1320,"label":"D","price":1.78},{"type":"B","date":"2018-03-20T02:48:40.000Z","volume":2000,"label":"Y","price":1.83},{"type":"B","date":"2018-03-20T02:48:40.000Z","volume":198000,"label":" ","price":1.83},{"type":"B","date":"2018-03-20T02:48:43.000Z","volume":100000,"label":" ","price":1.83},{"type":"B","date":"2018-03-20T02:49:23.000Z","volume":10000,"label":" ","price":1.83},{"type":"B","date":"2018-03-20T02:49:34.000Z","volume":10000,"label":" ","price":1.83},{"type":"U","date":"2018-03-20T02:49:35.000Z","volume":2000,"label":"X","price":1.836},{"type":"U","date":"2018-03-20T02:49:35.000Z","volume":4000,"label":"X","price":1.836},{"type":"B","date":"2018-03-20T02:49:43.000Z","volume":50000,"label":" ","price":1.83},{"type":"B","date":"2018-03-20T02:49:44.000Z","volume":20000,"label":" ","price":1.83},{"type":"B","date":"2018-03-20T02:50:42.000Z","volume":10000,"label":" ","price":1.83},{"type":"B","date":"2018-03-20T02:51:20.000Z","volume":12000,"label":" ","price":1.83},{"type":"U","date":"2018-03-20T02:51:35.000Z","volume":2000,"label":"X","price":1.83},{"type":"B","date":"2018-03-20T02:52:20.000Z","volume":22000,"label":"Y","price":1.83},{"type":"B","date":"2018-03-20T02:52:20.000Z","volume":78000,"label":" ","price":1.83},{"type":"U","date":"2018-03-20T02:52:28.000Z","volume":2000,"label":"X","price":1.83},{"type":"U","date":"2018-03-20T02:52:44.000Z","volume":1307,"label":"D","price":1.8},{"type":"B","date":"2018-03-20T02:53:09.000Z","volume":2000,"label":" ","price":1.83},{"type":"A","date":"2018-03-20T02:53:19.000Z","volume":2000,"label":" ","price":1.84},{"type":"B","date":"2018-03-20T02:53:21.000Z","volume":20000,"label":" ","price":1.83},{"type":"B","date":"2018-03-20T02:53:21.000Z","volume":2000,"label":" ","price":1.83},{"type":"B","date":"2018-03-20T02:53:27.000Z","volume":10000,"label":" ","price":1.83},{"type":"B","date":"2018-03-20T02:54:11.000Z","volume":46000,"label":" ","price":1.83},{"type":"B","date":"2018-03-20T02:54:18.000Z","volume":100000,"label":" ","price":1.83},{"type":"B","date":"2018-03-20T02:54:42.000Z","volume":30000,"label":" ","price":1.83},{"type":"B","date":"2018-03-20T02:55:01.000Z","volume":8000,"label":" ","price":1.83},{"type":"U","date":"2018-03-20T02:55:29.000Z","volume":1980,"label":"D","price":1.79},{"type":"B","date":"2018-03-20T02:55:53.000Z","volume":350000,"label":" ","price":1.83},{"type":"B","date":"2018-03-20T02:56:29.000Z","volume":2000,"label":" ","price":1.83},{"type":"B","date":"2018-03-20T02:56:51.000Z","volume":6000,"label":" ","price":1.83},{"type":"B","date":"2018-03-20T02:56:55.000Z","volume":8000,"label":" ","price":1.83},{"type":"B","date":"2018-03-20T02:57:12.000Z","volume":20000,"label":" ","price":1.83},{"type":"B","date":"2018-03-20T02:57:49.000Z","volume":8000,"label":" ","price":1.83},{"type":"B","date":"2018-03-20T02:58:28.000Z","volume":2000,"label":" ","price":1.83},{"type":"B","date":"2018-03-20T02:58:46.000Z","volume":50000,"label":" ","price":1.83},{"type":"B","date":"2018-03-20T02:59:15.000Z","volume":12000,"label":" ","price":1.83},{"type":"B","date":"2018-03-20T02:59:50.000Z","volume":10000,"label":" ","price":1.83},{"type":"B","date":"2018-03-20T02:59:52.000Z","volume":50000,"label":" ","price":1.83},{"type":"B","date":"2018-03-20T03:00:11.000Z","volume":100000,"label":" ","price":1.83},{"type":"A","date":"2018-03-20T03:00:27.000Z","volume":10000,"label":" ","price":1.84},{"type":"A","date":"2018-03-20T03:00:53.000Z","volume":10000,"label":" ","price":1.84},{"type":"B","date":"2018-03-20T03:01:37.000Z","volume":16000,"label":" ","price":1.83},{"type":"A","date":"2018-03-20T03:02:02.000Z","volume":10000,"label":" ","price":1.84},{"type":"A","date":"2018-03-20T03:02:11.000Z","volume":100000,"label":" ","price":1.84},{"type":"B","date":"2018-03-20T03:02:14.000Z","volume":10000,"label":"Y","price":1.83},{"type":"B","date":"2018-03-20T03:02:14.000Z","volume":38000,"label":" ","price":1.83},{"type":"U","date":"2018-03-20T03:04:03.000Z","volume":2000,"label":"X","price":1.83},{"type":"B","date":"2018-03-20T03:04:21.000Z","volume":18000,"label":" ","price":1.83},{"type":"A","date":"2018-03-20T03:05:30.000Z","volume":2000,"label":" ","price":1.84},{"type":"A","date":"2018-03-20T03:06:37.000Z","volume":10000,"label":" ","price":1.84},{"type":"B","date":"2018-03-20T03:07:05.000Z","volume":2000,"label":"Y","price":1.83},{"type":"B","date":"2018-03-20T03:07:05.000Z","volume":18000,"label":" ","price":1.83},{"type":"U","date":"2018-03-20T03:08:25.000Z","volume":8000,"label":"X","price":1.832},{"type":"A","date":"2018-03-20T03:09:34.000Z","volume":10000,"label":" ","price":1.84},{"type":"A","date":"2018-03-20T03:10:04.000Z","volume":38000,"label":" ","price":1.84},{"type":"A","date":"2018-03-20T03:10:04.000Z","volume":52000,"label":" ","price":1.84},{"type":"B","date":"2018-03-20T03:10:13.000Z","volume":6000,"label":"Y","price":1.83},{"type":"B","date":"2018-03-20T03:10:13.000Z","volume":4000,"label":" ","price":1.83},{"type":"A","date":"2018-03-20T03:10:14.000Z","volume":34000,"label":" ","price":1.84},{"type":"A","date":"2018-03-20T03:10:14.000Z","volume":28000,"label":" ","price":1.84},{"type":"A","date":"2018-03-20T03:10:14.000Z","volume":40000,"label":" ","price":1.84},{"type":"A","date":"2018-03-20T03:10:17.000Z","volume":20000,"label":" ","price":1.84},{"type":"A","date":"2018-03-20T03:10:17.000Z","volume":20000,"label":" ","price":1.84},{"type":"A","date":"2018-03-20T03:10:17.000Z","volume":20000,"label":" ","price":1.84},{"type":"A","date":"2018-03-20T03:10:17.000Z","volume":12000,"label":" ","price":1.84},{"type":"A","date":"2018-03-20T03:10:17.000Z","volume":2000,"label":" ","price":1.84},{"type":"A","date":"2018-03-20T03:10:17.000Z","volume":2000,"label":" ","price":1.84},{"type":"A","date":"2018-03-20T03:10:17.000Z","volume":2000,"label":" ","price":1.84},{"type":"A","date":"2018-03-20T03:10:32.000Z","volume":2000,"label":" ","price":1.84},{"type":"A","date":"2018-03-20T03:11:27.000Z","volume":40000,"label":" ","price":1.84},{"type":"A","date":"2018-03-20T03:11:27.000Z","volume":132000,"label":" ","price":1.84},{"type":"A","date":"2018-03-20T03:11:27.000Z","volume":2000,"label":" ","price":1.84},{"type":"A","date":"2018-03-20T03:11:32.000Z","volume":198000,"label":" ","price":1.84},{"type":"A","date":"2018-03-20T03:11:32.000Z","volume":4000,"label":" ","price":1.84},{"type":"A","date":"2018-03-20T03:11:34.000Z","volume":4000,"label":" ","price":1.84},{"type":"A","date":"2018-03-20T03:11:55.000Z","volume":22000,"label":" ","price":1.84},{"type":"A","date":"2018-03-20T03:12:07.000Z","volume":12000,"label":" ","price":1.84},{"type":"U","date":"2018-03-20T03:12:28.000Z","volume":2000,"label":"X","price":1.84},{"type":"A","date":"2018-03-20T03:12:29.000Z","volume":46000,"label":" ","price":1.84},{"type":"A","date":"2018-03-20T03:12:29.000Z","volume":12000,"label":" ","price":1.84},{"type":"A","date":"2018-03-20T03:12:33.000Z","volume":38000,"label":" ","price":1.84},{"type":"U","date":"2018-03-20T03:13:04.000Z","volume":1327,"label":"D","price":1.8},{"type":"B","date":"2018-03-20T03:13:13.000Z","volume":2000,"label":" ","price":1.84},{"type":"B","date":"2018-03-20T03:13:40.000Z","volume":20000,"label":" ","price":1.84},{"type":"A","date":"2018-03-20T03:16:11.000Z","volume":14000,"label":" ","price":1.85},{"type":"A","date":"2018-03-20T03:18:52.000Z","volume":36000,"label":" ","price":1.85},{"type":"A","date":"2018-03-20T03:20:40.000Z","volume":4000,"label":" ","price":1.85},{"type":"B","date":"2018-03-20T03:21:21.000Z","volume":848000,"label":" ","price":1.84},{"type":"B","date":"2018-03-20T03:23:20.000Z","volume":8000,"label":" ","price":1.84},{"type":"B","date":"2018-03-20T03:23:38.000Z","volume":10000,"label":" ","price":1.84},{"type":"U","date":"2018-03-20T03:24:29.000Z","volume":2000,"label":"X","price":1.84},{"type":"U","date":"2018-03-20T03:24:29.000Z","volume":2000,"label":"X","price":1.84},{"type":"B","date":"2018-03-20T03:25:47.000Z","volume":100000,"label":" ","price":1.84},{"type":"A","date":"2018-03-20T03:25:58.000Z","volume":20000,"label":" ","price":1.85},{"type":"B","date":"2018-03-20T03:26:06.000Z","volume":200000,"label":" ","price":1.84},{"type":"B","date":"2018-03-20T03:26:30.000Z","volume":300000,"label":" ","price":1.84},{"type":"B","date":"2018-03-20T03:27:03.000Z","volume":72000,"label":" ","price":1.84},{"type":"A","date":"2018-03-20T03:28:42.000Z","volume":20000,"label":" ","price":1.85},{"type":"U","date":"2018-03-20T03:28:52.000Z","volume":1000,"label":"D","price":1.81},{"type":"B","date":"2018-03-20T03:29:34.000Z","volume":234000,"label":" ","price":1.84},{"type":"A","date":"2018-03-20T03:29:34.000Z","volume":50000,"label":" ","price":1.84},{"type":"A","date":"2018-03-20T03:29:38.000Z","volume":22000,"label":" ","price":1.84},{"type":"A","date":"2018-03-20T03:29:38.000Z","volume":6000,"label":" ","price":1.84},{"type":"A","date":"2018-03-20T03:29:39.000Z","volume":154000,"label":" ","price":1.84},{"type":"A","date":"2018-03-20T03:29:39.000Z","volume":42000,"label":" ","price":1.84},{"type":"B","date":"2018-03-20T03:30:38.000Z","volume":50000,"label":" ","price":1.84},{"type":"B","date":"2018-03-20T03:30:38.000Z","volume":50000,"label":" ","price":1.83},{"type":"B","date":"2018-03-20T03:30:44.000Z","volume":12000,"label":" ","price":1.84},{"type":"B","date":"2018-03-20T03:31:34.000Z","volume":30000,"label":" ","price":1.84},{"type":"B","date":"2018-03-20T03:32:08.000Z","volume":4000,"label":" ","price":1.84},{"type":"B","date":"2018-03-20T03:34:27.000Z","volume":2000,"label":" ","price":1.84},{"type":"B","date":"2018-03-20T03:35:37.000Z","volume":2000,"label":"Y","price":1.84},{"type":"B","date":"2018-03-20T03:35:37.000Z","volume":4000,"label":" ","price":1.84},{"type":"B","date":"2018-03-20T03:41:28.000Z","volume":10000,"label":" ","price":1.84},{"type":"B","date":"2018-03-20T03:42:04.000Z","volume":8000,"label":" ","price":1.84},{"type":"B","date":"2018-03-20T03:42:54.000Z","volume":12000,"label":" ","price":1.84},{"type":"A","date":"2018-03-20T03:43:51.000Z","volume":10000,"label":" ","price":1.85},{"type":"U","date":"2018-03-20T03:44:04.000Z","volume":2000,"label":"X","price":1.84},{"type":"B","date":"2018-03-20T03:44:34.000Z","volume":10000,"label":" ","price":1.84},{"type":"U","date":"2018-03-20T03:44:34.000Z","volume":2000,"label":"X","price":1.84},{"type":"A","date":"2018-03-20T03:45:49.000Z","volume":2000,"label":" ","price":1.85},{"type":"B","date":"2018-03-20T03:47:01.000Z","volume":2000,"label":" ","price":1.84},{"type":"B","date":"2018-03-20T03:48:27.000Z","volume":50000,"label":" ","price":1.84},{"type":"A","date":"2018-03-20T03:49:47.000Z","volume":2000,"label":" ","price":1.85},{"type":"A","date":"2018-03-20T03:50:19.000Z","volume":18000,"label":" ","price":1.85},{"type":"A","date":"2018-03-20T03:51:49.000Z","volume":34000,"label":" ","price":1.85},{"type":"A","date":"2018-03-20T03:52:02.000Z","volume":6000,"label":" ","price":1.85},{"type":"A","date":"2018-03-20T03:52:09.000Z","volume":12000,"label":" ","price":1.85},{"type":"U","date":"2018-03-20T03:53:16.000Z","volume":2000,"label":"X","price":1.845},{"type":"A","date":"2018-03-20T03:53:37.000Z","volume":4000,"label":" ","price":1.85},{"type":"A","date":"2018-03-20T03:53:47.000Z","volume":2000,"label":" ","price":1.85},{"type":"A","date":"2018-03-20T03:53:47.000Z","volume":12000,"label":" ","price":1.85},{"type":"A","date":"2018-03-20T03:54:22.000Z","volume":2000,"label":" ","price":1.85},{"type":"A","date":"2018-03-20T03:55:04.000Z","volume":10000,"label":" ","price":1.85},{"type":"A","date":"2018-03-20T03:55:49.000Z","volume":30000,"label":" ","price":1.85},{"type":"A","date":"2018-03-20T03:56:19.000Z","volume":14000,"label":" ","price":1.85},{"type":"A","date":"2018-03-20T03:57:52.000Z","volume":20000,"label":" ","price":1.85},{"type":"B","date":"2018-03-20T03:57:54.000Z","volume":2000,"label":" ","price":1.84},{"type":"B","date":"2018-03-20T03:58:11.000Z","volume":2000,"label":" ","price":1.84},{"type":"B","date":"2018-03-20T03:58:13.000Z","volume":20000,"label":" ","price":1.84},{"type":"B","date":"2018-03-20T03:58:27.000Z","volume":2000,"label":" ","price":1.84},{"type":"A","date":"2018-03-20T03:58:28.000Z","volume":2000,"label":" ","price":1.85},{"type":"B","date":"2018-03-20T03:58:45.000Z","volume":2000,"label":" ","price":1.84},{"type":"A","date":"2018-03-20T03:58:46.000Z","volume":2000,"label":" ","price":1.85},{"type":"A","date":"2018-03-20T03:58:50.000Z","volume":2000,"label":" ","price":1.85},{"type":"A","date":"2018-03-20T03:59:01.000Z","volume":14000,"label":" ","price":1.85},{"type":"A","date":"2018-03-20T03:59:02.000Z","volume":2000,"label":" ","price":1.85},{"type":"B","date":"2018-03-20T03:59:02.000Z","volume":2000,"label":" ","price":1.84},{"type":"A","date":"2018-03-20T03:59:04.000Z","volume":2000,"label":" ","price":1.85},{"type":"A","date":"2018-03-20T03:59:04.000Z","volume":6000,"label":" ","price":1.85},{"type":"B","date":"2018-03-20T03:59:19.000Z","volume":2000,"label":" ","price":1.84},{"type":"B","date":"2018-03-20T03:59:35.000Z","volume":2000,"label":" ","price":1.84},{"type":"B","date":"2018-03-20T03:59:51.000Z","volume":2000,"label":" ","price":1.84},{"type":"A","date":"2018-03-20T03:59:52.000Z","volume":2000,"label":" ","price":1.85},{"type":"A","date":"2018-03-20T03:59:59.000Z","volume":10000,"label":"Y","price":1.85},{"type":"A","date":"2018-03-20T05:00:03.000Z","volume":16000,"label":" ","price":1.85},{"type":"A","date":"2018-03-20T05:00:14.000Z","volume":2000,"label":" ","price":1.85},{"type":"B","date":"2018-03-20T05:00:31.000Z","volume":20000,"label":" ","price":1.84},{"type":"A","date":"2018-03-20T05:00:37.000Z","volume":2000,"label":" ","price":1.85},{"type":"U","date":"2018-03-20T05:01:08.000Z","volume":4000,"label":"X","price":1.845},{"type":"A","date":"2018-03-20T05:01:57.000Z","volume":118000,"label":" ","price":1.85},{"type":"B","date":"2018-03-20T05:02:48.000Z","volume":10000,"label":" ","price":1.84},{"type":"A","date":"2018-03-20T05:04:11.000Z","volume":8000,"label":" ","price":1.85},{"type":"A","date":"2018-03-20T05:05:11.000Z","volume":8000,"label":" ","price":1.85},{"type":"U","date":"2018-03-20T05:05:11.000Z","volume":2000,"label":"X","price":1.845},{"type":"A","date":"2018-03-20T05:07:52.000Z","volume":8000,"label":" ","price":1.85},{"type":"U","date":"2018-03-20T05:08:13.000Z","volume":6000,"label":"X","price":1.85},{"type":"B","date":"2018-03-20T05:08:17.000Z","volume":10000,"label":" ","price":1.84},{"type":"A","date":"2018-03-20T05:09:11.000Z","volume":6000,"label":" ","price":1.85},{"type":"A","date":"2018-03-20T05:10:13.000Z","volume":14000,"label":" ","price":1.85},{"type":"A","date":"2018-03-20T05:10:51.000Z","volume":6000,"label":" ","price":1.85},{"type":"A","date":"2018-03-20T05:12:17.000Z","volume":30000,"label":" ","price":1.85},{"type":"B","date":"2018-03-20T05:12:59.000Z","volume":28000,"label":" ","price":1.84},{"type":"A","date":"2018-03-20T05:14:06.000Z","volume":8000,"label":" ","price":1.85},{"type":"B","date":"2018-03-20T05:14:30.000Z","volume":20000,"label":" ","price":1.84},{"type":"A","date":"2018-03-20T05:14:32.000Z","volume":2000,"label":" ","price":1.85},{"type":"A","date":"2018-03-20T05:14:32.000Z","volume":2000,"label":" ","price":1.85},{"type":"U","date":"2018-03-20T05:14:58.000Z","volume":520,"label":"D","price":1.81},{"type":"A","date":"2018-03-20T05:15:14.000Z","volume":4000,"label":" ","price":1.85},{"type":"B","date":"2018-03-20T05:15:23.000Z","volume":2000,"label":" ","price":1.84},{"type":"A","date":"2018-03-20T05:15:54.000Z","volume":2000,"label":" ","price":1.85},{"type":"A","date":"2018-03-20T05:16:12.000Z","volume":14000,"label":" ","price":1.85},{"type":"B","date":"2018-03-20T05:16:16.000Z","volume":10000,"label":" ","price":1.84},{"type":"A","date":"2018-03-20T05:16:31.000Z","volume":8000,"label":" ","price":1.85},{"type":"A","date":"2018-03-20T05:16:32.000Z","volume":30000,"label":" ","price":1.85},{"type":"A","date":"2018-03-20T05:17:11.000Z","volume":8000,"label":" ","price":1.85},{"type":"A","date":"2018-03-20T05:17:55.000Z","volume":500000,"label":" ","price":1.85},{"type":"A","date":"2018-03-20T05:17:55.000Z","volume":4000,"label":" ","price":1.85},{"type":"A","date":"2018-03-20T05:18:16.000Z","volume":500000,"label":" ","price":1.85},{"type":"A","date":"2018-03-20T05:18:16.000Z","volume":24000,"label":" ","price":1.85},{"type":"A","date":"2018-03-20T05:18:17.000Z","volume":20000,"label":" ","price":1.85},{"type":"A","date":"2018-03-20T05:18:17.000Z","volume":50000,"label":" ","price":1.85},{"type":"A","date":"2018-03-20T05:18:17.000Z","volume":6000,"label":" ","price":1.85},{"type":"B","date":"2018-03-20T05:18:17.000Z","volume":6000,"label":" ","price":1.85},{"type":"U","date":"2018-03-20T05:19:12.000Z","volume":8000,"label":"X","price":1.86},{"type":"B","date":"2018-03-20T05:19:37.000Z","volume":10000,"label":" ","price":1.85},{"type":"B","date":"2018-03-20T05:19:46.000Z","volume":16000,"label":" ","price":1.85},{"type":"B","date":"2018-03-20T05:20:21.000Z","volume":20000,"label":" ","price":1.85},{"type":"U","date":"2018-03-20T05:20:27.000Z","volume":600,"label":"D","price":1.81},{"type":"B","date":"2018-03-20T05:20:49.000Z","volume":2000,"label":" ","price":1.85},{"type":"U","date":"2018-03-20T05:22:33.000Z","volume":8000,"label":"X","price":1.86},{"type":"A","date":"2018-03-20T05:22:43.000Z","volume":10000,"label":" ","price":1.86},{"type":"U","date":"2018-03-20T05:23:27.000Z","volume":4000,"label":"X","price":1.852},{"type":"U","date":"2018-03-20T05:23:27.000Z","volume":2000,"label":"X","price":1.852},{"type":"A","date":"2018-03-20T05:24:45.000Z","volume":4000,"label":" ","price":1.86},{"type":"A","date":"2018-03-20T05:24:45.000Z","volume":6000,"label":" ","price":1.86},{"type":"A","date":"2018-03-20T05:26:17.000Z","volume":30000,"label":" ","price":1.86},{"type":"U","date":"2018-03-20T05:27:32.000Z","volume":8000,"label":"X","price":1.86},{"type":"A","date":"2018-03-20T05:28:36.000Z","volume":50000,"label":" ","price":1.86},{"type":"B","date":"2018-03-20T05:30:13.000Z","volume":10000,"label":" ","price":1.85},{"type":"U","date":"2018-03-20T05:30:33.000Z","volume":6000,"label":"X","price":1.86},{"type":"A","date":"2018-03-20T05:30:33.000Z","volume":40000,"label":" ","price":1.86},{"type":"A","date":"2018-03-20T05:30:42.000Z","volume":6000,"label":" ","price":1.86},{"type":"A","date":"2018-03-20T05:30:55.000Z","volume":2000,"label":" ","price":1.86},{"type":"A","date":"2018-03-20T05:31:02.000Z","volume":14000,"label":" ","price":1.86},{"type":"A","date":"2018-03-20T05:31:15.000Z","volume":2000,"label":" ","price":1.86},{"type":"A","date":"2018-03-20T05:31:17.000Z","volume":26000,"label":" ","price":1.86},{"type":"A","date":"2018-03-20T05:31:17.000Z","volume":2000,"label":" ","price":1.86},{"type":"A","date":"2018-03-20T05:32:14.000Z","volume":12000,"label":" ","price":1.86},{"type":"B","date":"2018-03-20T05:32:49.000Z","volume":14000,"label":" ","price":1.85},{"type":"A","date":"2018-03-20T05:33:21.000Z","volume":50000,"label":" ","price":1.86},{"type":"A","date":"2018-03-20T05:33:21.000Z","volume":24000,"label":" ","price":1.86},{"type":"B","date":"2018-03-20T05:33:24.000Z","volume":40000,"label":" ","price":1.85},{"type":"U","date":"2018-03-20T05:33:39.000Z","volume":1034,"label":"D","price":1.82},{"type":"B","date":"2018-03-20T05:34:46.000Z","volume":12000,"label":" ","price":1.85},{"type":"B","date":"2018-03-20T05:34:53.000Z","volume":10000,"label":" ","price":1.85},{"type":"B","date":"2018-03-20T05:34:59.000Z","volume":10000,"label":" ","price":1.85},{"type":"A","date":"2018-03-20T05:36:15.000Z","volume":4000,"label":" ","price":1.86},{"type":"A","date":"2018-03-20T05:36:15.000Z","volume":46000,"label":" ","price":1.86},{"type":"U","date":"2018-03-20T05:36:17.000Z","volume":1000,"label":"D","price":1.81},{"type":"B","date":"2018-03-20T05:36:54.000Z","volume":2000,"label":" ","price":1.85},{"type":"B","date":"2018-03-20T05:36:54.000Z","volume":4000,"label":" ","price":1.85},{"type":"B","date":"2018-03-20T05:36:54.000Z","volume":6000,"label":" ","price":1.85},{"type":"A","date":"2018-03-20T05:37:02.000Z","volume":38000,"label":" ","price":1.86},{"type":"A","date":"2018-03-20T05:37:32.000Z","volume":2000,"label":" ","price":1.86},{"type":"A","date":"2018-03-20T05:38:49.000Z","volume":26000,"label":" ","price":1.86},{"type":"U","date":"2018-03-20T05:39:39.000Z","volume":6000,"label":"X","price":1.855},{"type":"U","date":"2018-03-20T05:39:43.000Z","volume":2000,"label":"X","price":1.855},{"type":"U","date":"2018-03-20T05:39:43.000Z","volume":4000,"label":"X","price":1.855},{"type":"A","date":"2018-03-20T05:40:43.000Z","volume":8000,"label":" ","price":1.86},{"type":"A","date":"2018-03-20T05:41:41.000Z","volume":14000,"label":" ","price":1.86},{"type":"A","date":"2018-03-20T05:41:44.000Z","volume":14000,"label":" ","price":1.86},{"type":"A","date":"2018-03-20T05:41:47.000Z","volume":32000,"label":" ","price":1.86},{"type":"A","date":"2018-03-20T05:42:14.000Z","volume":20000,"label":" ","price":1.86},{"type":"U","date":"2018-03-20T05:43:20.000Z","volume":6000,"label":"X","price":1.855},{"type":"A","date":"2018-03-20T05:44:00.000Z","volume":22000,"label":" ","price":1.86},{"type":"A","date":"2018-03-20T05:45:02.000Z","volume":28000,"label":" ","price":1.86},{"type":"U","date":"2018-03-20T05:45:02.000Z","volume":2000,"label":"X","price":1.855},{"type":"A","date":"2018-03-20T05:45:44.000Z","volume":2000,"label":" ","price":1.86},{"type":"A","date":"2018-03-20T05:46:58.000Z","volume":26000,"label":" ","price":1.86},{"type":"A","date":"2018-03-20T05:47:02.000Z","volume":2000,"label":" ","price":1.86},{"type":"A","date":"2018-03-20T05:47:16.000Z","volume":4000,"label":" ","price":1.86},{"type":"A","date":"2018-03-20T05:48:32.000Z","volume":28000,"label":" ","price":1.86},{"type":"B","date":"2018-03-20T05:48:33.000Z","volume":2000,"label":" ","price":1.85},{"type":"A","date":"2018-03-20T05:48:49.000Z","volume":60000,"label":"Y","price":1.86},{"type":"A","date":"2018-03-20T05:48:49.000Z","volume":140000,"label":" ","price":1.86},{"type":"U","date":"2018-03-20T05:48:50.000Z","volume":6000,"label":"X","price":1.855},{"type":"U","date":"2018-03-20T05:48:50.000Z","volume":6000,"label":"X","price":1.855},{"type":"U","date":"2018-03-20T05:49:09.000Z","volume":6000,"label":"X","price":1.855},{"type":"A","date":"2018-03-20T05:50:00.000Z","volume":24000,"label":" ","price":1.86},{"type":"B","date":"2018-03-20T05:50:13.000Z","volume":100000,"label":" ","price":1.85},{"type":"A","date":"2018-03-20T05:50:40.000Z","volume":2000,"label":" ","price":1.86},{"type":"A","date":"2018-03-20T05:52:14.000Z","volume":16000,"label":" ","price":1.86},{"type":"A","date":"2018-03-20T05:52:15.000Z","volume":46000,"label":" ","price":1.86},{"type":"B","date":"2018-03-20T05:52:51.000Z","volume":26000,"label":" ","price":1.85},{"type":"A","date":"2018-03-20T05:53:13.000Z","volume":8000,"label":" ","price":1.86},{"type":"A","date":"2018-03-20T05:53:16.000Z","volume":10000,"label":" ","price":1.86},{"type":"A","date":"2018-03-20T05:53:47.000Z","volume":18000,"label":" ","price":1.86},{"type":"A","date":"2018-03-20T05:53:47.000Z","volume":36000,"label":" ","price":1.86},{"type":"A","date":"2018-03-20T05:54:00.000Z","volume":34000,"label":" ","price":1.86},{"type":"A","date":"2018-03-20T05:54:00.000Z","volume":1342000,"label":" ","price":1.86},{"type":"A","date":"2018-03-20T05:54:00.000Z","volume":344000,"label":" ","price":1.86},{"type":"U","date":"2018-03-20T05:54:10.000Z","volume":10000,"label":"X","price":1.865},{"type":"A","date":"2018-03-20T05:54:26.000Z","volume":6000,"label":" ","price":1.87},{"type":"U","date":"2018-03-20T05:54:31.000Z","volume":1954,"label":"D","price":1.84},{"type":"A","date":"2018-03-20T05:54:34.000Z","volume":14000,"label":" ","price":1.87},{"type":"A","date":"2018-03-20T05:55:01.000Z","volume":36000,"label":" ","price":1.87},{"type":"B","date":"2018-03-20T05:55:54.000Z","volume":10000,"label":" ","price":1.86},{"type":"A","date":"2018-03-20T05:56:17.000Z","volume":18000,"label":"Y","price":1.87},{"type":"A","date":"2018-03-20T05:56:17.000Z","volume":40000,"label":" ","price":1.87},{"type":"B","date":"2018-03-20T05:56:47.000Z","volume":2000,"label":" ","price":1.86},{"type":"A","date":"2018-03-20T05:57:32.000Z","volume":2000,"label":"Y","price":1.87},{"type":"A","date":"2018-03-20T05:57:52.000Z","volume":40000,"label":" ","price":1.87},{"type":"A","date":"2018-03-20T05:58:16.000Z","volume":2000,"label":" ","price":1.87},{"type":"A","date":"2018-03-20T05:59:08.000Z","volume":100000,"label":" ","price":1.87},{"type":"A","date":"2018-03-20T05:59:42.000Z","volume":2000,"label":" ","price":1.87},{"type":"A","date":"2018-03-20T06:00:21.000Z","volume":1000000,"label":" ","price":1.87},{"type":"A","date":"2018-03-20T06:00:21.000Z","volume":1260000,"label":" ","price":1.87},{"type":"U","date":"2018-03-20T06:00:22.000Z","volume":2000,"label":"X","price":1.87},{"type":"U","date":"2018-03-20T06:00:27.000Z","volume":2000,"label":"X","price":1.875},{"type":"U","date":"2018-03-20T06:00:39.000Z","volume":10000,"label":"X","price":1.875},{"type":"A","date":"2018-03-20T06:00:39.000Z","volume":28000,"label":" ","price":1.88},{"type":"U","date":"2018-03-20T06:00:40.000Z","volume":6000,"label":"X","price":1.87},{"type":"U","date":"2018-03-20T06:00:40.000Z","volume":10000,"label":"X","price":1.87},{"type":"U","date":"2018-03-20T06:00:40.000Z","volume":6000,"label":"X","price":1.875},{"type":"U","date":"2018-03-20T06:01:07.000Z","volume":635,"label":"D","price":1.83},{"type":"B","date":"2018-03-20T06:01:47.000Z","volume":150000,"label":" ","price":1.87},{"type":"U","date":"2018-03-20T06:02:10.000Z","volume":6000,"label":"X","price":1.875},{"type":"U","date":"2018-03-20T06:02:12.000Z","volume":8000,"label":"X","price":1.875},{"type":"B","date":"2018-03-20T06:02:16.000Z","volume":200000,"label":" ","price":1.87},{"type":"A","date":"2018-03-20T06:02:17.000Z","volume":20000,"label":" ","price":1.88},{"type":"A","date":"2018-03-20T06:02:47.000Z","volume":8000,"label":" ","price":1.88},{"type":"A","date":"2018-03-20T06:03:17.000Z","volume":2000,"label":" ","price":1.88},{"type":"B","date":"2018-03-20T06:03:20.000Z","volume":40000,"label":" ","price":1.87},{"type":"A","date":"2018-03-20T06:03:29.000Z","volume":42000,"label":" ","price":1.88},{"type":"U","date":"2018-03-20T06:03:40.000Z","volume":6000,"label":"X","price":1.875},{"type":"A","date":"2018-03-20T06:05:03.000Z","volume":8000,"label":" ","price":1.88},{"type":"A","date":"2018-03-20T06:05:17.000Z","volume":38000,"label":" ","price":1.88},{"type":"A","date":"2018-03-20T06:05:44.000Z","volume":10000,"label":" ","price":1.88},{"type":"B","date":"2018-03-20T06:06:13.000Z","volume":8000,"label":" ","price":1.87},{"type":"A","date":"2018-03-20T06:06:47.000Z","volume":28000,"label":" ","price":1.88},{"type":"U","date":"2018-03-20T06:06:47.000Z","volume":6000,"label":"X","price":1.875},{"type":"A","date":"2018-03-20T06:06:47.000Z","volume":32000,"label":" ","price":1.88},{"type":"A","date":"2018-03-20T06:06:54.000Z","volume":1000000,"label":" ","price":1.88},{"type":"A","date":"2018-03-20T06:06:54.000Z","volume":836000,"label":" ","price":1.88},{"type":"U","date":"2018-03-20T06:07:30.000Z","volume":10000,"label":"X","price":1.88},{"type":"U","date":"2018-03-20T06:07:30.000Z","volume":4000,"label":"X","price":1.88},{"type":"U","date":"2018-03-20T06:07:31.000Z","volume":1900,"label":"D","price":1.83},{"type":"U","date":"2018-03-20T06:07:55.000Z","volume":1200,"label":"D","price":1.83},{"type":"B","date":"2018-03-20T06:08:06.000Z","volume":10000,"label":" ","price":1.88},{"type":"A","date":"2018-03-20T06:08:17.000Z","volume":4000,"label":" ","price":1.89},{"type":"B","date":"2018-03-20T06:08:22.000Z","volume":14000,"label":" ","price":1.88},{"type":"B","date":"2018-03-20T06:08:46.000Z","volume":300000,"label":" ","price":1.88},{"type":"B","date":"2018-03-20T06:08:53.000Z","volume":300000,"label":" ","price":1.88},{"type":"A","date":"2018-03-20T06:09:02.000Z","volume":18000,"label":" ","price":1.89},{"type":"B","date":"2018-03-20T06:09:06.000Z","volume":100000,"label":" ","price":1.88},{"type":"B","date":"2018-03-20T06:09:13.000Z","volume":300000,"label":" ","price":1.88},{"type":"B","date":"2018-03-20T06:09:16.000Z","volume":2000,"label":" ","price":1.88},{"type":"B","date":"2018-03-20T06:09:21.000Z","volume":20000,"label":" ","price":1.88},{"type":"B","date":"2018-03-20T06:09:22.000Z","volume":2000,"label":" ","price":1.88},{"type":"B","date":"2018-03-20T06:09:57.000Z","volume":240000,"label":" ","price":1.88},{"type":"U","date":"2018-03-20T06:10:29.000Z","volume":4000,"label":"X","price":1.88},{"type":"B","date":"2018-03-20T06:10:38.000Z","volume":2000,"label":" ","price":1.88},{"type":"B","date":"2018-03-20T06:11:01.000Z","volume":4000,"label":" ","price":1.88},{"type":"B","date":"2018-03-20T06:11:04.000Z","volume":2000,"label":" ","price":1.88},{"type":"B","date":"2018-03-20T06:11:05.000Z","volume":10000,"label":" ","price":1.88},{"type":"B","date":"2018-03-20T06:11:13.000Z","volume":248000,"label":" ","price":1.88},{"type":"B","date":"2018-03-20T06:11:13.000Z","volume":214000,"label":" ","price":1.88},{"type":"B","date":"2018-03-20T06:11:13.000Z","volume":4000,"label":" ","price":1.88},{"type":"A","date":"2018-03-20T06:11:13.000Z","volume":34000,"label":" ","price":1.88},{"type":"A","date":"2018-03-20T06:11:45.000Z","volume":2000,"label":" ","price":1.88},{"type":"A","date":"2018-03-20T06:11:50.000Z","volume":22000,"label":" ","price":1.88},{"type":"B","date":"2018-03-20T06:12:40.000Z","volume":4000,"label":"Y","price":1.88},{"type":"B","date":"2018-03-20T06:13:57.000Z","volume":14000,"label":" ","price":1.88},{"type":"B","date":"2018-03-20T06:14:29.000Z","volume":10000,"label":" ","price":1.88},{"type":"B","date":"2018-03-20T06:14:47.000Z","volume":18000,"label":" ","price":1.88},{"type":"B","date":"2018-03-20T06:14:48.000Z","volume":14000,"label":" ","price":1.88},{"type":"U","date":"2018-03-20T06:15:45.000Z","volume":4000,"label":"X","price":1.88},{"type":"U","date":"2018-03-20T06:15:45.000Z","volume":6000,"label":"X","price":1.88},{"type":"U","date":"2018-03-20T06:15:45.000Z","volume":4000,"label":"X","price":1.88},{"type":"A","date":"2018-03-20T06:16:21.000Z","volume":8000,"label":"Y","price":1.89},{"type":"A","date":"2018-03-20T06:16:21.000Z","volume":12000,"label":" ","price":1.89},{"type":"B","date":"2018-03-20T06:17:47.000Z","volume":2000,"label":" ","price":1.88},{"type":"B","date":"2018-03-20T06:18:57.000Z","volume":6000,"label":" ","price":1.88},{"type":"B","date":"2018-03-20T06:19:14.000Z","volume":50000,"label":" ","price":1.88},{"type":"B","date":"2018-03-20T06:20:08.000Z","volume":40000,"label":" ","price":1.88},{"type":"B","date":"2018-03-20T06:20:17.000Z","volume":106000,"label":" ","price":1.88},{"type":"B","date":"2018-03-20T06:22:18.000Z","volume":22000,"label":" ","price":1.88},{"type":"B","date":"2018-03-20T06:24:33.000Z","volume":6000,"label":" ","price":1.88},{"type":"B","date":"2018-03-20T06:24:42.000Z","volume":20000,"label":" ","price":1.88},{"type":"B","date":"2018-03-20T06:24:42.000Z","volume":6000,"label":" ","price":1.88},{"type":"U","date":"2018-03-20T06:25:16.000Z","volume":930,"label":"D","price":1.8},{"type":"B","date":"2018-03-20T06:25:29.000Z","volume":2000,"label":" ","price":1.88},{"type":"B","date":"2018-03-20T06:25:29.000Z","volume":4000,"label":" ","price":1.88},{"type":"U","date":"2018-03-20T06:25:45.000Z","volume":2000,"label":"X","price":1.881},{"type":"U","date":"2018-03-20T06:25:45.000Z","volume":2000,"label":"X","price":1.881},{"type":"A","date":"2018-03-20T06:25:57.000Z","volume":500000,"label":" ","price":1.89},{"type":"B","date":"2018-03-20T06:26:03.000Z","volume":12000,"label":" ","price":1.88},{"type":"B","date":"2018-03-20T06:27:14.000Z","volume":50000,"label":" ","price":1.88},{"type":"B","date":"2018-03-20T06:29:51.000Z","volume":8000,"label":" ","price":1.88},{"type":"B","date":"2018-03-20T06:32:57.000Z","volume":20000,"label":" ","price":1.88},{"type":"U","date":"2018-03-20T06:33:20.000Z","volume":600,"label":"D","price":1.85},{"type":"B","date":"2018-03-20T06:34:05.000Z","volume":40000,"label":" ","price":1.88},{"type":"U","date":"2018-03-20T06:35:09.000Z","volume":4000,"label":"X","price":1.88},{"type":"U","date":"2018-03-20T06:35:09.000Z","volume":2000,"label":"X","price":1.88},{"type":"B","date":"2018-03-20T06:35:12.000Z","volume":30000,"label":" ","price":1.88},{"type":"A","date":"2018-03-20T06:35:29.000Z","volume":2000,"label":" ","price":1.89},{"type":"U","date":"2018-03-20T06:35:52.000Z","volume":2000,"label":"X","price":1.888},{"type":"A","date":"2018-03-20T06:37:33.000Z","volume":6000,"label":" ","price":1.89},{"type":"B","date":"2018-03-20T06:37:39.000Z","volume":20000,"label":" ","price":1.88},{"type":"U","date":"2018-03-20T06:39:52.000Z","volume":930,"label":"D","price":1.84},{"type":"A","date":"2018-03-20T06:40:32.000Z","volume":40000,"label":" ","price":1.89},{"type":"B","date":"2018-03-20T06:40:42.000Z","volume":24000,"label":"Y","price":1.88},{"type":"B","date":"2018-03-20T06:40:42.000Z","volume":386000,"label":" ","price":1.88},{"type":"B","date":"2018-03-20T06:41:20.000Z","volume":2000,"label":" ","price":1.88},{"type":"B","date":"2018-03-20T06:41:24.000Z","volume":10000,"label":" ","price":1.88},{"type":"B","date":"2018-03-20T06:42:08.000Z","volume":60000,"label":" ","price":1.88},{"type":"A","date":"2018-03-20T06:42:45.000Z","volume":2000,"label":" ","price":1.89},{"type":"U","date":"2018-03-20T06:42:51.000Z","volume":920,"label":"D","price":1.84},{"type":"U","date":"2018-03-20T06:42:56.000Z","volume":500,"label":"D","price":1.85},{"type":"B","date":"2018-03-20T06:43:19.000Z","volume":4000,"label":" ","price":1.88},{"type":"B","date":"2018-03-20T06:43:19.000Z","volume":4000,"label":" ","price":1.88},{"type":"B","date":"2018-03-20T06:43:19.000Z","volume":4000,"label":"Y","price":1.88},{"type":"B","date":"2018-03-20T06:43:19.000Z","volume":2000,"label":" ","price":1.88},{"type":"B","date":"2018-03-20T06:43:25.000Z","volume":40000,"label":" ","price":1.88},{"type":"A","date":"2018-03-20T06:44:26.000Z","volume":82000,"label":" ","price":1.89},{"type":"U","date":"2018-03-20T06:44:27.000Z","volume":4000,"label":"X","price":1.88},{"type":"U","date":"2018-03-20T06:44:27.000Z","volume":2000,"label":"X","price":1.88},{"type":"B","date":"2018-03-20T06:44:29.000Z","volume":4000,"label":" ","price":1.88},{"type":"B","date":"2018-03-20T06:44:31.000Z","volume":100000,"label":" ","price":1.88},{"type":"B","date":"2018-03-20T06:45:08.000Z","volume":50000,"label":" ","price":1.88},{"type":"B","date":"2018-03-20T06:45:23.000Z","volume":2000,"label":" ","price":1.88},{"type":"B","date":"2018-03-20T06:45:52.000Z","volume":400000,"label":" ","price":1.88},{"type":"B","date":"2018-03-20T06:45:58.000Z","volume":10000,"label":" ","price":1.88},{"type":"U","date":"2018-03-20T06:45:58.000Z","volume":2000,"label":"X","price":1.881},{"type":"A","date":"2018-03-20T06:45:59.000Z","volume":10000,"label":" ","price":1.89},{"type":"B","date":"2018-03-20T06:46:34.000Z","volume":204000,"label":" ","price":1.88},{"type":"A","date":"2018-03-20T06:46:42.000Z","volume":182000,"label":" ","price":1.88},{"type":"A","date":"2018-03-20T06:46:42.000Z","volume":50000,"label":" ","price":1.88},{"type":"B","date":"2018-03-20T06:47:18.000Z","volume":2000,"label":" ","price":1.87},{"type":"A","date":"2018-03-20T06:47:34.000Z","volume":56000,"label":" ","price":1.88},{"type":"A","date":"2018-03-20T06:50:02.000Z","volume":40000,"label":" ","price":1.88},{"type":"A","date":"2018-03-20T06:50:13.000Z","volume":2000,"label":" ","price":1.88},{"type":"A","date":"2018-03-20T06:50:54.000Z","volume":20000,"label":" ","price":1.88},{"type":"U","date":"2018-03-20T06:50:59.000Z","volume":2000,"label":"X","price":1.88},{"type":"U","date":"2018-03-20T06:51:15.000Z","volume":8000,"label":"X","price":1.88},{"type":"U","date":"2018-03-20T06:51:15.000Z","volume":2000,"label":"X","price":1.88},{"type":"A","date":"2018-03-20T06:51:34.000Z","volume":10000,"label":" ","price":1.88},{"type":"A","date":"2018-03-20T06:52:16.000Z","volume":12000,"label":" ","price":1.88},{"type":"A","date":"2018-03-20T06:52:44.000Z","volume":2000,"label":" ","price":1.88},{"type":"A","date":"2018-03-20T06:52:46.000Z","volume":10000,"label":" ","price":1.88},{"type":"A","date":"2018-03-20T06:52:47.000Z","volume":2000,"label":" ","price":1.88},{"type":"A","date":"2018-03-20T06:53:11.000Z","volume":2000,"label":" ","price":1.88},{"type":"A","date":"2018-03-20T06:53:26.000Z","volume":2000,"label":" ","price":1.88},{"type":"A","date":"2018-03-20T06:54:48.000Z","volume":28000,"label":" ","price":1.88},{"type":"A","date":"2018-03-20T06:54:49.000Z","volume":8000,"label":" ","price":1.88},{"type":"U","date":"2018-03-20T06:55:10.000Z","volume":900,"label":"D","price":1.83},{"type":"A","date":"2018-03-20T06:55:36.000Z","volume":20000,"label":" ","price":1.88},{"type":"A","date":"2018-03-20T06:56:17.000Z","volume":14000,"label":" ","price":1.88},{"type":"A","date":"2018-03-20T06:56:59.000Z","volume":2000,"label":" ","price":1.88},{"type":"A","date":"2018-03-20T06:57:16.000Z","volume":12000,"label":" ","price":1.88},{"type":"A","date":"2018-03-20T06:57:28.000Z","volume":18000,"label":" ","price":1.88},{"type":"A","date":"2018-03-20T06:59:02.000Z","volume":20000,"label":" ","price":1.88},{"type":"A","date":"2018-03-20T06:59:02.000Z","volume":38000,"label":" ","price":1.88},{"type":"B","date":"2018-03-20T07:00:19.000Z","volume":10000,"label":" ","price":1.87},{"type":"U","date":"2018-03-20T07:01:34.000Z","volume":2000,"label":"X","price":1.88},{"type":"U","date":"2018-03-20T07:04:24.000Z","volume":4000,"label":"X","price":1.87},{"type":"B","date":"2018-03-20T07:04:36.000Z","volume":70000,"label":" ","price":1.87},{"type":"A","date":"2018-03-20T07:05:07.000Z","volume":2000,"label":" ","price":1.88},{"type":"A","date":"2018-03-20T07:08:28.000Z","volume":14000,"label":" ","price":1.88},{"type":"B","date":"2018-03-20T07:08:30.000Z","volume":2000,"label":" ","price":1.87},{"type":"A","date":"2018-03-20T07:10:02.000Z","volume":18000,"label":" ","price":1.88},{"type":"A","date":"2018-03-20T07:10:02.000Z","volume":26000,"label":" ","price":1.88},{"type":"A","date":"2018-03-20T07:10:02.000Z","volume":30000,"label":" ","price":1.88},{"type":"A","date":"2018-03-20T07:10:02.000Z","volume":2000,"label":" ","price":1.88},{"type":"A","date":"2018-03-20T07:10:02.000Z","volume":2000,"label":" ","price":1.88},{"type":"B","date":"2018-03-20T07:10:05.000Z","volume":6000,"label":" ","price":1.87},{"type":"A","date":"2018-03-20T07:10:33.000Z","volume":26000,"label":" ","price":1.88},{"type":"A","date":"2018-03-20T07:11:28.000Z","volume":2000,"label":" ","price":1.88},{"type":"U","date":"2018-03-20T07:11:51.000Z","volume":4000,"label":"X","price":1.88},{"type":"B","date":"2018-03-20T07:13:10.000Z","volume":50000,"label":" ","price":1.87},{"type":"A","date":"2018-03-20T07:14:18.000Z","volume":28000,"label":" ","price":1.88},{"type":"U","date":"2018-03-20T07:14:18.000Z","volume":2000,"label":"X","price":1.87},{"type":"U","date":"2018-03-20T07:14:18.000Z","volume":2000,"label":"X","price":1.87},{"type":"U","date":"2018-03-20T07:14:43.000Z","volume":58000,"label":"X","price":1.88},{"type":"A","date":"2018-03-20T07:15:41.000Z","volume":2000,"label":" ","price":1.88},{"type":"U","date":"2018-03-20T07:16:11.000Z","volume":2000,"label":"X","price":1.877},{"type":"U","date":"2018-03-20T07:16:27.000Z","volume":515,"label":"D","price":1.83},{"type":"U","date":"2018-03-20T07:16:55.000Z","volume":12000,"label":"X","price":1.88},{"type":"A","date":"2018-03-20T07:16:55.000Z","volume":24000,"label":" ","price":1.88},{"type":"A","date":"2018-03-20T07:17:03.000Z","volume":26000,"label":" ","price":1.88},{"type":"A","date":"2018-03-20T07:17:04.000Z","volume":16000,"label":" ","price":1.88},{"type":"A","date":"2018-03-20T07:17:08.000Z","volume":22000,"label":" ","price":1.88},{"type":"A","date":"2018-03-20T07:17:44.000Z","volume":2000,"label":" ","price":1.88},{"type":"A","date":"2018-03-20T07:18:08.000Z","volume":2000,"label":" ","price":1.88},{"type":"A","date":"2018-03-20T07:18:46.000Z","volume":2000,"label":" ","price":1.88},{"type":"B","date":"2018-03-20T07:19:16.000Z","volume":2000,"label":" ","price":1.87},{"type":"U","date":"2018-03-20T07:19:17.000Z","volume":24000,"label":"X","price":1.88},{"type":"A","date":"2018-03-20T07:19:17.000Z","volume":12000,"label":" ","price":1.88},{"type":"A","date":"2018-03-20T07:19:33.000Z","volume":28000,"label":" ","price":1.88},{"type":"A","date":"2018-03-20T07:19:48.000Z","volume":18000,"label":" ","price":1.88},{"type":"U","date":"2018-03-20T07:19:48.000Z","volume":34000,"label":"X","price":1.88},{"type":"A","date":"2018-03-20T07:19:48.000Z","volume":18000,"label":" ","price":1.88},{"type":"A","date":"2018-03-20T07:20:09.000Z","volume":20000,"label":" ","price":1.88},{"type":"A","date":"2018-03-20T07:20:25.000Z","volume":4000,"label":" ","price":1.88},{"type":"A","date":"2018-03-20T07:20:31.000Z","volume":20000,"label":" ","price":1.88},{"type":"B","date":"2018-03-20T07:20:50.000Z","volume":10000,"label":" ","price":1.87},{"type":"A","date":"2018-03-20T07:21:03.000Z","volume":32000,"label":" ","price":1.88},{"type":"A","date":"2018-03-20T07:21:08.000Z","volume":10000,"label":" ","price":1.88},{"type":"A","date":"2018-03-20T07:21:09.000Z","volume":2000,"label":" ","price":1.88},{"type":"A","date":"2018-03-20T07:21:09.000Z","volume":38000,"label":" ","price":1.88},{"type":"A","date":"2018-03-20T07:22:13.000Z","volume":2000,"label":"Y","price":1.88},{"type":"A","date":"2018-03-20T07:22:21.000Z","volume":40000,"label":" ","price":1.88},{"type":"A","date":"2018-03-20T07:22:34.000Z","volume":14000,"label":" ","price":1.88},{"type":"A","date":"2018-03-20T07:22:34.000Z","volume":44000,"label":" ","price":1.88},{"type":"A","date":"2018-03-20T07:23:48.000Z","volume":30000,"label":" ","price":1.88},{"type":"A","date":"2018-03-20T07:24:15.000Z","volume":30000,"label":" ","price":1.88},{"type":"A","date":"2018-03-20T07:24:30.000Z","volume":8000,"label":" ","price":1.88},{"type":"A","date":"2018-03-20T07:24:50.000Z","volume":46000,"label":" ","price":1.88},{"type":"A","date":"2018-03-20T07:25:02.000Z","volume":2000,"label":" ","price":1.88},{"type":"B","date":"2018-03-20T07:25:02.000Z","volume":50000,"label":" ","price":1.87},{"type":"A","date":"2018-03-20T07:25:48.000Z","volume":14000,"label":" ","price":1.88},{"type":"A","date":"2018-03-20T07:25:48.000Z","volume":34000,"label":" ","price":1.88},{"type":"U","date":"2018-03-20T07:25:52.000Z","volume":1900,"label":"D","price":1.83},{"type":"A","date":"2018-03-20T07:26:09.000Z","volume":18000,"label":" ","price":1.88},{"type":"B","date":"2018-03-20T07:26:13.000Z","volume":2000,"label":" ","price":1.87},{"type":"A","date":"2018-03-20T07:26:26.000Z","volume":2000,"label":" ","price":1.88},{"type":"A","date":"2018-03-20T07:26:47.000Z","volume":2000,"label":" ","price":1.88},{"type":"A","date":"2018-03-20T07:26:51.000Z","volume":2000,"label":" ","price":1.88},{"type":"A","date":"2018-03-20T07:27:02.000Z","volume":2000,"label":" ","price":1.88},{"type":"A","date":"2018-03-20T07:27:38.000Z","volume":10000,"label":" ","price":1.88},{"type":"A","date":"2018-03-20T07:28:02.000Z","volume":52000,"label":" ","price":1.88},{"type":"A","date":"2018-03-20T07:28:18.000Z","volume":34000,"label":" ","price":1.88},{"type":"U","date":"2018-03-20T07:28:34.000Z","volume":4000,"label":"X","price":1.878},{"type":"U","date":"2018-03-20T07:28:34.000Z","volume":2000,"label":"X","price":1.878},{"type":"U","date":"2018-03-20T07:28:34.000Z","volume":2000,"label":"X","price":1.878},{"type":"A","date":"2018-03-20T07:29:18.000Z","volume":16000,"label":" ","price":1.88},{"type":"A","date":"2018-03-20T07:29:46.000Z","volume":40000,"label":" ","price":1.88},{"type":"A","date":"2018-03-20T07:30:03.000Z","volume":36000,"label":" ","price":1.88},{"type":"A","date":"2018-03-20T07:30:19.000Z","volume":2000,"label":" ","price":1.88},{"type":"U","date":"2018-03-20T07:30:41.000Z","volume":2000,"label":"X","price":1.88},{"type":"A","date":"2018-03-20T07:30:42.000Z","volume":66000,"label":" ","price":1.88},{"type":"A","date":"2018-03-20T07:30:47.000Z","volume":18000,"label":" ","price":1.88},{"type":"A","date":"2018-03-20T07:30:56.000Z","volume":2000,"label":" ","price":1.88},{"type":"A","date":"2018-03-20T07:30:58.000Z","volume":4000,"label":" ","price":1.88},{"type":"A","date":"2018-03-20T07:32:33.000Z","volume":34000,"label":" ","price":1.88},{"type":"A","date":"2018-03-20T07:32:33.000Z","volume":10000,"label":" ","price":1.88},{"type":"U","date":"2018-03-20T07:32:42.000Z","volume":2000,"label":"X","price":1.88},{"type":"U","date":"2018-03-20T07:32:48.000Z","volume":12000,"label":"X","price":1.88},{"type":"A","date":"2018-03-20T07:33:00.000Z","volume":2000,"label":" ","price":1.88},{"type":"A","date":"2018-03-20T07:33:03.000Z","volume":14000,"label":" ","price":1.88},{"type":"A","date":"2018-03-20T07:33:09.000Z","volume":20000,"label":" ","price":1.88},{"type":"A","date":"2018-03-20T07:33:10.000Z","volume":2000,"label":" ","price":1.88},{"type":"B","date":"2018-03-20T07:33:18.000Z","volume":10000,"label":" ","price":1.87},{"type":"U","date":"2018-03-20T07:33:28.000Z","volume":30000,"label":"X","price":1.88},{"type":"A","date":"2018-03-20T07:33:28.000Z","volume":30000,"label":" ","price":1.88},{"type":"A","date":"2018-03-20T07:33:32.000Z","volume":2000,"label":" ","price":1.88},{"type":"A","date":"2018-03-20T07:34:07.000Z","volume":4000,"label":" ","price":1.88},{"type":"A","date":"2018-03-20T07:35:03.000Z","volume":34000,"label":" ","price":1.88},{"type":"A","date":"2018-03-20T07:35:09.000Z","volume":10000,"label":" ","price":1.88},{"type":"A","date":"2018-03-20T07:35:22.000Z","volume":6000,"label":" ","price":1.88},{"type":"A","date":"2018-03-20T07:35:23.000Z","volume":16000,"label":" ","price":1.88},{"type":"A","date":"2018-03-20T07:35:48.000Z","volume":14000,"label":" ","price":1.88},{"type":"A","date":"2018-03-20T07:35:58.000Z","volume":12000,"label":" ","price":1.88},{"type":"U","date":"2018-03-20T07:35:58.000Z","volume":6000,"label":"X","price":1.88},{"type":"A","date":"2018-03-20T07:35:58.000Z","volume":38000,"label":" ","price":1.88},{"type":"B","date":"2018-03-20T07:36:04.000Z","volume":10000,"label":" ","price":1.87},{"type":"A","date":"2018-03-20T07:36:22.000Z","volume":48000,"label":" ","price":1.88},{"type":"U","date":"2018-03-20T07:36:32.000Z","volume":4000,"label":"X","price":1.88},{"type":"A","date":"2018-03-20T07:37:07.000Z","volume":4000,"label":" ","price":1.88},{"type":"A","date":"2018-03-20T07:37:17.000Z","volume":8000,"label":" ","price":1.88},{"type":"A","date":"2018-03-20T07:37:39.000Z","volume":20000,"label":" ","price":1.88},{"type":"A","date":"2018-03-20T07:37:40.000Z","volume":30000,"label":" ","price":1.88},{"type":"U","date":"2018-03-20T07:38:01.000Z","volume":2000,"label":"X","price":1.88},{"type":"A","date":"2018-03-20T07:38:11.000Z","volume":2000,"label":" ","price":1.88},{"type":"A","date":"2018-03-20T07:38:17.000Z","volume":4000,"label":" ","price":1.88},{"type":"U","date":"2018-03-20T07:38:32.000Z","volume":2000,"label":"X","price":1.88},{"type":"A","date":"2018-03-20T07:38:41.000Z","volume":4000,"label":" ","price":1.88},{"type":"U","date":"2018-03-20T07:38:52.000Z","volume":26000,"label":"X","price":1.88},{"type":"A","date":"2018-03-20T07:38:52.000Z","volume":32000,"label":" ","price":1.88},{"type":"A","date":"2018-03-20T07:39:04.000Z","volume":2000,"label":" ","price":1.88},{"type":"A","date":"2018-03-20T07:39:04.000Z","volume":4000,"label":" ","price":1.88},{"type":"A","date":"2018-03-20T07:39:07.000Z","volume":2000,"label":" ","price":1.88},{"type":"B","date":"2018-03-20T07:39:19.000Z","volume":20000,"label":" ","price":1.87},{"type":"A","date":"2018-03-20T07:39:22.000Z","volume":4000,"label":" ","price":1.88},{"type":"B","date":"2018-03-20T07:39:28.000Z","volume":22000,"label":" ","price":1.87},{"type":"A","date":"2018-03-20T07:39:29.000Z","volume":36000,"label":" ","price":1.88},{"type":"A","date":"2018-03-20T07:39:39.000Z","volume":12000,"label":" ","price":1.88},{"type":"A","date":"2018-03-20T07:39:41.000Z","volume":4000,"label":" ","price":1.88},{"type":"A","date":"2018-03-20T07:40:01.000Z","volume":4000,"label":" ","price":1.88},{"type":"A","date":"2018-03-20T07:40:09.000Z","volume":4000,"label":" ","price":1.88},{"type":"A","date":"2018-03-20T07:40:14.000Z","volume":2000,"label":"Y","price":1.88},{"type":"A","date":"2018-03-20T07:40:18.000Z","volume":4000,"label":" ","price":1.88},{"type":"A","date":"2018-03-20T07:40:18.000Z","volume":12000,"label":" ","price":1.88},{"type":"A","date":"2018-03-20T07:40:29.000Z","volume":4000,"label":" ","price":1.88},{"type":"A","date":"2018-03-20T07:40:36.000Z","volume":4000,"label":" ","price":1.88},{"type":"B","date":"2018-03-20T07:40:39.000Z","volume":30000,"label":" ","price":1.87},{"type":"A","date":"2018-03-20T07:40:45.000Z","volume":2000,"label":" ","price":1.88},{"type":"A","date":"2018-03-20T07:40:45.000Z","volume":4000,"label":" ","price":1.88},{"type":"A","date":"2018-03-20T07:40:51.000Z","volume":2000,"label":" ","price":1.88},{"type":"A","date":"2018-03-20T07:40:55.000Z","volume":6000,"label":" ","price":1.88},{"type":"A","date":"2018-03-20T07:40:58.000Z","volume":22000,"label":" ","price":1.88},{"type":"A","date":"2018-03-20T07:41:02.000Z","volume":2000,"label":" ","price":1.88},{"type":"A","date":"2018-03-20T07:41:05.000Z","volume":4000,"label":" ","price":1.88},{"type":"U","date":"2018-03-20T07:41:12.000Z","volume":2000,"label":"X","price":1.875},{"type":"B","date":"2018-03-20T07:41:15.000Z","volume":2000,"label":" ","price":1.87},{"type":"A","date":"2018-03-20T07:41:17.000Z","volume":4000,"label":" ","price":1.88},{"type":"A","date":"2018-03-20T07:41:26.000Z","volume":4000,"label":" ","price":1.88},{"type":"A","date":"2018-03-20T07:41:33.000Z","volume":32000,"label":" ","price":1.88},{"type":"U","date":"2018-03-20T07:41:33.000Z","volume":6000,"label":"X","price":1.88},{"type":"A","date":"2018-03-20T07:41:33.000Z","volume":4000,"label":"Y","price":1.88},{"type":"A","date":"2018-03-20T07:41:33.000Z","volume":68000,"label":" ","price":1.88},{"type":"A","date":"2018-03-20T07:41:33.000Z","volume":4000,"label":" ","price":1.88},{"type":"A","date":"2018-03-20T07:41:35.000Z","volume":18000,"label":"Y","price":1.88},{"type":"A","date":"2018-03-20T07:41:35.000Z","volume":104000,"label":" ","price":1.88},{"type":"A","date":"2018-03-20T07:41:46.000Z","volume":4000,"label":" ","price":1.89},{"type":"A","date":"2018-03-20T07:41:57.000Z","volume":4000,"label":" ","price":1.89},{"type":"B","date":"2018-03-20T07:42:04.000Z","volume":12000,"label":" ","price":1.88},{"type":"A","date":"2018-03-20T07:42:17.000Z","volume":4000,"label":" ","price":1.89},{"type":"B","date":"2018-03-20T07:42:26.000Z","volume":6000,"label":" ","price":1.88},{"type":"U","date":"2018-03-20T07:42:42.000Z","volume":1000,"label":"D","price":1.85},{"type":"A","date":"2018-03-20T07:42:43.000Z","volume":4000,"label":" ","price":1.89},{"type":"B","date":"2018-03-20T07:42:56.000Z","volume":6000,"label":" ","price":1.88},{"type":"A","date":"2018-03-20T07:43:05.000Z","volume":4000,"label":" ","price":1.89},{"type":"B","date":"2018-03-20T07:43:12.000Z","volume":6000,"label":" ","price":1.88},{"type":"A","date":"2018-03-20T07:43:15.000Z","volume":2000,"label":" ","price":1.89},{"type":"A","date":"2018-03-20T07:43:21.000Z","volume":4000,"label":" ","price":1.89},{"type":"A","date":"2018-03-20T07:43:36.000Z","volume":4000,"label":" ","price":1.89},{"type":"B","date":"2018-03-20T07:43:41.000Z","volume":6000,"label":" ","price":1.88},{"type":"B","date":"2018-03-20T07:43:42.000Z","volume":60000,"label":" ","price":1.88},{"type":"A","date":"2018-03-20T07:43:51.000Z","volume":4000,"label":" ","price":1.89},{"type":"B","date":"2018-03-20T07:44:01.000Z","volume":6000,"label":" ","price":1.88},{"type":"B","date":"2018-03-20T07:44:02.000Z","volume":100000,"label":" ","price":1.88},{"type":"U","date":"2018-03-20T07:44:12.000Z","volume":2000,"label":"X","price":1.885},{"type":"B","date":"2018-03-20T07:44:26.000Z","volume":6000,"label":"Y","price":1.88},{"type":"A","date":"2018-03-20T07:44:26.000Z","volume":68000,"label":" ","price":1.89},{"type":"B","date":"2018-03-20T07:44:38.000Z","volume":12000,"label":" ","price":1.88},{"type":"B","date":"2018-03-20T07:44:51.000Z","volume":100000,"label":" ","price":1.88},{"type":"B","date":"2018-03-20T07:44:51.000Z","volume":6000,"label":" ","price":1.88},{"type":"U","date":"2018-03-20T07:45:13.000Z","volume":2000,"label":"X","price":1.88},{"type":"B","date":"2018-03-20T07:45:16.000Z","volume":6000,"label":" ","price":1.88},{"type":"B","date":"2018-03-20T07:45:37.000Z","volume":36000,"label":" ","price":1.88},{"type":"B","date":"2018-03-20T07:45:41.000Z","volume":6000,"label":" ","price":1.88},{"type":"B","date":"2018-03-20T07:46:01.000Z","volume":6000,"label":" ","price":1.88},{"type":"B","date":"2018-03-20T07:46:26.000Z","volume":6000,"label":" ","price":1.88},{"type":"A","date":"2018-03-20T07:46:29.000Z","volume":2000,"label":" ","price":1.89},{"type":"B","date":"2018-03-20T07:46:31.000Z","volume":20000,"label":" ","price":1.88},{"type":"B","date":"2018-03-20T07:46:52.000Z","volume":6000,"label":"Y","price":1.88},{"type":"B","date":"2018-03-20T07:47:12.000Z","volume":10000,"label":" ","price":1.88},{"type":"B","date":"2018-03-20T07:47:12.000Z","volume":6000,"label":"Y","price":1.88},{"type":"A","date":"2018-03-20T07:47:16.000Z","volume":96000,"label":" ","price":1.89},{"type":"B","date":"2018-03-20T07:47:22.000Z","volume":10000,"label":" ","price":1.88},{"type":"B","date":"2018-03-20T07:47:36.000Z","volume":6000,"label":"Y","price":1.88},{"type":"B","date":"2018-03-20T07:47:52.000Z","volume":8000,"label":" ","price":1.88},{"type":"B","date":"2018-03-20T07:48:01.000Z","volume":6000,"label":" ","price":1.88},{"type":"B","date":"2018-03-20T07:48:26.000Z","volume":6000,"label":"Y","price":1.88},{"type":"A","date":"2018-03-20T07:48:37.000Z","volume":4000,"label":" ","price":1.89},{"type":"B","date":"2018-03-20T07:48:51.000Z","volume":6000,"label":"Y","price":1.88},{"type":"B","date":"2018-03-20T07:49:04.000Z","volume":40000,"label":" ","price":1.88},{"type":"B","date":"2018-03-20T07:49:16.000Z","volume":6000,"label":" ","price":1.88},{"type":"A","date":"2018-03-20T07:49:17.000Z","volume":42000,"label":" ","price":1.89},{"type":"B","date":"2018-03-20T07:49:30.000Z","volume":60000,"label":" ","price":1.88},{"type":"B","date":"2018-03-20T07:49:36.000Z","volume":6000,"label":" ","price":1.88},{"type":"A","date":"2018-03-20T07:49:52.000Z","volume":76000,"label":" ","price":1.89},{"type":"B","date":"2018-03-20T07:50:01.000Z","volume":6000,"label":"Y","price":1.88},{"type":"A","date":"2018-03-20T07:50:04.000Z","volume":26000,"label":" ","price":1.89},{"type":"A","date":"2018-03-20T07:50:07.000Z","volume":2000,"label":" ","price":1.89},{"type":"A","date":"2018-03-20T07:50:23.000Z","volume":2000,"label":" ","price":1.89},{"type":"B","date":"2018-03-20T07:50:31.000Z","volume":20000,"label":" ","price":1.88},{"type":"B","date":"2018-03-20T07:50:52.000Z","volume":12000,"label":" ","price":1.88},{"type":"A","date":"2018-03-20T07:50:56.000Z","volume":10000,"label":" ","price":1.89},{"type":"A","date":"2018-03-20T07:51:02.000Z","volume":50000,"label":" ","price":1.89},{"type":"B","date":"2018-03-20T07:51:06.000Z","volume":12000,"label":" ","price":1.88},{"type":"A","date":"2018-03-20T07:51:07.000Z","volume":2000,"label":" ","price":1.89},{"type":"B","date":"2018-03-20T07:51:12.000Z","volume":6000,"label":" ","price":1.88},{"type":"B","date":"2018-03-20T07:51:20.000Z","volume":10000,"label":" ","price":1.88},{"type":"B","date":"2018-03-20T07:51:32.000Z","volume":6000,"label":" ","price":1.88},{"type":"A","date":"2018-03-20T07:51:32.000Z","volume":2000,"label":" ","price":1.89},{"type":"B","date":"2018-03-20T07:51:35.000Z","volume":2000,"label":" ","price":1.88},{"type":"U","date":"2018-03-20T07:51:39.000Z","volume":600,"label":"D","price":1.84},{"type":"A","date":"2018-03-20T07:51:47.000Z","volume":28000,"label":" ","price":1.89},{"type":"B","date":"2018-03-20T07:51:47.000Z","volume":6000,"label":" ","price":1.88},{"type":"B","date":"2018-03-20T07:51:57.000Z","volume":10000,"label":" ","price":1.88},{"type":"B","date":"2018-03-20T07:51:58.000Z","volume":10000,"label":" ","price":1.88},{"type":"B","date":"2018-03-20T07:52:07.000Z","volume":6000,"label":" ","price":1.88},{"type":"A","date":"2018-03-20T07:52:07.000Z","volume":2000,"label":" ","price":1.89},{"type":"A","date":"2018-03-20T07:52:14.000Z","volume":2000,"label":" ","price":1.89},{"type":"A","date":"2018-03-20T07:52:15.000Z","volume":2000,"label":" ","price":1.89},{"type":"B","date":"2018-03-20T07:52:25.000Z","volume":6000,"label":" ","price":1.88},{"type":"A","date":"2018-03-20T07:52:32.000Z","volume":32000,"label":" ","price":1.89},{"type":"U","date":"2018-03-20T07:52:35.000Z","volume":10000,"label":"X","price":1.885},{"type":"U","date":"2018-03-20T07:52:35.000Z","volume":2000,"label":"X","price":1.885},{"type":"B","date":"2018-03-20T07:52:43.000Z","volume":6000,"label":" ","price":1.88},{"type":"A","date":"2018-03-20T07:52:46.000Z","volume":32000,"label":" ","price":1.89},{"type":"A","date":"2018-03-20T07:52:50.000Z","volume":32000,"label":" ","price":1.89},{"type":"B","date":"2018-03-20T07:53:01.000Z","volume":6000,"label":" ","price":1.88},{"type":"A","date":"2018-03-20T07:53:08.000Z","volume":4000,"label":" ","price":1.89},{"type":"A","date":"2018-03-20T07:53:17.000Z","volume":2000,"label":" ","price":1.89},{"type":"B","date":"2018-03-20T07:53:19.000Z","volume":6000,"label":" ","price":1.88},{"type":"A","date":"2018-03-20T07:53:32.000Z","volume":2000,"label":"Y","price":1.89},{"type":"A","date":"2018-03-20T07:53:32.000Z","volume":42000,"label":" ","price":1.89},{"type":"B","date":"2018-03-20T07:53:37.000Z","volume":6000,"label":" ","price":1.88},{"type":"B","date":"2018-03-20T07:53:55.000Z","volume":6000,"label":" ","price":1.88},{"type":"B","date":"2018-03-20T07:54:02.000Z","volume":2000,"label":" ","price":1.88},{"type":"A","date":"2018-03-20T07:54:07.000Z","volume":14000,"label":" ","price":1.89},{"type":"B","date":"2018-03-20T07:54:13.000Z","volume":2000,"label":"Y","price":1.88},{"type":"B","date":"2018-03-20T07:54:13.000Z","volume":4000,"label":" ","price":1.88},{"type":"A","date":"2018-03-20T07:54:17.000Z","volume":16000,"label":" ","price":1.89},{"type":"B","date":"2018-03-20T07:54:31.000Z","volume":6000,"label":" ","price":1.88},{"type":"A","date":"2018-03-20T07:54:32.000Z","volume":36000,"label":" ","price":1.89},{"type":"A","date":"2018-03-20T07:54:46.000Z","volume":28000,"label":" ","price":1.89},{"type":"A","date":"2018-03-20T07:54:47.000Z","volume":2000,"label":" ","price":1.89},{"type":"B","date":"2018-03-20T07:54:49.000Z","volume":6000,"label":" ","price":1.88},{"type":"A","date":"2018-03-20T07:54:51.000Z","volume":2000,"label":" ","price":1.89},{"type":"B","date":"2018-03-20T07:54:57.000Z","volume":12000,"label":" ","price":1.88},{"type":"B","date":"2018-03-20T07:55:06.000Z","volume":6000,"label":" ","price":1.88},{"type":"A","date":"2018-03-20T07:55:08.000Z","volume":50000,"label":" ","price":1.89},{"type":"A","date":"2018-03-20T07:55:09.000Z","volume":86000,"label":" ","price":1.89},{"type":"U","date":"2018-03-20T07:55:15.000Z","volume":8000,"label":"X","price":1.885},{"type":"B","date":"2018-03-20T07:55:20.000Z","volume":16000,"label":" ","price":1.88},{"type":"B","date":"2018-03-20T07:55:23.000Z","volume":22000,"label":" ","price":1.88},{"type":"B","date":"2018-03-20T07:55:24.000Z","volume":6000,"label":" ","price":1.88},{"type":"A","date":"2018-03-20T07:55:25.000Z","volume":6000,"label":" ","price":1.89},{"type":"A","date":"2018-03-20T07:55:26.000Z","volume":2000,"label":" ","price":1.89},{"type":"A","date":"2018-03-20T07:55:32.000Z","volume":16000,"label":" ","price":1.89},{"type":"A","date":"2018-03-20T07:55:32.000Z","volume":40000,"label":" ","price":1.89},{"type":"B","date":"2018-03-20T07:55:42.000Z","volume":6000,"label":" ","price":1.88},{"type":"U","date":"2018-03-20T07:55:43.000Z","volume":8000,"label":"X","price":1.885},{"type":"A","date":"2018-03-20T07:55:43.000Z","volume":14000,"label":" ","price":1.89},{"type":"U","date":"2018-03-20T07:56:04.000Z","volume":1208,"label":"D","price":1.83},{"type":"U","date":"2018-03-20T07:56:15.000Z","volume":4000,"label":"X","price":1.885},{"type":"A","date":"2018-03-20T07:56:17.000Z","volume":2000,"label":" ","price":1.89},{"type":"U","date":"2018-03-20T07:56:20.000Z","volume":8000,"label":"X","price":1.885},{"type":"A","date":"2018-03-20T07:56:20.000Z","volume":14000,"label":" ","price":1.89},{"type":"B","date":"2018-03-20T07:56:27.000Z","volume":100000,"label":" ","price":1.88},{"type":"B","date":"2018-03-20T07:56:29.000Z","volume":14000,"label":" ","price":1.88},{"type":"A","date":"2018-03-20T07:56:35.000Z","volume":2000,"label":" ","price":1.89},{"type":"B","date":"2018-03-20T07:56:45.000Z","volume":6000,"label":" ","price":1.88},{"type":"A","date":"2018-03-20T07:56:47.000Z","volume":14000,"label":" ","price":1.89},{"type":"A","date":"2018-03-20T07:56:55.000Z","volume":30000,"label":" ","price":1.89},{"type":"A","date":"2018-03-20T07:57:02.000Z","volume":68000,"label":" ","price":1.89},{"type":"B","date":"2018-03-20T07:57:02.000Z","volume":14000,"label":" ","price":1.88},{"type":"B","date":"2018-03-20T07:57:03.000Z","volume":6000,"label":"Y","price":1.88},{"type":"U","date":"2018-03-20T07:57:04.000Z","volume":1960,"label":"D","price":1.84},{"type":"B","date":"2018-03-20T07:57:12.000Z","volume":20000,"label":" ","price":1.88},{"type":"B","date":"2018-03-20T07:57:16.000Z","volume":6000,"label":" ","price":1.88},{"type":"A","date":"2018-03-20T07:57:17.000Z","volume":2000,"label":" ","price":1.89},{"type":"B","date":"2018-03-20T07:57:17.000Z","volume":6000,"label":" ","price":1.88},{"type":"A","date":"2018-03-20T07:57:26.000Z","volume":22000,"label":" ","price":1.89},{"type":"B","date":"2018-03-20T07:57:29.000Z","volume":20000,"label":" ","price":1.88},{"type":"B","date":"2018-03-20T07:57:30.000Z","volume":6000,"label":" ","price":1.88},{"type":"B","date":"2018-03-20T07:57:32.000Z","volume":4000,"label":" ","price":1.88},{"type":"B","date":"2018-03-20T07:57:32.000Z","volume":6000,"label":" ","price":1.88},{"type":"B","date":"2018-03-20T07:57:32.000Z","volume":4000,"label":" ","price":1.88},{"type":"A","date":"2018-03-20T07:57:32.000Z","volume":10000,"label":" ","price":1.89},{"type":"A","date":"2018-03-20T07:57:36.000Z","volume":6000,"label":" ","price":1.89},{"type":"B","date":"2018-03-20T07:57:43.000Z","volume":6000,"label":" ","price":1.88},{"type":"B","date":"2018-03-20T07:57:48.000Z","volume":18000,"label":" ","price":1.88},{"type":"B","date":"2018-03-20T07:58:01.000Z","volume":2000,"label":"Y","price":1.88},{"type":"B","date":"2018-03-20T07:58:01.000Z","volume":4000,"label":" ","price":1.88},{"type":"U","date":"2018-03-20T07:58:02.000Z","volume":6000,"label":"X","price":1.885},{"type":"A","date":"2018-03-20T07:58:02.000Z","volume":14000,"label":" ","price":1.89},{"type":"A","date":"2018-03-20T07:58:02.000Z","volume":18000,"label":" ","price":1.89},{"type":"A","date":"2018-03-20T07:58:02.000Z","volume":38000,"label":" ","price":1.89},{"type":"A","date":"2018-03-20T07:58:17.000Z","volume":2000,"label":" ","price":1.89},{"type":"B","date":"2018-03-20T07:58:24.000Z","volume":6000,"label":" ","price":1.88},{"type":"A","date":"2018-03-20T07:58:32.000Z","volume":38000,"label":" ","price":1.89},{"type":"A","date":"2018-03-20T07:58:34.000Z","volume":18000,"label":" ","price":1.89},{"type":"B","date":"2018-03-20T07:58:37.000Z","volume":6000,"label":" ","price":1.88},{"type":"A","date":"2018-03-20T07:58:47.000Z","volume":6000,"label":" ","price":1.89},{"type":"B","date":"2018-03-20T07:58:50.000Z","volume":2000,"label":"Y","price":1.88},{"type":"B","date":"2018-03-20T07:58:50.000Z","volume":4000,"label":"Y","price":1.88},{"type":"B","date":"2018-03-20T07:58:51.000Z","volume":6000,"label":" ","price":1.88},{"type":"A","date":"2018-03-20T07:59:00.000Z","volume":2000,"label":" ","price":1.89},{"type":"B","date":"2018-03-20T07:59:02.000Z","volume":2000,"label":" ","price":1.88},{"type":"A","date":"2018-03-20T07:59:02.000Z","volume":2000,"label":" ","price":1.89},{"type":"A","date":"2018-03-20T07:59:02.000Z","volume":46000,"label":" ","price":1.89},{"type":"A","date":"2018-03-20T07:59:02.000Z","volume":2000,"label":" ","price":1.89},{"type":"B","date":"2018-03-20T07:59:06.000Z","volume":6000,"label":" ","price":1.88},{"type":"A","date":"2018-03-20T07:59:08.000Z","volume":2000,"label":" ","price":1.89},{"type":"A","date":"2018-03-20T07:59:10.000Z","volume":18000,"label":" ","price":1.89},{"type":"B","date":"2018-03-20T07:59:11.000Z","volume":8000,"label":" ","price":1.88},{"type":"A","date":"2018-03-20T07:59:11.000Z","volume":2000,"label":" ","price":1.89},{"type":"A","date":"2018-03-20T07:59:11.000Z","volume":14000,"label":" ","price":1.89},{"type":"A","date":"2018-03-20T07:59:19.000Z","volume":22000,"label":" ","price":1.89},{"type":"A","date":"2018-03-20T07:59:22.000Z","volume":8000,"label":" ","price":1.89},{"type":"B","date":"2018-03-20T07:59:24.000Z","volume":50000,"label":" ","price":1.88},{"type":"A","date":"2018-03-20T07:59:26.000Z","volume":2000,"label":" ","price":1.89},{"type":"A","date":"2018-03-20T07:59:32.000Z","volume":10000,"label":" ","price":1.89},{"type":"A","date":"2018-03-20T07:59:34.000Z","volume":24000,"label":" ","price":1.89},{"type":"A","date":"2018-03-20T07:59:40.000Z","volume":8000,"label":" ","price":1.89},{"type":"A","date":"2018-03-20T07:59:41.000Z","volume":36000,"label":" ","price":1.89},{"type":"A","date":"2018-03-20T07:59:44.000Z","volume":2000,"label":" ","price":1.89},{"type":"A","date":"2018-03-20T07:59:45.000Z","volume":2000,"label":" ","price":1.89},{"type":"A","date":"2018-03-20T07:59:45.000Z","volume":4000,"label":" ","price":1.89},{"type":"A","date":"2018-03-20T07:59:45.000Z","volume":18000,"label":" ","price":1.89},{"type":"A","date":"2018-03-20T07:59:47.000Z","volume":2000,"label":" ","price":1.89},{"type":"A","date":"2018-03-20T07:59:53.000Z","volume":8000,"label":" ","price":1.89},{"type":"A","date":"2018-03-20T07:59:53.000Z","volume":4000,"label":" ","price":1.89},{"type":"A","date":"2018-03-20T07:59:54.000Z","volume":2000,"label":" ","price":1.89},{"type":"A","date":"2018-03-20T07:59:54.000Z","volume":6000,"label":" ","price":1.89},{"type":"A","date":"2018-03-20T07:59:57.000Z","volume":2000,"label":" ","price":1.89},{"type":"A","date":"2018-03-20T07:59:58.000Z","volume":2000,"label":" ","price":1.89},{"type":"U","date":"2018-03-20T08:08:31.000Z","volume":822000,"label":"U","price":1.89}]