[{"type":"U","date":"2018-04-03T01:04:59.000Z","volume":26000,"label":"P","price":40.3},{"type":"U","date":"2018-04-03T01:20:00.000Z","volume":12000,"label":"U","price":41},{"type":"A","date":"2018-04-03T01:48:22.000Z","volume":6000,"label":" ","price":41.15},{"type":"A","date":"2018-04-03T01:48:22.000Z","volume":6000,"label":" ","price":41.15},{"type":"B","date":"2018-04-03T01:48:22.000Z","volume":2000,"label":" ","price":41.15},{"type":"A","date":"2018-04-03T01:48:23.000Z","volume":2000,"label":" ","price":41.35},{"type":"A","date":"2018-04-03T01:48:23.000Z","volume":2000,"label":" ","price":41.35},{"type":"A","date":"2018-04-03T01:48:23.000Z","volume":2000,"label":" ","price":41.5},{"type":"B","date":"2018-04-03T01:50:29.000Z","volume":6000,"label":" ","price":41.25},{"type":"B","date":"2018-04-03T01:50:29.000Z","volume":2000,"label":" ","price":41.2},{"type":"A","date":"2018-04-03T01:50:32.000Z","volume":2000,"label":" ","price":41.3},{"type":"A","date":"2018-04-03T01:50:32.000Z","volume":2000,"label":" ","price":41.3},{"type":"U","date":"2018-04-03T01:51:28.000Z","volume":2000,"label":"X","price":41.3},{"type":"A","date":"2018-04-03T01:52:17.000Z","volume":4000,"label":" ","price":41.3},{"type":"B","date":"2018-04-03T01:52:21.000Z","volume":8000,"label":" ","price":41.25},{"type":"B","date":"2018-04-03T01:52:21.000Z","volume":2000,"label":" ","price":41.2},{"type":"B","date":"2018-04-03T01:52:21.000Z","volume":6000,"label":" ","price":41.2},{"type":"B","date":"2018-04-03T01:52:21.000Z","volume":4000,"label":" ","price":41.2},{"type":"U","date":"2018-04-03T01:52:22.000Z","volume":2000,"label":"X","price":41.25},{"type":"A","date":"2018-04-03T01:52:23.000Z","volume":4000,"label":" ","price":41.2},{"type":"A","date":"2018-04-03T01:52:23.000Z","volume":2000,"label":" ","price":41.2},{"type":"B","date":"2018-04-03T01:52:24.000Z","volume":2000,"label":" ","price":41.05},{"type":"B","date":"2018-04-03T01:52:26.000Z","volume":2000,"label":" ","price":41.05},{"type":"A","date":"2018-04-03T01:52:26.000Z","volume":2000,"label":" ","price":41.2},{"type":"A","date":"2018-04-03T01:52:32.000Z","volume":2000,"label":" ","price":41.25},{"type":"B","date":"2018-04-03T01:58:06.000Z","volume":4000,"label":" ","price":41.05},{"type":"U","date":"2018-04-03T01:58:06.000Z","volume":2000,"label":"X","price":41.15},{"type":"A","date":"2018-04-03T01:59:17.000Z","volume":2000,"label":"Y","price":41.15},{"type":"A","date":"2018-04-03T01:59:17.000Z","volume":4000,"label":" ","price":41.15},{"type":"A","date":"2018-04-03T02:00:54.000Z","volume":2000,"label":" ","price":41.1},{"type":"U","date":"2018-04-03T02:00:54.000Z","volume":2000,"label":"X","price":41.1},{"type":"B","date":"2018-04-03T02:00:55.000Z","volume":22000,"label":" ","price":41},{"type":"B","date":"2018-04-03T02:00:55.000Z","volume":10000,"label":" ","price":41},{"type":"B","date":"2018-04-03T02:00:55.000Z","volume":6000,"label":" ","price":40.95},{"type":"A","date":"2018-04-03T02:00:55.000Z","volume":2000,"label":" ","price":41.05},{"type":"B","date":"2018-04-03T02:00:55.000Z","volume":4000,"label":" ","price":40.9},{"type":"A","date":"2018-04-03T02:00:56.000Z","volume":2000,"label":" ","price":41},{"type":"A","date":"2018-04-03T02:00:57.000Z","volume":2000,"label":" ","price":40.95},{"type":"A","date":"2018-04-03T02:00:58.000Z","volume":2000,"label":" ","price":40.95},{"type":"A","date":"2018-04-03T02:00:59.000Z","volume":2000,"label":" ","price":40.95},{"type":"A","date":"2018-04-03T02:00:59.000Z","volume":2000,"label":" ","price":40.95},{"type":"U","date":"2018-04-03T02:02:29.000Z","volume":1000,"label":"D","price":41},{"type":"A","date":"2018-04-03T02:02:58.000Z","volume":2000,"label":" ","price":40.95},{"type":"U","date":"2018-04-03T02:02:58.000Z","volume":2000,"label":"X","price":40.95},{"type":"B","date":"2018-04-03T02:03:45.000Z","volume":10000,"label":" ","price":40.6},{"type":"U","date":"2018-04-03T02:03:45.000Z","volume":2000,"label":"X","price":40.9},{"type":"A","date":"2018-04-03T02:06:08.000Z","volume":10000,"label":" ","price":40.85},{"type":"U","date":"2018-04-03T02:06:08.000Z","volume":2000,"label":"X","price":40.9},{"type":"A","date":"2018-04-03T02:06:22.000Z","volume":2000,"label":" ","price":40.9},{"type":"A","date":"2018-04-03T02:06:25.000Z","volume":2000,"label":" ","price":40.9},{"type":"U","date":"2018-04-03T02:06:25.000Z","volume":2000,"label":"X","price":40.95},{"type":"A","date":"2018-04-03T02:07:54.000Z","volume":2000,"label":" ","price":40.95},{"type":"A","date":"2018-04-03T02:10:41.000Z","volume":2000,"label":"Y","price":41},{"type":"A","date":"2018-04-03T02:10:41.000Z","volume":4000,"label":" ","price":41},{"type":"U","date":"2018-04-03T02:10:41.000Z","volume":2000,"label":"X","price":41.05},{"type":"A","date":"2018-04-03T02:19:15.000Z","volume":6000,"label":" ","price":40.95},{"type":"A","date":"2018-04-03T02:19:22.000Z","volume":2000,"label":"Y","price":41.05},{"type":"A","date":"2018-04-03T02:19:22.000Z","volume":2000,"label":" ","price":41.1},{"type":"U","date":"2018-04-03T02:19:22.000Z","volume":2000,"label":"X","price":41.1},{"type":"A","date":"2018-04-03T02:19:46.000Z","volume":2000,"label":" ","price":41.1},{"type":"A","date":"2018-04-03T02:19:54.000Z","volume":2000,"label":" ","price":41.1},{"type":"A","date":"2018-04-03T02:20:00.000Z","volume":2000,"label":" ","price":41.1},{"type":"U","date":"2018-04-03T02:20:00.000Z","volume":2000,"label":"X","price":41.1},{"type":"U","date":"2018-04-03T02:20:29.000Z","volume":195,"label":"D","price":40.35},{"type":"A","date":"2018-04-03T02:20:31.000Z","volume":2000,"label":" ","price":41.1},{"type":"A","date":"2018-04-03T02:21:16.000Z","volume":24000,"label":" ","price":41.2},{"type":"U","date":"2018-04-03T02:21:18.000Z","volume":2000,"label":" ","price":41},{"type":"A","date":"2018-04-03T02:21:20.000Z","volume":2000,"label":" ","price":41.3},{"type":"B","date":"2018-04-03T02:30:46.000Z","volume":4000,"label":" ","price":40.9},{"type":"U","date":"2018-04-03T02:30:46.000Z","volume":2000,"label":"X","price":41.25},{"type":"B","date":"2018-04-03T02:35:24.000Z","volume":8000,"label":" ","price":40.85},{"type":"A","date":"2018-04-03T02:35:24.000Z","volume":2000,"label":" ","price":41.15},{"type":"U","date":"2018-04-03T02:35:24.000Z","volume":2000,"label":"X","price":41.15},{"type":"B","date":"2018-04-03T02:35:24.000Z","volume":2000,"label":" ","price":40.75},{"type":"A","date":"2018-04-03T02:35:25.000Z","volume":2000,"label":" ","price":41.15},{"type":"A","date":"2018-04-03T02:35:26.000Z","volume":2000,"label":" ","price":41.15},{"type":"A","date":"2018-04-03T02:39:21.000Z","volume":2000,"label":" ","price":41.15},{"type":"U","date":"2018-04-03T02:39:21.000Z","volume":2000,"label":"X","price":41.15},{"type":"B","date":"2018-04-03T02:47:29.000Z","volume":2000,"label":" ","price":41},{"type":"B","date":"2018-04-03T02:48:07.000Z","volume":2000,"label":" ","price":40.9},{"type":"U","date":"2018-04-03T02:48:07.000Z","volume":2000,"label":"X","price":41.15},{"type":"B","date":"2018-04-03T02:49:51.000Z","volume":2000,"label":" ","price":40.6},{"type":"A","date":"2018-04-03T02:52:26.000Z","volume":6000,"label":" ","price":41},{"type":"A","date":"2018-04-03T02:52:26.000Z","volume":2000,"label":" ","price":41.05},{"type":"A","date":"2018-04-03T02:52:26.000Z","volume":2000,"label":" ","price":41.1},{"type":"A","date":"2018-04-03T02:52:26.000Z","volume":4000,"label":" ","price":41.15},{"type":"A","date":"2018-04-03T02:52:26.000Z","volume":12000,"label":" ","price":41.2},{"type":"A","date":"2018-04-03T02:52:26.000Z","volume":4000,"label":" ","price":41.25},{"type":"A","date":"2018-04-03T02:52:26.000Z","volume":4000,"label":"Y","price":41.3},{"type":"A","date":"2018-04-03T02:52:26.000Z","volume":48000,"label":" ","price":41.3},{"type":"A","date":"2018-04-03T02:52:26.000Z","volume":18000,"label":" ","price":41.45},{"type":"A","date":"2018-04-03T02:52:26.000Z","volume":2000,"label":" ","price":41.25},{"type":"A","date":"2018-04-03T02:52:26.000Z","volume":2000,"label":" ","price":41.3},{"type":"U","date":"2018-04-03T02:52:26.000Z","volume":2000,"label":" ","price":41.25},{"type":"A","date":"2018-04-03T02:52:27.000Z","volume":2000,"label":" ","price":41.5},{"type":"U","date":"2018-04-03T02:52:27.000Z","volume":2000,"label":"X","price":41.5},{"type":"U","date":"2018-04-03T02:52:27.000Z","volume":2000,"label":" ","price":41.05},{"type":"A","date":"2018-04-03T02:52:28.000Z","volume":4000,"label":" ","price":41.5},{"type":"A","date":"2018-04-03T02:52:28.000Z","volume":4000,"label":" ","price":41.5},{"type":"A","date":"2018-04-03T02:52:29.000Z","volume":2000,"label":" ","price":41.45},{"type":"A","date":"2018-04-03T02:52:30.000Z","volume":2000,"label":" ","price":41.6},{"type":"A","date":"2018-04-03T02:52:31.000Z","volume":2000,"label":" ","price":41.7},{"type":"A","date":"2018-04-03T02:52:32.000Z","volume":2000,"label":" ","price":41.8},{"type":"A","date":"2018-04-03T02:52:33.000Z","volume":2000,"label":" ","price":42},{"type":"U","date":"2018-04-03T02:52:34.000Z","volume":2000,"label":" ","price":42},{"type":"B","date":"2018-04-03T02:52:37.000Z","volume":2000,"label":" ","price":42},{"type":"U","date":"2018-04-03T02:52:55.000Z","volume":2000,"label":" ","price":42.05},{"type":"U","date":"2018-04-03T02:52:56.000Z","volume":2000,"label":"X","price":42.05},{"type":"B","date":"2018-04-03T02:53:00.000Z","volume":4000,"label":" ","price":41.9},{"type":"A","date":"2018-04-03T02:53:01.000Z","volume":4000,"label":" ","price":41.9},{"type":"U","date":"2018-04-03T02:53:03.000Z","volume":2000,"label":" ","price":41.05},{"type":"U","date":"2018-04-03T02:53:31.000Z","volume":2000,"label":" ","price":41.9},{"type":"U","date":"2018-04-03T02:53:32.000Z","volume":2000,"label":" ","price":41.9},{"type":"U","date":"2018-04-03T02:53:34.000Z","volume":2000,"label":" ","price":41.9},{"type":"U","date":"2018-04-03T02:53:38.000Z","volume":2000,"label":" ","price":41.85},{"type":"U","date":"2018-04-03T02:53:39.000Z","volume":2000,"label":" ","price":41.85},{"type":"U","date":"2018-04-03T02:53:40.000Z","volume":2000,"label":" ","price":41.85},{"type":"U","date":"2018-04-03T02:53:41.000Z","volume":2000,"label":"X","price":41.85},{"type":"A","date":"2018-04-03T02:53:42.000Z","volume":2000,"label":" ","price":41.85},{"type":"A","date":"2018-04-03T02:53:43.000Z","volume":2000,"label":" ","price":41.8},{"type":"A","date":"2018-04-03T02:53:44.000Z","volume":2000,"label":" ","price":41.75},{"type":"U","date":"2018-04-03T02:53:44.000Z","volume":2000,"label":"X","price":41.75},{"type":"B","date":"2018-04-03T02:53:45.000Z","volume":2000,"label":" ","price":41.1},{"type":"A","date":"2018-04-03T02:53:45.000Z","volume":2000,"label":" ","price":41.7},{"type":"A","date":"2018-04-03T02:53:46.000Z","volume":4000,"label":" ","price":41.7},{"type":"A","date":"2018-04-03T02:53:47.000Z","volume":4000,"label":" ","price":41.7},{"type":"A","date":"2018-04-03T02:53:48.000Z","volume":4000,"label":" ","price":41.8},{"type":"A","date":"2018-04-03T02:53:49.000Z","volume":2000,"label":" ","price":41.85},{"type":"A","date":"2018-04-03T02:53:49.000Z","volume":2000,"label":" ","price":41.85},{"type":"A","date":"2018-04-03T02:53:50.000Z","volume":2000,"label":" ","price":41.85},{"type":"A","date":"2018-04-03T02:53:50.000Z","volume":2000,"label":" ","price":41.85},{"type":"A","date":"2018-04-03T02:53:51.000Z","volume":2000,"label":" ","price":41.85},{"type":"A","date":"2018-04-03T02:53:51.000Z","volume":2000,"label":" ","price":41.85},{"type":"A","date":"2018-04-03T02:53:52.000Z","volume":2000,"label":" ","price":41.85},{"type":"B","date":"2018-04-03T02:53:52.000Z","volume":2000,"label":" ","price":41.85},{"type":"A","date":"2018-04-03T02:53:53.000Z","volume":2000,"label":" ","price":41.85},{"type":"A","date":"2018-04-03T02:53:54.000Z","volume":2000,"label":" ","price":41.85},{"type":"U","date":"2018-04-03T02:53:55.000Z","volume":2000,"label":" ","price":41.85},{"type":"A","date":"2018-04-03T02:53:56.000Z","volume":2000,"label":" ","price":41.85},{"type":"A","date":"2018-04-03T02:53:56.000Z","volume":2000,"label":" ","price":41.85},{"type":"U","date":"2018-04-03T02:53:57.000Z","volume":4000,"label":" ","price":41.85},{"type":"A","date":"2018-04-03T02:53:58.000Z","volume":2000,"label":" ","price":41.85},{"type":"U","date":"2018-04-03T02:53:58.000Z","volume":2000,"label":"X","price":41.85},{"type":"A","date":"2018-04-03T03:00:43.000Z","volume":2000,"label":"Y","price":41.8},{"type":"A","date":"2018-04-03T03:00:43.000Z","volume":6000,"label":" ","price":41.8},{"type":"U","date":"2018-04-03T03:00:43.000Z","volume":2000,"label":"X","price":41.8},{"type":"A","date":"2018-04-03T03:00:44.000Z","volume":2000,"label":" ","price":41.8},{"type":"A","date":"2018-04-03T03:01:06.000Z","volume":2000,"label":" ","price":41.8},{"type":"U","date":"2018-04-03T03:01:06.000Z","volume":2000,"label":"X","price":41.85},{"type":"A","date":"2018-04-03T03:01:08.000Z","volume":2000,"label":" ","price":41.85},{"type":"A","date":"2018-04-03T03:07:06.000Z","volume":8000,"label":" ","price":41.85},{"type":"U","date":"2018-04-03T03:07:07.000Z","volume":2000,"label":" ","price":41.85},{"type":"U","date":"2018-04-03T03:07:07.000Z","volume":2000,"label":"X","price":41.9},{"type":"A","date":"2018-04-03T03:07:09.000Z","volume":2000,"label":" ","price":41.9},{"type":"A","date":"2018-04-03T03:07:13.000Z","volume":2000,"label":" ","price":41.9},{"type":"A","date":"2018-04-03T03:07:13.000Z","volume":2000,"label":" ","price":41.95},{"type":"A","date":"2018-04-03T03:07:13.000Z","volume":2000,"label":" ","price":42},{"type":"A","date":"2018-04-03T03:07:14.000Z","volume":2000,"label":" ","price":42},{"type":"A","date":"2018-04-03T03:07:43.000Z","volume":6000,"label":" ","price":42},{"type":"U","date":"2018-04-03T03:07:43.000Z","volume":2000,"label":"X","price":42.05},{"type":"A","date":"2018-04-03T03:07:45.000Z","volume":2000,"label":" ","price":42.05},{"type":"A","date":"2018-04-03T03:07:46.000Z","volume":2000,"label":" ","price":42.05},{"type":"A","date":"2018-04-03T03:07:46.000Z","volume":2000,"label":"Y","price":42.1},{"type":"U","date":"2018-04-03T03:07:48.000Z","volume":2000,"label":" ","price":42.05},{"type":"A","date":"2018-04-03T03:07:48.000Z","volume":2000,"label":" ","price":42.2},{"type":"A","date":"2018-04-03T03:08:39.000Z","volume":4000,"label":" ","price":42.2},{"type":"U","date":"2018-04-03T03:08:39.000Z","volume":2000,"label":"X","price":42.25},{"type":"B","date":"2018-04-03T03:08:41.000Z","volume":2000,"label":" ","price":42.15},{"type":"A","date":"2018-04-03T03:08:41.000Z","volume":2000,"label":" ","price":42.25},{"type":"B","date":"2018-04-03T03:08:43.000Z","volume":2000,"label":" ","price":42.05},{"type":"U","date":"2018-04-03T03:08:43.000Z","volume":2000,"label":" ","price":42.25},{"type":"U","date":"2018-04-03T03:08:45.000Z","volume":2000,"label":" ","price":41.95},{"type":"U","date":"2018-04-03T03:08:45.000Z","volume":2000,"label":" ","price":42.25},{"type":"B","date":"2018-04-03T03:12:39.000Z","volume":2000,"label":" ","price":41.8},{"type":"U","date":"2018-04-03T03:12:40.000Z","volume":2000,"label":"X","price":42},{"type":"A","date":"2018-04-03T03:15:41.000Z","volume":8000,"label":" ","price":41.8},{"type":"U","date":"2018-04-03T03:15:41.000Z","volume":2000,"label":"X","price":41.8},{"type":"A","date":"2018-04-03T03:15:42.000Z","volume":2000,"label":" ","price":41.8},{"type":"A","date":"2018-04-03T03:15:44.000Z","volume":4000,"label":" ","price":41.8},{"type":"A","date":"2018-04-03T03:15:44.000Z","volume":2000,"label":" ","price":41.8},{"type":"A","date":"2018-04-03T03:15:45.000Z","volume":2000,"label":" ","price":42},{"type":"U","date":"2018-04-03T03:15:55.000Z","volume":2000,"label":"X","price":42.05},{"type":"U","date":"2018-04-03T03:18:55.000Z","volume":2000,"label":"X","price":42.2},{"type":"U","date":"2018-04-03T03:18:55.000Z","volume":2000,"label":"X","price":42.2},{"type":"B","date":"2018-04-03T03:23:10.000Z","volume":2000,"label":" ","price":41.85},{"type":"B","date":"2018-04-03T03:23:11.000Z","volume":2000,"label":" ","price":42},{"type":"A","date":"2018-04-03T03:24:04.000Z","volume":4000,"label":" ","price":42.05},{"type":"A","date":"2018-04-03T03:25:32.000Z","volume":2000,"label":" ","price":42.05},{"type":"A","date":"2018-04-03T03:25:33.000Z","volume":2000,"label":" ","price":42.1},{"type":"A","date":"2018-04-03T03:26:25.000Z","volume":14000,"label":" ","price":42.2},{"type":"B","date":"2018-04-03T03:26:25.000Z","volume":2000,"label":" ","price":42.2},{"type":"B","date":"2018-04-03T03:26:25.000Z","volume":2000,"label":" ","price":42.2},{"type":"A","date":"2018-04-03T03:26:26.000Z","volume":2000,"label":" ","price":42.3},{"type":"B","date":"2018-04-03T03:26:27.000Z","volume":8000,"label":" ","price":42.4},{"type":"B","date":"2018-04-03T03:26:27.000Z","volume":2000,"label":" ","price":42.2},{"type":"B","date":"2018-04-03T03:26:32.000Z","volume":8000,"label":" ","price":42.2},{"type":"A","date":"2018-04-03T03:26:32.000Z","volume":2000,"label":" ","price":42.45},{"type":"U","date":"2018-04-03T03:26:35.000Z","volume":4000,"label":" ","price":42.4},{"type":"A","date":"2018-04-03T03:26:37.000Z","volume":2000,"label":" ","price":42.4},{"type":"B","date":"2018-04-03T03:30:39.000Z","volume":2000,"label":" ","price":42.25},{"type":"B","date":"2018-04-03T03:33:12.000Z","volume":16000,"label":" ","price":42.2},{"type":"A","date":"2018-04-03T03:33:12.000Z","volume":20000,"label":" ","price":42.2},{"type":"A","date":"2018-04-03T03:33:12.000Z","volume":14000,"label":" ","price":42.2},{"type":"B","date":"2018-04-03T03:33:12.000Z","volume":2000,"label":" ","price":42.2},{"type":"A","date":"2018-04-03T03:33:13.000Z","volume":4000,"label":" ","price":42.25},{"type":"A","date":"2018-04-03T03:33:14.000Z","volume":4000,"label":" ","price":42.25},{"type":"A","date":"2018-04-03T03:33:53.000Z","volume":6000,"label":" ","price":42.3},{"type":"A","date":"2018-04-03T03:33:55.000Z","volume":4000,"label":" ","price":42.3},{"type":"B","date":"2018-04-03T03:35:27.000Z","volume":2000,"label":" ","price":42.25},{"type":"B","date":"2018-04-03T03:35:27.000Z","volume":4000,"label":" ","price":42.2},{"type":"A","date":"2018-04-03T03:35:27.000Z","volume":20000,"label":" ","price":42.2},{"type":"A","date":"2018-04-03T03:35:27.000Z","volume":4000,"label":" ","price":42.2},{"type":"B","date":"2018-04-03T03:35:27.000Z","volume":2000,"label":" ","price":42.2},{"type":"A","date":"2018-04-03T03:35:28.000Z","volume":2000,"label":" ","price":42.35},{"type":"A","date":"2018-04-03T03:35:30.000Z","volume":6000,"label":" ","price":42.4},{"type":"B","date":"2018-04-03T03:37:21.000Z","volume":2000,"label":" ","price":42.4},{"type":"A","date":"2018-04-03T03:37:24.000Z","volume":2000,"label":" ","price":42.45},{"type":"B","date":"2018-04-03T03:39:58.000Z","volume":6000,"label":" ","price":42.4},{"type":"B","date":"2018-04-03T03:39:58.000Z","volume":2000,"label":" ","price":42.35},{"type":"A","date":"2018-04-03T03:40:08.000Z","volume":2000,"label":" ","price":42.35},{"type":"U","date":"2018-04-03T03:40:08.000Z","volume":2000,"label":"X","price":42.35},{"type":"U","date":"2018-04-03T03:40:08.000Z","volume":2000,"label":"X","price":42.35},{"type":"A","date":"2018-04-03T03:40:11.000Z","volume":2000,"label":" ","price":42.35},{"type":"B","date":"2018-04-03T03:41:44.000Z","volume":14000,"label":" ","price":42.2},{"type":"B","date":"2018-04-03T03:41:44.000Z","volume":6000,"label":" ","price":42.2},{"type":"A","date":"2018-04-03T03:41:45.000Z","volume":4000,"label":" ","price":42.35},{"type":"A","date":"2018-04-03T03:41:51.000Z","volume":2000,"label":" ","price":42.4},{"type":"B","date":"2018-04-03T03:42:43.000Z","volume":2000,"label":" ","price":42.35},{"type":"A","date":"2018-04-03T03:42:45.000Z","volume":2000,"label":" ","price":42.35},{"type":"A","date":"2018-04-03T03:43:08.000Z","volume":4000,"label":" ","price":42.3},{"type":"U","date":"2018-04-03T03:43:18.000Z","volume":2000,"label":"X","price":42.3},{"type":"U","date":"2018-04-03T03:43:51.000Z","volume":2000,"label":"X","price":42.3},{"type":"A","date":"2018-04-03T03:44:54.000Z","volume":2000,"label":" ","price":42.3},{"type":"U","date":"2018-04-03T03:44:54.000Z","volume":2000,"label":"X","price":42.3},{"type":"U","date":"2018-04-03T03:44:54.000Z","volume":2000,"label":"X","price":42.3},{"type":"A","date":"2018-04-03T03:54:34.000Z","volume":2000,"label":"Y","price":42.35},{"type":"A","date":"2018-04-03T03:54:34.000Z","volume":6000,"label":" ","price":42.35},{"type":"U","date":"2018-04-03T03:54:34.000Z","volume":2000,"label":"X","price":42.35},{"type":"U","date":"2018-04-03T03:54:34.000Z","volume":2000,"label":"X","price":42.35},{"type":"B","date":"2018-04-03T03:55:19.000Z","volume":2000,"label":" ","price":42.3},{"type":"A","date":"2018-04-03T03:57:51.000Z","volume":2000,"label":" ","price":42.35},{"type":"B","date":"2018-04-03T03:58:39.000Z","volume":2000,"label":" ","price":42.25},{"type":"A","date":"2018-04-03T05:00:01.000Z","volume":2000,"label":" ","price":42.3},{"type":"U","date":"2018-04-03T05:00:01.000Z","volume":2000,"label":"X","price":42.3},{"type":"U","date":"2018-04-03T05:00:01.000Z","volume":2000,"label":"X","price":42.3},{"type":"A","date":"2018-04-03T05:00:22.000Z","volume":12000,"label":" ","price":42.3},{"type":"U","date":"2018-04-03T05:00:22.000Z","volume":2000,"label":"X","price":42.3},{"type":"U","date":"2018-04-03T05:00:22.000Z","volume":2000,"label":"X","price":42.3},{"type":"A","date":"2018-04-03T05:00:35.000Z","volume":6000,"label":" ","price":42.3},{"type":"A","date":"2018-04-03T05:00:37.000Z","volume":2000,"label":" ","price":42.4},{"type":"A","date":"2018-04-03T05:06:24.000Z","volume":2000,"label":" ","price":42.4},{"type":"U","date":"2018-04-03T05:06:34.000Z","volume":1600,"label":"D","price":42.45},{"type":"B","date":"2018-04-03T05:06:40.000Z","volume":2000,"label":" ","price":42.3},{"type":"A","date":"2018-04-03T05:10:46.000Z","volume":4000,"label":" ","price":42.35},{"type":"A","date":"2018-04-03T05:10:46.000Z","volume":2000,"label":" ","price":42.35},{"type":"B","date":"2018-04-03T05:12:07.000Z","volume":4000,"label":" ","price":42.3},{"type":"B","date":"2018-04-03T05:12:22.000Z","volume":2000,"label":" ","price":42.3},{"type":"B","date":"2018-04-03T05:13:51.000Z","volume":2000,"label":" ","price":42.25},{"type":"A","date":"2018-04-03T05:14:38.000Z","volume":2000,"label":"Y","price":42.3},{"type":"A","date":"2018-04-03T05:14:38.000Z","volume":4000,"label":" ","price":42.3},{"type":"U","date":"2018-04-03T05:14:38.000Z","volume":2000,"label":"X","price":42.3},{"type":"U","date":"2018-04-03T05:14:38.000Z","volume":2000,"label":"X","price":42.3},{"type":"B","date":"2018-04-03T05:14:48.000Z","volume":2000,"label":" ","price":42.25},{"type":"B","date":"2018-04-03T05:18:51.000Z","volume":2000,"label":" ","price":42.25},{"type":"B","date":"2018-04-03T05:20:00.000Z","volume":2000,"label":" ","price":42.25},{"type":"B","date":"2018-04-03T05:20:00.000Z","volume":2000,"label":" ","price":42.2},{"type":"B","date":"2018-04-03T05:23:34.000Z","volume":2000,"label":" ","price":42.2},{"type":"A","date":"2018-04-03T05:24:51.000Z","volume":2000,"label":" ","price":42.25},{"type":"B","date":"2018-04-03T05:25:22.000Z","volume":4000,"label":" ","price":42.2},{"type":"U","date":"2018-04-03T05:26:09.000Z","volume":2000,"label":"X","price":42.225},{"type":"B","date":"2018-04-03T05:27:04.000Z","volume":2000,"label":" ","price":42.2},{"type":"B","date":"2018-04-03T05:31:28.000Z","volume":2000,"label":" ","price":42.2},{"type":"A","date":"2018-04-03T05:32:31.000Z","volume":2000,"label":" ","price":42.25},{"type":"A","date":"2018-04-03T05:32:31.000Z","volume":2000,"label":" ","price":42.25},{"type":"B","date":"2018-04-03T05:32:54.000Z","volume":4000,"label":" ","price":42.2},{"type":"B","date":"2018-04-03T05:36:01.000Z","volume":2000,"label":" ","price":42.2},{"type":"B","date":"2018-04-03T05:36:57.000Z","volume":2000,"label":" ","price":42.2},{"type":"B","date":"2018-04-03T05:37:35.000Z","volume":2000,"label":" ","price":42.2},{"type":"A","date":"2018-04-03T05:40:57.000Z","volume":2000,"label":"Y","price":42.25},{"type":"A","date":"2018-04-03T05:40:57.000Z","volume":16000,"label":" ","price":42.25},{"type":"U","date":"2018-04-03T05:40:57.000Z","volume":2000,"label":"X","price":42.25},{"type":"U","date":"2018-04-03T05:40:57.000Z","volume":2000,"label":"X","price":42.25},{"type":"A","date":"2018-04-03T05:42:01.000Z","volume":2000,"label":" ","price":42.25},{"type":"A","date":"2018-04-03T05:42:56.000Z","volume":2000,"label":" ","price":42.25},{"type":"A","date":"2018-04-03T05:46:31.000Z","volume":2000,"label":" ","price":42.25},{"type":"U","date":"2018-04-03T05:46:43.000Z","volume":2000,"label":"X","price":42.25},{"type":"A","date":"2018-04-03T05:49:34.000Z","volume":2000,"label":" ","price":42.25},{"type":"A","date":"2018-04-03T05:50:46.000Z","volume":2000,"label":"Y","price":42.25},{"type":"A","date":"2018-04-03T05:54:16.000Z","volume":2000,"label":" ","price":42.25},{"type":"B","date":"2018-04-03T05:54:48.000Z","volume":2000,"label":" ","price":42.2},{"type":"B","date":"2018-04-03T05:56:45.000Z","volume":2000,"label":" ","price":42.2},{"type":"A","date":"2018-04-03T05:56:46.000Z","volume":2000,"label":" ","price":42.25},{"type":"A","date":"2018-04-03T05:56:46.000Z","volume":2000,"label":" ","price":42.25},{"type":"A","date":"2018-04-03T05:59:16.000Z","volume":12000,"label":" ","price":42.25},{"type":"A","date":"2018-04-03T06:00:32.000Z","volume":16000,"label":" ","price":42.3},{"type":"A","date":"2018-04-03T06:00:52.000Z","volume":2000,"label":" ","price":42.4},{"type":"A","date":"2018-04-03T06:00:52.000Z","volume":32000,"label":" ","price":42.4},{"type":"U","date":"2018-04-03T06:00:52.000Z","volume":2000,"label":"X","price":42.4},{"type":"U","date":"2018-04-03T06:00:52.000Z","volume":2000,"label":"X","price":42.4},{"type":"U","date":"2018-04-03T06:00:52.000Z","volume":2000,"label":"X","price":42.4},{"type":"U","date":"2018-04-03T06:00:52.000Z","volume":2000,"label":"X","price":42.4},{"type":"A","date":"2018-04-03T06:00:53.000Z","volume":8000,"label":" ","price":42.45},{"type":"A","date":"2018-04-03T06:00:53.000Z","volume":6000,"label":" ","price":42.5},{"type":"A","date":"2018-04-03T06:00:53.000Z","volume":6000,"label":" ","price":42.5},{"type":"U","date":"2018-04-03T06:01:13.000Z","volume":2000,"label":" ","price":42.5},{"type":"A","date":"2018-04-03T06:01:20.000Z","volume":10000,"label":" ","price":42.55},{"type":"A","date":"2018-04-03T06:01:20.000Z","volume":24000,"label":" ","price":42.6},{"type":"U","date":"2018-04-03T06:01:20.000Z","volume":2000,"label":" ","price":42.55},{"type":"A","date":"2018-04-03T06:02:22.000Z","volume":6000,"label":" ","price":42.65},{"type":"A","date":"2018-04-03T06:02:31.000Z","volume":2000,"label":" ","price":42.7},{"type":"A","date":"2018-04-03T06:02:31.000Z","volume":2000,"label":" ","price":42.7},{"type":"U","date":"2018-04-03T06:02:31.000Z","volume":2000,"label":" ","price":42.7},{"type":"B","date":"2018-04-03T06:02:31.000Z","volume":2000,"label":" ","price":42.7},{"type":"B","date":"2018-04-03T06:03:59.000Z","volume":2000,"label":" ","price":42.6},{"type":"B","date":"2018-04-03T06:07:50.000Z","volume":6000,"label":" ","price":42.6},{"type":"A","date":"2018-04-03T06:08:01.000Z","volume":2000,"label":" ","price":42.75},{"type":"A","date":"2018-04-03T06:12:31.000Z","volume":2000,"label":" ","price":42.7},{"type":"U","date":"2018-04-03T06:12:32.000Z","volume":2000,"label":"X","price":42.7},{"type":"U","date":"2018-04-03T06:12:36.000Z","volume":2000,"label":" ","price":42.65},{"type":"A","date":"2018-04-03T06:12:46.000Z","volume":2000,"label":" ","price":42.65},{"type":"B","date":"2018-04-03T06:12:46.000Z","volume":2000,"label":" ","price":42.65},{"type":"A","date":"2018-04-03T06:14:46.000Z","volume":2000,"label":" ","price":42.7},{"type":"A","date":"2018-04-03T06:15:16.000Z","volume":2000,"label":" ","price":42.7},{"type":"A","date":"2018-04-03T06:20:07.000Z","volume":2000,"label":" ","price":42.7},{"type":"A","date":"2018-04-03T06:20:16.000Z","volume":2000,"label":" ","price":42.7},{"type":"A","date":"2018-04-03T06:20:16.000Z","volume":2000,"label":" ","price":42.7},{"type":"A","date":"2018-04-03T06:23:00.000Z","volume":6000,"label":" ","price":42.7},{"type":"U","date":"2018-04-03T06:23:00.000Z","volume":2000,"label":"X","price":42.7},{"type":"U","date":"2018-04-03T06:23:00.000Z","volume":2000,"label":"X","price":42.7},{"type":"A","date":"2018-04-03T06:23:01.000Z","volume":2000,"label":" ","price":42.7},{"type":"U","date":"2018-04-03T06:23:04.000Z","volume":2000,"label":"X","price":42.7},{"type":"A","date":"2018-04-03T06:23:33.000Z","volume":4000,"label":" ","price":42.7},{"type":"A","date":"2018-04-03T06:24:10.000Z","volume":2000,"label":" ","price":42.75},{"type":"A","date":"2018-04-03T06:24:20.000Z","volume":6000,"label":" ","price":42.75},{"type":"A","date":"2018-04-03T06:26:41.000Z","volume":2000,"label":" ","price":42.75},{"type":"A","date":"2018-04-03T06:27:57.000Z","volume":6000,"label":" ","price":42.75},{"type":"A","date":"2018-04-03T06:29:39.000Z","volume":6000,"label":" ","price":42.75},{"type":"A","date":"2018-04-03T06:30:46.000Z","volume":2000,"label":" ","price":42.75},{"type":"A","date":"2018-04-03T06:30:57.000Z","volume":6000,"label":" ","price":42.75},{"type":"A","date":"2018-04-03T06:31:01.000Z","volume":18000,"label":" ","price":42.75},{"type":"A","date":"2018-04-03T06:32:49.000Z","volume":6000,"label":" ","price":42.8},{"type":"A","date":"2018-04-03T06:32:49.000Z","volume":10000,"label":" ","price":42.8},{"type":"A","date":"2018-04-03T06:33:01.000Z","volume":2000,"label":" ","price":42.85},{"type":"A","date":"2018-04-03T06:34:25.000Z","volume":6000,"label":" ","price":42.8},{"type":"A","date":"2018-04-03T06:34:26.000Z","volume":6000,"label":" ","price":42.8},{"type":"A","date":"2018-04-03T06:35:16.000Z","volume":2000,"label":" ","price":42.9},{"type":"B","date":"2018-04-03T06:35:21.000Z","volume":2000,"label":" ","price":42.75},{"type":"A","date":"2018-04-03T06:36:16.000Z","volume":6000,"label":" ","price":42.9},{"type":"A","date":"2018-04-03T06:36:16.000Z","volume":6000,"label":" ","price":42.9},{"type":"A","date":"2018-04-03T06:36:28.000Z","volume":2000,"label":"Y","price":43},{"type":"A","date":"2018-04-03T06:37:47.000Z","volume":2000,"label":" ","price":42.95},{"type":"A","date":"2018-04-03T06:38:01.000Z","volume":2000,"label":" ","price":43},{"type":"A","date":"2018-04-03T06:38:21.000Z","volume":6000,"label":" ","price":43},{"type":"A","date":"2018-04-03T06:39:01.000Z","volume":6000,"label":" ","price":43},{"type":"A","date":"2018-04-03T06:39:01.000Z","volume":2000,"label":" ","price":43.05},{"type":"A","date":"2018-04-03T06:39:54.000Z","volume":6000,"label":" ","price":43.1},{"type":"A","date":"2018-04-03T06:39:54.000Z","volume":2000,"label":" ","price":43.1},{"type":"A","date":"2018-04-03T06:39:54.000Z","volume":2000,"label":" ","price":43.1},{"type":"A","date":"2018-04-03T06:40:28.000Z","volume":2000,"label":" ","price":43.25},{"type":"A","date":"2018-04-03T06:41:01.000Z","volume":2000,"label":" ","price":43.25},{"type":"B","date":"2018-04-03T06:41:02.000Z","volume":2000,"label":" ","price":43.25},{"type":"A","date":"2018-04-03T06:41:16.000Z","volume":2000,"label":" ","price":43.45},{"type":"A","date":"2018-04-03T06:41:16.000Z","volume":2000,"label":" ","price":43.45},{"type":"A","date":"2018-04-03T06:41:16.000Z","volume":2000,"label":" ","price":43.45},{"type":"A","date":"2018-04-03T06:41:16.000Z","volume":2000,"label":" ","price":43.45},{"type":"A","date":"2018-04-03T06:41:53.000Z","volume":2000,"label":" ","price":43.35},{"type":"B","date":"2018-04-03T06:41:57.000Z","volume":4000,"label":" ","price":43.3},{"type":"B","date":"2018-04-03T06:41:57.000Z","volume":4000,"label":" ","price":43.3},{"type":"B","date":"2018-04-03T06:41:59.000Z","volume":2000,"label":" ","price":43.25},{"type":"U","date":"2018-04-03T06:42:48.000Z","volume":2000,"label":" ","price":43.15},{"type":"U","date":"2018-04-03T06:42:48.000Z","volume":2000,"label":"X","price":43.15},{"type":"A","date":"2018-04-03T06:43:43.000Z","volume":4000,"label":" ","price":43.15},{"type":"A","date":"2018-04-03T06:43:46.000Z","volume":2000,"label":" ","price":43.2},{"type":"A","date":"2018-04-03T06:44:47.000Z","volume":2000,"label":"Y","price":43.2},{"type":"B","date":"2018-04-03T06:44:50.000Z","volume":2000,"label":" ","price":43.15},{"type":"A","date":"2018-04-03T06:45:01.000Z","volume":2000,"label":" ","price":43.15},{"type":"A","date":"2018-04-03T06:45:01.000Z","volume":2000,"label":" ","price":43.15},{"type":"A","date":"2018-04-03T06:46:16.000Z","volume":2000,"label":" ","price":43.35},{"type":"A","date":"2018-04-03T06:46:16.000Z","volume":2000,"label":" ","price":43.35},{"type":"A","date":"2018-04-03T06:47:31.000Z","volume":4000,"label":" ","price":43.4},{"type":"B","date":"2018-04-03T06:47:33.000Z","volume":2000,"label":" ","price":43.4},{"type":"B","date":"2018-04-03T06:47:35.000Z","volume":2000,"label":" ","price":43.35},{"type":"B","date":"2018-04-03T06:47:36.000Z","volume":6000,"label":" ","price":43.3},{"type":"B","date":"2018-04-03T06:47:40.000Z","volume":4000,"label":" ","price":43.3},{"type":"B","date":"2018-04-03T06:47:40.000Z","volume":2000,"label":" ","price":43.3},{"type":"A","date":"2018-04-03T06:48:51.000Z","volume":2000,"label":" ","price":43.25},{"type":"A","date":"2018-04-03T06:48:52.000Z","volume":2000,"label":" ","price":43.4},{"type":"A","date":"2018-04-03T06:49:06.000Z","volume":2000,"label":" ","price":43.4},{"type":"A","date":"2018-04-03T06:49:30.000Z","volume":2000,"label":" ","price":43.4},{"type":"A","date":"2018-04-03T06:50:40.000Z","volume":2000,"label":" ","price":43.4},{"type":"A","date":"2018-04-03T06:51:16.000Z","volume":2000,"label":" ","price":43.4},{"type":"A","date":"2018-04-03T06:52:05.000Z","volume":2000,"label":" ","price":43.4},{"type":"B","date":"2018-04-03T06:52:24.000Z","volume":6000,"label":" ","price":43.25},{"type":"B","date":"2018-04-03T06:53:14.000Z","volume":2000,"label":" ","price":43.25},{"type":"B","date":"2018-04-03T06:53:30.000Z","volume":2000,"label":" ","price":43.25},{"type":"A","date":"2018-04-03T06:54:57.000Z","volume":2000,"label":"Y","price":43.3},{"type":"A","date":"2018-04-03T06:56:25.000Z","volume":2000,"label":" ","price":43.3},{"type":"A","date":"2018-04-03T06:56:46.000Z","volume":6000,"label":" ","price":43.3},{"type":"A","date":"2018-04-03T06:56:55.000Z","volume":8000,"label":" ","price":43.3},{"type":"A","date":"2018-04-03T06:57:46.000Z","volume":2000,"label":" ","price":43.3},{"type":"B","date":"2018-04-03T06:57:46.000Z","volume":2000,"label":" ","price":43.3},{"type":"A","date":"2018-04-03T06:57:51.000Z","volume":2000,"label":" ","price":43.35},{"type":"A","date":"2018-04-03T06:57:51.000Z","volume":2000,"label":" ","price":43.4},{"type":"B","date":"2018-04-03T06:58:02.000Z","volume":10000,"label":" ","price":43.35},{"type":"B","date":"2018-04-03T06:58:02.000Z","volume":2000,"label":" ","price":43.35},{"type":"B","date":"2018-04-03T06:58:55.000Z","volume":8000,"label":" ","price":43.35},{"type":"B","date":"2018-04-03T06:59:00.000Z","volume":6000,"label":" ","price":43.35},{"type":"B","date":"2018-04-03T06:59:00.000Z","volume":4000,"label":" ","price":43.35},{"type":"A","date":"2018-04-03T06:59:08.000Z","volume":2000,"label":" ","price":43.35},{"type":"B","date":"2018-04-03T06:59:23.000Z","volume":4000,"label":" ","price":43.25},{"type":"A","date":"2018-04-03T07:00:52.000Z","volume":2000,"label":" ","price":43.25},{"type":"U","date":"2018-04-03T07:02:01.000Z","volume":2000,"label":"X","price":43.225},{"type":"A","date":"2018-04-03T07:02:16.000Z","volume":2000,"label":" ","price":43.25},{"type":"B","date":"2018-04-03T07:02:22.000Z","volume":2000,"label":" ","price":43.2},{"type":"A","date":"2018-04-03T07:03:15.000Z","volume":6000,"label":" ","price":43.25},{"type":"A","date":"2018-04-03T07:03:15.000Z","volume":2000,"label":" ","price":43.25},{"type":"A","date":"2018-04-03T07:03:47.000Z","volume":2000,"label":" ","price":43.35},{"type":"B","date":"2018-04-03T07:05:18.000Z","volume":2000,"label":" ","price":43.25},{"type":"A","date":"2018-04-03T07:05:35.000Z","volume":6000,"label":" ","price":43.25},{"type":"A","date":"2018-04-03T07:05:50.000Z","volume":6000,"label":" ","price":43.25},{"type":"A","date":"2018-04-03T07:06:29.000Z","volume":2000,"label":" ","price":43.35},{"type":"A","date":"2018-04-03T07:06:40.000Z","volume":2000,"label":" ","price":43.35},{"type":"A","date":"2018-04-03T07:06:46.000Z","volume":2000,"label":" ","price":43.25},{"type":"B","date":"2018-04-03T07:06:50.000Z","volume":2000,"label":" ","price":43.25},{"type":"A","date":"2018-04-03T07:08:32.000Z","volume":2000,"label":" ","price":43.3},{"type":"B","date":"2018-04-03T07:08:45.000Z","volume":12000,"label":" ","price":43.2},{"type":"B","date":"2018-04-03T07:08:45.000Z","volume":2000,"label":" ","price":43.15},{"type":"U","date":"2018-04-03T07:09:30.000Z","volume":132,"label":"D","price":42.75},{"type":"B","date":"2018-04-03T07:09:36.000Z","volume":8000,"label":" ","price":43.1},{"type":"B","date":"2018-04-03T07:09:36.000Z","volume":2000,"label":" ","price":43.05},{"type":"A","date":"2018-04-03T07:10:46.000Z","volume":2000,"label":" ","price":42.95},{"type":"A","date":"2018-04-03T07:11:32.000Z","volume":2000,"label":" ","price":43},{"type":"A","date":"2018-04-03T07:11:49.000Z","volume":2000,"label":" ","price":43},{"type":"A","date":"2018-04-03T07:11:49.000Z","volume":8000,"label":" ","price":43},{"type":"A","date":"2018-04-03T07:12:26.000Z","volume":16000,"label":" ","price":43.05},{"type":"A","date":"2018-04-03T07:12:26.000Z","volume":2000,"label":" ","price":43.1},{"type":"A","date":"2018-04-03T07:12:27.000Z","volume":2000,"label":" ","price":43.1},{"type":"U","date":"2018-04-03T07:12:27.000Z","volume":2000,"label":"X","price":43.1},{"type":"A","date":"2018-04-03T07:12:29.000Z","volume":2000,"label":" ","price":43.1},{"type":"A","date":"2018-04-03T07:12:43.000Z","volume":2000,"label":" ","price":43.2},{"type":"A","date":"2018-04-03T07:13:07.000Z","volume":2000,"label":" ","price":43.2},{"type":"A","date":"2018-04-03T07:13:16.000Z","volume":2000,"label":" ","price":43.2},{"type":"A","date":"2018-04-03T07:13:17.000Z","volume":2000,"label":" ","price":43.2},{"type":"A","date":"2018-04-03T07:13:38.000Z","volume":4000,"label":" ","price":43.25},{"type":"U","date":"2018-04-03T07:13:41.000Z","volume":2000,"label":"X","price":43.25},{"type":"A","date":"2018-04-03T07:13:48.000Z","volume":2000,"label":" ","price":43.25},{"type":"A","date":"2018-04-03T07:15:20.000Z","volume":2000,"label":" ","price":43.25},{"type":"U","date":"2018-04-03T07:15:56.000Z","volume":2000,"label":"X","price":43.225},{"type":"A","date":"2018-04-03T07:16:08.000Z","volume":6000,"label":" ","price":43.25},{"type":"U","date":"2018-04-03T07:16:09.000Z","volume":2000,"label":"X","price":43.25},{"type":"A","date":"2018-04-03T07:16:49.000Z","volume":2000,"label":" ","price":43.25},{"type":"U","date":"2018-04-03T07:17:02.000Z","volume":2000,"label":"X","price":43.225},{"type":"A","date":"2018-04-03T07:18:18.000Z","volume":2000,"label":" ","price":43.25},{"type":"A","date":"2018-04-03T07:18:18.000Z","volume":4000,"label":" ","price":43.25},{"type":"A","date":"2018-04-03T07:19:04.000Z","volume":2000,"label":" ","price":43.25},{"type":"A","date":"2018-04-03T07:19:42.000Z","volume":2000,"label":" ","price":43.25},{"type":"A","date":"2018-04-03T07:20:15.000Z","volume":6000,"label":" ","price":43.25},{"type":"A","date":"2018-04-03T07:20:16.000Z","volume":2000,"label":" ","price":43.25},{"type":"A","date":"2018-04-03T07:20:21.000Z","volume":6000,"label":" ","price":43.25},{"type":"A","date":"2018-04-03T07:20:23.000Z","volume":2000,"label":" ","price":43.25},{"type":"A","date":"2018-04-03T07:20:23.000Z","volume":2000,"label":" ","price":43.25},{"type":"A","date":"2018-04-03T07:20:33.000Z","volume":4000,"label":" ","price":43.25},{"type":"A","date":"2018-04-03T07:21:15.000Z","volume":2000,"label":" ","price":43.3},{"type":"B","date":"2018-04-03T07:21:17.000Z","volume":2000,"label":" ","price":43.25},{"type":"A","date":"2018-04-03T07:22:39.000Z","volume":2000,"label":" ","price":43.3},{"type":"U","date":"2018-04-03T07:22:41.000Z","volume":2000,"label":"X","price":43.3},{"type":"A","date":"2018-04-03T07:23:01.000Z","volume":2000,"label":" ","price":43.3},{"type":"A","date":"2018-04-03T07:23:23.000Z","volume":6000,"label":" ","price":43.3},{"type":"U","date":"2018-04-03T07:23:24.000Z","volume":2000,"label":"X","price":43.3},{"type":"A","date":"2018-04-03T07:23:31.000Z","volume":2000,"label":" ","price":43.3},{"type":"A","date":"2018-04-03T07:24:01.000Z","volume":2000,"label":" ","price":43.35},{"type":"B","date":"2018-04-03T07:24:07.000Z","volume":2000,"label":" ","price":43.3},{"type":"A","date":"2018-04-03T07:24:54.000Z","volume":6000,"label":" ","price":43.35},{"type":"U","date":"2018-04-03T07:25:06.000Z","volume":2000,"label":"X","price":43.35},{"type":"A","date":"2018-04-03T07:25:37.000Z","volume":2000,"label":" ","price":43.35},{"type":"A","date":"2018-04-03T07:25:52.000Z","volume":4000,"label":"Y","price":43.35},{"type":"A","date":"2018-04-03T07:25:52.000Z","volume":4000,"label":" ","price":43.35},{"type":"A","date":"2018-04-03T07:25:52.000Z","volume":10000,"label":" ","price":43.4},{"type":"A","date":"2018-04-03T07:25:55.000Z","volume":2000,"label":" ","price":43.4},{"type":"U","date":"2018-04-03T07:25:55.000Z","volume":2000,"label":"X","price":43.4},{"type":"A","date":"2018-04-03T07:26:46.000Z","volume":2000,"label":" ","price":43.4},{"type":"A","date":"2018-04-03T07:26:46.000Z","volume":2000,"label":" ","price":43.4},{"type":"A","date":"2018-04-03T07:26:58.000Z","volume":2000,"label":" ","price":43.45},{"type":"A","date":"2018-04-03T07:27:43.000Z","volume":6000,"label":" ","price":43.45},{"type":"A","date":"2018-04-03T07:28:27.000Z","volume":2000,"label":" ","price":43.45},{"type":"U","date":"2018-04-03T07:28:29.000Z","volume":2000,"label":"X","price":43.45},{"type":"B","date":"2018-04-03T07:28:36.000Z","volume":16000,"label":" ","price":43.4},{"type":"B","date":"2018-04-03T07:29:09.000Z","volume":10000,"label":" ","price":43.3},{"type":"A","date":"2018-04-03T07:29:48.000Z","volume":2000,"label":" ","price":43.35},{"type":"A","date":"2018-04-03T07:31:19.000Z","volume":2000,"label":" ","price":43.3},{"type":"B","date":"2018-04-03T07:32:11.000Z","volume":10000,"label":" ","price":43.25},{"type":"B","date":"2018-04-03T07:33:51.000Z","volume":2000,"label":" ","price":43.25},{"type":"B","date":"2018-04-03T07:33:54.000Z","volume":10000,"label":" ","price":43.25},{"type":"A","date":"2018-04-03T07:34:41.000Z","volume":6000,"label":" ","price":43.25},{"type":"B","date":"2018-04-03T07:34:54.000Z","volume":10000,"label":" ","price":43.2},{"type":"B","date":"2018-04-03T07:36:55.000Z","volume":4000,"label":" ","price":43},{"type":"B","date":"2018-04-03T07:37:13.000Z","volume":2000,"label":" ","price":43.05},{"type":"B","date":"2018-04-03T07:37:16.000Z","volume":2000,"label":"Y","price":43.05},{"type":"B","date":"2018-04-03T07:37:57.000Z","volume":2000,"label":" ","price":43.05},{"type":"B","date":"2018-04-03T07:37:57.000Z","volume":2000,"label":" ","price":43.05},{"type":"A","date":"2018-04-03T07:39:06.000Z","volume":2000,"label":"Y","price":43.1},{"type":"A","date":"2018-04-03T07:39:31.000Z","volume":2000,"label":" ","price":43.1},{"type":"A","date":"2018-04-03T07:40:03.000Z","volume":2000,"label":"Y","price":43.1},{"type":"A","date":"2018-04-03T07:40:27.000Z","volume":6000,"label":" ","price":43.1},{"type":"A","date":"2018-04-03T07:40:28.000Z","volume":2000,"label":" ","price":43.1},{"type":"B","date":"2018-04-03T07:40:30.000Z","volume":2000,"label":" ","price":43.05},{"type":"A","date":"2018-04-03T07:40:37.000Z","volume":6000,"label":" ","price":43.1},{"type":"U","date":"2018-04-03T07:40:38.000Z","volume":2000,"label":"X","price":43.075},{"type":"B","date":"2018-04-03T07:42:00.000Z","volume":2000,"label":" ","price":43.05},{"type":"A","date":"2018-04-03T07:42:04.000Z","volume":2000,"label":" ","price":43.1},{"type":"A","date":"2018-04-03T07:42:09.000Z","volume":6000,"label":" ","price":43.1},{"type":"A","date":"2018-04-03T07:43:30.000Z","volume":2000,"label":" ","price":43.1},{"type":"A","date":"2018-04-03T07:44:11.000Z","volume":6000,"label":" ","price":43.1},{"type":"U","date":"2018-04-03T07:44:12.000Z","volume":2000,"label":"X","price":43.1},{"type":"A","date":"2018-04-03T07:44:56.000Z","volume":2000,"label":" ","price":43.1},{"type":"A","date":"2018-04-03T07:45:01.000Z","volume":2000,"label":" ","price":43.1},{"type":"A","date":"2018-04-03T07:45:01.000Z","volume":2000,"label":" ","price":43.1},{"type":"A","date":"2018-04-03T07:46:21.000Z","volume":2000,"label":" ","price":43.2},{"type":"A","date":"2018-04-03T07:47:49.000Z","volume":2000,"label":" ","price":43.2},{"type":"A","date":"2018-04-03T07:48:04.000Z","volume":6000,"label":" ","price":43.2},{"type":"B","date":"2018-04-03T07:48:05.000Z","volume":2000,"label":" ","price":43.15},{"type":"A","date":"2018-04-03T07:48:23.000Z","volume":4000,"label":" ","price":43.2},{"type":"B","date":"2018-04-03T07:48:25.000Z","volume":2000,"label":" ","price":43.15},{"type":"B","date":"2018-04-03T07:48:32.000Z","volume":10000,"label":" ","price":43.15},{"type":"B","date":"2018-04-03T07:48:38.000Z","volume":14000,"label":" ","price":43.15},{"type":"B","date":"2018-04-03T07:48:42.000Z","volume":10000,"label":" ","price":43.1},{"type":"U","date":"2018-04-03T07:50:00.000Z","volume":2000,"label":"X","price":42.95},{"type":"B","date":"2018-04-03T07:50:15.000Z","volume":2000,"label":" ","price":42.95},{"type":"B","date":"2018-04-03T07:50:43.000Z","volume":2000,"label":" ","price":42.95},{"type":"A","date":"2018-04-03T07:50:48.000Z","volume":2000,"label":" ","price":43},{"type":"A","date":"2018-04-03T07:50:48.000Z","volume":22000,"label":" ","price":43},{"type":"B","date":"2018-04-03T07:51:06.000Z","volume":2000,"label":" ","price":43.05},{"type":"A","date":"2018-04-03T07:51:12.000Z","volume":8000,"label":" ","price":43.1},{"type":"U","date":"2018-04-03T07:51:13.000Z","volume":2000,"label":"X","price":43.15},{"type":"A","date":"2018-04-03T07:51:14.000Z","volume":2000,"label":" ","price":43.15},{"type":"A","date":"2018-04-03T07:51:23.000Z","volume":2000,"label":" ","price":43.15},{"type":"A","date":"2018-04-03T07:51:27.000Z","volume":4000,"label":" ","price":43.15},{"type":"A","date":"2018-04-03T07:52:15.000Z","volume":4000,"label":" ","price":43.2},{"type":"A","date":"2018-04-03T07:52:31.000Z","volume":6000,"label":" ","price":43.2},{"type":"A","date":"2018-04-03T07:52:31.000Z","volume":4000,"label":" ","price":43.2},{"type":"A","date":"2018-04-03T07:52:56.000Z","volume":2000,"label":" ","price":43.2},{"type":"U","date":"2018-04-03T07:52:57.000Z","volume":2000,"label":"X","price":43.2},{"type":"A","date":"2018-04-03T07:53:01.000Z","volume":2000,"label":" ","price":43.2},{"type":"A","date":"2018-04-03T07:53:01.000Z","volume":2000,"label":" ","price":43.2},{"type":"A","date":"2018-04-03T07:53:12.000Z","volume":2000,"label":" ","price":43.3},{"type":"A","date":"2018-04-03T07:55:06.000Z","volume":2000,"label":" ","price":43.3},{"type":"B","date":"2018-04-03T07:55:26.000Z","volume":2000,"label":" ","price":43.25},{"type":"A","date":"2018-04-03T07:55:46.000Z","volume":2000,"label":" ","price":43.3},{"type":"B","date":"2018-04-03T07:55:58.000Z","volume":2000,"label":" ","price":43.25},{"type":"B","date":"2018-04-03T07:56:01.000Z","volume":10000,"label":" ","price":43.25},{"type":"B","date":"2018-04-03T07:56:04.000Z","volume":2000,"label":" ","price":43.25},{"type":"B","date":"2018-04-03T07:56:04.000Z","volume":4000,"label":" ","price":43.25},{"type":"B","date":"2018-04-03T07:56:08.000Z","volume":6000,"label":" ","price":43.2},{"type":"U","date":"2018-04-03T07:57:09.000Z","volume":1000,"label":"D","price":42.8},{"type":"A","date":"2018-04-03T07:57:32.000Z","volume":4000,"label":" ","price":43.25},{"type":"A","date":"2018-04-03T07:58:02.000Z","volume":2000,"label":" ","price":43.3},{"type":"A","date":"2018-04-03T07:58:04.000Z","volume":2000,"label":" ","price":43.3},{"type":"A","date":"2018-04-03T07:58:06.000Z","volume":6000,"label":" ","price":43.3},{"type":"A","date":"2018-04-03T07:58:11.000Z","volume":2000,"label":" ","price":43.3},{"type":"B","date":"2018-04-03T07:58:17.000Z","volume":2000,"label":" ","price":43.25},{"type":"B","date":"2018-04-03T07:58:17.000Z","volume":2000,"label":" ","price":43.25},{"type":"B","date":"2018-04-03T07:58:53.000Z","volume":2000,"label":" ","price":43.25},{"type":"A","date":"2018-04-03T07:59:01.000Z","volume":2000,"label":" ","price":43.3},{"type":"B","date":"2018-04-03T07:59:02.000Z","volume":2000,"label":" ","price":43.25},{"type":"B","date":"2018-04-03T07:59:03.000Z","volume":2000,"label":" ","price":43.25},{"type":"B","date":"2018-04-03T07:59:06.000Z","volume":4000,"label":" ","price":43.2},{"type":"U","date":"2018-04-03T07:59:08.000Z","volume":2000,"label":"X","price":43.15},{"type":"U","date":"2018-04-03T07:59:17.000Z","volume":2000,"label":"X","price":43.15},{"type":"A","date":"2018-04-03T07:59:21.000Z","volume":2000,"label":" ","price":43.25},{"type":"A","date":"2018-04-03T07:59:24.000Z","volume":4000,"label":" ","price":43.25},{"type":"A","date":"2018-04-03T07:59:24.000Z","volume":6000,"label":" ","price":43.3},{"type":"B","date":"2018-04-03T07:59:24.000Z","volume":2000,"label":" ","price":43.15},{"type":"B","date":"2018-04-03T07:59:27.000Z","volume":2000,"label":" ","price":43.15},{"type":"A","date":"2018-04-03T07:59:29.000Z","volume":2000,"label":" ","price":43.35},{"type":"A","date":"2018-04-03T07:59:39.000Z","volume":2000,"label":"Y","price":43.35},{"type":"A","date":"2018-04-03T07:59:45.000Z","volume":6000,"label":" ","price":43.35},{"type":"B","date":"2018-04-03T07:59:45.000Z","volume":2000,"label":" ","price":43.2},{"type":"A","date":"2018-04-03T07:59:45.000Z","volume":2000,"label":" ","price":43.35},{"type":"U","date":"2018-04-03T08:08:39.000Z","volume":88000,"label":"U","price":43.3}]