[{"type":"A","date":"2018-04-13T01:30:01.000Z","volume":1000,"label":" ","price":3.9},{"type":"B","date":"2018-04-13T01:30:50.000Z","volume":2000,"label":" ","price":3.87},{"type":"B","date":"2018-04-13T01:31:08.000Z","volume":2000,"label":" ","price":3.88},{"type":"B","date":"2018-04-13T01:31:27.000Z","volume":1000,"label":" ","price":3.88},{"type":"B","date":"2018-04-13T01:31:44.000Z","volume":2000,"label":" ","price":3.88},{"type":"B","date":"2018-04-13T01:31:55.000Z","volume":1000,"label":" ","price":3.88},{"type":"A","date":"2018-04-13T01:32:02.000Z","volume":14000,"label":" ","price":3.89},{"type":"A","date":"2018-04-13T01:32:02.000Z","volume":2000,"label":" ","price":3.9},{"type":"A","date":"2018-04-13T01:32:02.000Z","volume":15000,"label":" ","price":3.89},{"type":"A","date":"2018-04-13T01:32:02.000Z","volume":1000,"label":" ","price":3.9},{"type":"A","date":"2018-04-13T01:32:11.000Z","volume":5000,"label":" ","price":3.9},{"type":"A","date":"2018-04-13T01:34:02.000Z","volume":3000,"label":" ","price":3.9},{"type":"A","date":"2018-04-13T01:34:02.000Z","volume":6000,"label":" ","price":3.9},{"type":"A","date":"2018-04-13T01:34:02.000Z","volume":2000,"label":" ","price":3.9},{"type":"A","date":"2018-04-13T01:34:02.000Z","volume":1000,"label":" ","price":3.9},{"type":"B","date":"2018-04-13T01:34:02.000Z","volume":20000,"label":" ","price":3.89},{"type":"A","date":"2018-04-13T01:34:03.000Z","volume":1000,"label":" ","price":3.9},{"type":"A","date":"2018-04-13T01:34:11.000Z","volume":2000,"label":" ","price":3.9},{"type":"B","date":"2018-04-13T01:34:19.000Z","volume":1000,"label":"Y","price":3.89},{"type":"B","date":"2018-04-13T01:34:19.000Z","volume":9000,"label":" ","price":3.89},{"type":"A","date":"2018-04-13T01:34:19.000Z","volume":2000,"label":" ","price":3.89},{"type":"B","date":"2018-04-13T01:34:43.000Z","volume":51000,"label":" ","price":3.88},{"type":"A","date":"2018-04-13T01:34:43.000Z","volume":1000,"label":" ","price":3.88},{"type":"A","date":"2018-04-13T01:34:44.000Z","volume":1000,"label":" ","price":3.88},{"type":"A","date":"2018-04-13T01:36:09.000Z","volume":5000,"label":" ","price":3.88},{"type":"A","date":"2018-04-13T01:36:09.000Z","volume":1000,"label":" ","price":3.88},{"type":"A","date":"2018-04-13T01:36:56.000Z","volume":1000,"label":" ","price":3.88},{"type":"B","date":"2018-04-13T01:37:17.000Z","volume":11000,"label":"Y","price":3.87},{"type":"A","date":"2018-04-13T01:37:56.000Z","volume":3000,"label":" ","price":3.88},{"type":"A","date":"2018-04-13T01:39:06.000Z","volume":3000,"label":" ","price":3.88},{"type":"A","date":"2018-04-13T01:39:17.000Z","volume":9000,"label":" ","price":3.88},{"type":"A","date":"2018-04-13T01:39:17.000Z","volume":9000,"label":" ","price":3.88},{"type":"A","date":"2018-04-13T01:39:36.000Z","volume":2000,"label":" ","price":3.88},{"type":"A","date":"2018-04-13T01:40:06.000Z","volume":2000,"label":" ","price":3.88},{"type":"A","date":"2018-04-13T01:41:05.000Z","volume":3000,"label":" ","price":3.88},{"type":"A","date":"2018-04-13T01:41:10.000Z","volume":2000,"label":" ","price":3.88},{"type":"A","date":"2018-04-13T01:41:47.000Z","volume":10000,"label":" ","price":3.88},{"type":"A","date":"2018-04-13T01:41:47.000Z","volume":10000,"label":" ","price":3.88},{"type":"A","date":"2018-04-13T01:42:01.000Z","volume":3000,"label":" ","price":3.88},{"type":"A","date":"2018-04-13T01:42:06.000Z","volume":1000,"label":" ","price":3.88},{"type":"A","date":"2018-04-13T01:42:19.000Z","volume":20000,"label":" ","price":3.88},{"type":"A","date":"2018-04-13T01:42:44.000Z","volume":4000,"label":" ","price":3.88},{"type":"B","date":"2018-04-13T01:42:45.000Z","volume":4000,"label":" ","price":3.87},{"type":"A","date":"2018-04-13T01:43:06.000Z","volume":1000,"label":" ","price":3.88},{"type":"A","date":"2018-04-13T01:43:09.000Z","volume":3000,"label":" ","price":3.88},{"type":"B","date":"2018-04-13T01:43:15.000Z","volume":4000,"label":" ","price":3.87},{"type":"A","date":"2018-04-13T01:43:31.000Z","volume":100000,"label":" ","price":3.88},{"type":"A","date":"2018-04-13T01:43:31.000Z","volume":81000,"label":" ","price":3.88},{"type":"A","date":"2018-04-13T01:43:31.000Z","volume":13000,"label":" ","price":3.88},{"type":"U","date":"2018-04-13T01:43:31.000Z","volume":2000,"label":"X","price":3.88},{"type":"A","date":"2018-04-13T01:43:32.000Z","volume":1000,"label":" ","price":3.89},{"type":"A","date":"2018-04-13T01:44:07.000Z","volume":9000,"label":" ","price":3.89},{"type":"A","date":"2018-04-13T01:44:11.000Z","volume":3000,"label":" ","price":3.89},{"type":"A","date":"2018-04-13T01:45:02.000Z","volume":9000,"label":" ","price":3.89},{"type":"A","date":"2018-04-13T01:45:02.000Z","volume":2000,"label":" ","price":3.89},{"type":"A","date":"2018-04-13T01:45:02.000Z","volume":21000,"label":" ","price":3.89},{"type":"A","date":"2018-04-13T01:45:02.000Z","volume":1000,"label":" ","price":3.89},{"type":"B","date":"2018-04-13T01:45:15.000Z","volume":13000,"label":" ","price":3.88},{"type":"A","date":"2018-04-13T01:45:17.000Z","volume":1000,"label":" ","price":3.89},{"type":"B","date":"2018-04-13T01:46:45.000Z","volume":10000,"label":" ","price":3.88},{"type":"A","date":"2018-04-13T01:48:21.000Z","volume":3000,"label":" ","price":3.89},{"type":"A","date":"2018-04-13T01:48:46.000Z","volume":2000,"label":" ","price":3.89},{"type":"A","date":"2018-04-13T01:49:11.000Z","volume":1000,"label":" ","price":3.89},{"type":"B","date":"2018-04-13T01:49:16.000Z","volume":2000,"label":" ","price":3.88},{"type":"A","date":"2018-04-13T01:49:21.000Z","volume":30000,"label":" ","price":3.89},{"type":"A","date":"2018-04-13T01:49:36.000Z","volume":3000,"label":" ","price":3.89},{"type":"B","date":"2018-04-13T01:49:46.000Z","volume":6000,"label":" ","price":3.88},{"type":"B","date":"2018-04-13T01:50:01.000Z","volume":2000,"label":" ","price":3.88},{"type":"A","date":"2018-04-13T01:50:32.000Z","volume":100000,"label":" ","price":3.89},{"type":"A","date":"2018-04-13T01:50:32.000Z","volume":40000,"label":" ","price":3.89},{"type":"A","date":"2018-04-13T01:50:36.000Z","volume":3000,"label":" ","price":3.9},{"type":"A","date":"2018-04-13T01:51:09.000Z","volume":7000,"label":" ","price":3.9},{"type":"A","date":"2018-04-13T01:51:41.000Z","volume":3000,"label":" ","price":3.9},{"type":"A","date":"2018-04-13T01:52:11.000Z","volume":2000,"label":" ","price":3.9},{"type":"U","date":"2018-04-13T01:52:53.000Z","volume":1000,"label":"X","price":3.9},{"type":"B","date":"2018-04-13T01:53:19.000Z","volume":8000,"label":" ","price":3.89},{"type":"B","date":"2018-04-13T01:54:09.000Z","volume":36000,"label":" ","price":3.89},{"type":"B","date":"2018-04-13T01:54:09.000Z","volume":8000,"label":" ","price":3.89},{"type":"B","date":"2018-04-13T01:54:09.000Z","volume":7000,"label":" ","price":3.89},{"type":"B","date":"2018-04-13T01:54:23.000Z","volume":1000,"label":" ","price":3.89},{"type":"A","date":"2018-04-13T01:54:57.000Z","volume":20000,"label":" ","price":3.9},{"type":"A","date":"2018-04-13T01:58:08.000Z","volume":6000,"label":" ","price":3.9},{"type":"A","date":"2018-04-13T01:58:21.000Z","volume":3000,"label":" ","price":3.9},{"type":"B","date":"2018-04-13T01:59:07.000Z","volume":28000,"label":" ","price":3.89},{"type":"A","date":"2018-04-13T01:59:12.000Z","volume":4000,"label":" ","price":3.9},{"type":"B","date":"2018-04-13T02:01:51.000Z","volume":25000,"label":" ","price":3.89},{"type":"A","date":"2018-04-13T02:01:51.000Z","volume":5000,"label":" ","price":3.89},{"type":"B","date":"2018-04-13T02:04:35.000Z","volume":20000,"label":" ","price":3.89},{"type":"A","date":"2018-04-13T02:04:36.000Z","volume":9000,"label":" ","price":3.89},{"type":"A","date":"2018-04-13T02:05:27.000Z","volume":97000,"label":" ","price":3.89},{"type":"U","date":"2018-04-13T02:05:57.000Z","volume":2000,"label":"X","price":3.891},{"type":"B","date":"2018-04-13T02:07:46.000Z","volume":10000,"label":" ","price":3.89},{"type":"B","date":"2018-04-13T02:07:54.000Z","volume":10000,"label":" ","price":3.89},{"type":"A","date":"2018-04-13T02:08:18.000Z","volume":5000,"label":" ","price":3.9},{"type":"A","date":"2018-04-13T02:08:36.000Z","volume":1000,"label":" ","price":3.9},{"type":"A","date":"2018-04-13T02:09:03.000Z","volume":15000,"label":"Y","price":3.9},{"type":"B","date":"2018-04-13T02:09:22.000Z","volume":8000,"label":" ","price":3.89},{"type":"A","date":"2018-04-13T02:10:11.000Z","volume":3000,"label":" ","price":3.9},{"type":"B","date":"2018-04-13T02:10:37.000Z","volume":10000,"label":" ","price":3.89},{"type":"A","date":"2018-04-13T02:10:47.000Z","volume":8000,"label":" ","price":3.9},{"type":"A","date":"2018-04-13T02:10:47.000Z","volume":8000,"label":" ","price":3.9},{"type":"B","date":"2018-04-13T02:11:07.000Z","volume":10000,"label":" ","price":3.89},{"type":"A","date":"2018-04-13T02:11:16.000Z","volume":3000,"label":" ","price":3.9},{"type":"A","date":"2018-04-13T02:11:56.000Z","volume":2000,"label":" ","price":3.9},{"type":"A","date":"2018-04-13T02:12:35.000Z","volume":1000,"label":" ","price":3.9},{"type":"A","date":"2018-04-13T02:14:15.000Z","volume":3000,"label":" ","price":3.9},{"type":"B","date":"2018-04-13T02:15:07.000Z","volume":180000,"label":" ","price":3.89},{"type":"B","date":"2018-04-13T02:15:07.000Z","volume":6000,"label":" ","price":3.89},{"type":"A","date":"2018-04-13T02:15:07.000Z","volume":6000,"label":" ","price":3.89},{"type":"B","date":"2018-04-13T02:15:07.000Z","volume":6000,"label":" ","price":3.89},{"type":"B","date":"2018-04-13T02:15:07.000Z","volume":2000,"label":" ","price":3.89},{"type":"U","date":"2018-04-13T02:15:13.000Z","volume":8000,"label":" ","price":3.89},{"type":"A","date":"2018-04-13T02:15:27.000Z","volume":8000,"label":" ","price":3.89},{"type":"A","date":"2018-04-13T02:17:42.000Z","volume":8000,"label":" ","price":3.89},{"type":"A","date":"2018-04-13T02:19:57.000Z","volume":7000,"label":" ","price":3.89},{"type":"A","date":"2018-04-13T02:20:01.000Z","volume":1000,"label":" ","price":3.89},{"type":"A","date":"2018-04-13T02:21:36.000Z","volume":3000,"label":" ","price":3.9},{"type":"U","date":"2018-04-13T02:21:57.000Z","volume":2000,"label":"X","price":3.892},{"type":"A","date":"2018-04-13T02:23:46.000Z","volume":3000,"label":" ","price":3.9},{"type":"A","date":"2018-04-13T02:24:32.000Z","volume":6000,"label":" ","price":3.89},{"type":"B","date":"2018-04-13T02:24:39.000Z","volume":150000,"label":" ","price":3.88},{"type":"B","date":"2018-04-13T02:24:39.000Z","volume":26000,"label":" ","price":3.88},{"type":"B","date":"2018-04-13T02:24:50.000Z","volume":8000,"label":" ","price":3.88},{"type":"B","date":"2018-04-13T02:27:23.000Z","volume":4000,"label":" ","price":3.87},{"type":"A","date":"2018-04-13T02:31:01.000Z","volume":1000,"label":" ","price":3.88},{"type":"A","date":"2018-04-13T02:31:48.000Z","volume":20000,"label":" ","price":3.88},{"type":"B","date":"2018-04-13T02:32:40.000Z","volume":1000,"label":" ","price":3.87},{"type":"A","date":"2018-04-13T02:33:00.000Z","volume":34000,"label":"Y","price":3.88},{"type":"A","date":"2018-04-13T02:33:00.000Z","volume":2000,"label":" ","price":3.88},{"type":"A","date":"2018-04-13T02:33:00.000Z","volume":84000,"label":" ","price":3.88},{"type":"A","date":"2018-04-13T02:33:24.000Z","volume":3000,"label":" ","price":3.89},{"type":"A","date":"2018-04-13T02:35:17.000Z","volume":5000,"label":" ","price":3.88},{"type":"A","date":"2018-04-13T02:35:17.000Z","volume":4000,"label":" ","price":3.88},{"type":"A","date":"2018-04-13T02:35:17.000Z","volume":12000,"label":" ","price":3.88},{"type":"B","date":"2018-04-13T02:35:18.000Z","volume":2000,"label":" ","price":3.88},{"type":"B","date":"2018-04-13T02:35:20.000Z","volume":11000,"label":" ","price":3.88},{"type":"A","date":"2018-04-13T02:35:56.000Z","volume":3000,"label":" ","price":3.88},{"type":"A","date":"2018-04-13T02:35:56.000Z","volume":2000,"label":" ","price":3.88},{"type":"B","date":"2018-04-13T02:36:48.000Z","volume":1000,"label":" ","price":3.87},{"type":"A","date":"2018-04-13T02:36:57.000Z","volume":5000,"label":" ","price":3.88},{"type":"B","date":"2018-04-13T02:37:10.000Z","volume":1000,"label":" ","price":3.87},{"type":"B","date":"2018-04-13T02:37:15.000Z","volume":5000,"label":" ","price":3.87},{"type":"A","date":"2018-04-13T02:37:16.000Z","volume":1000,"label":" ","price":3.88},{"type":"B","date":"2018-04-13T02:37:40.000Z","volume":1000,"label":" ","price":3.87},{"type":"A","date":"2018-04-13T02:37:59.000Z","volume":1000,"label":" ","price":3.88},{"type":"B","date":"2018-04-13T02:38:10.000Z","volume":1000,"label":" ","price":3.87},{"type":"B","date":"2018-04-13T02:38:34.000Z","volume":1000,"label":" ","price":3.87},{"type":"B","date":"2018-04-13T02:39:19.000Z","volume":1000,"label":" ","price":3.87},{"type":"A","date":"2018-04-13T02:39:20.000Z","volume":5000,"label":" ","price":3.88},{"type":"B","date":"2018-04-13T02:39:48.000Z","volume":1000,"label":" ","price":3.87},{"type":"A","date":"2018-04-13T02:40:27.000Z","volume":6000,"label":" ","price":3.88},{"type":"U","date":"2018-04-13T02:41:42.000Z","volume":3000,"label":"X","price":3.876},{"type":"A","date":"2018-04-13T02:42:27.000Z","volume":3000,"label":" ","price":3.88},{"type":"A","date":"2018-04-13T02:42:33.000Z","volume":2000,"label":" ","price":3.89},{"type":"A","date":"2018-04-13T02:44:05.000Z","volume":5000,"label":" ","price":3.89},{"type":"A","date":"2018-04-13T02:44:46.000Z","volume":3000,"label":" ","price":3.89},{"type":"A","date":"2018-04-13T02:46:41.000Z","volume":3000,"label":" ","price":3.89},{"type":"B","date":"2018-04-13T02:47:14.000Z","volume":6000,"label":" ","price":3.88},{"type":"B","date":"2018-04-13T02:47:29.000Z","volume":1000,"label":" ","price":3.88},{"type":"A","date":"2018-04-13T02:49:41.000Z","volume":1000,"label":" ","price":3.89},{"type":"A","date":"2018-04-13T02:50:17.000Z","volume":1000,"label":" ","price":3.89},{"type":"B","date":"2018-04-13T02:50:32.000Z","volume":34000,"label":" ","price":3.88},{"type":"A","date":"2018-04-13T02:50:32.000Z","volume":5000,"label":" ","price":3.88},{"type":"B","date":"2018-04-13T02:56:04.000Z","volume":186000,"label":" ","price":3.87},{"type":"A","date":"2018-04-13T02:56:04.000Z","volume":8000,"label":" ","price":3.87},{"type":"A","date":"2018-04-13T02:58:17.000Z","volume":5000,"label":" ","price":3.87},{"type":"A","date":"2018-04-13T02:58:17.000Z","volume":1000,"label":" ","price":3.87},{"type":"B","date":"2018-04-13T02:59:55.000Z","volume":1000,"label":" ","price":3.87},{"type":"A","date":"2018-04-13T03:04:36.000Z","volume":1000,"label":" ","price":3.88},{"type":"B","date":"2018-04-13T03:07:20.000Z","volume":19000,"label":" ","price":3.87},{"type":"B","date":"2018-04-13T03:07:20.000Z","volume":4000,"label":" ","price":3.87},{"type":"B","date":"2018-04-13T03:08:41.000Z","volume":1000,"label":" ","price":3.87},{"type":"B","date":"2018-04-13T03:08:41.000Z","volume":2000,"label":" ","price":3.87},{"type":"A","date":"2018-04-13T03:09:41.000Z","volume":150000,"label":" ","price":3.88},{"type":"B","date":"2018-04-13T03:15:10.000Z","volume":40000,"label":" ","price":3.87},{"type":"B","date":"2018-04-13T03:15:10.000Z","volume":2000,"label":" ","price":3.87},{"type":"B","date":"2018-04-13T03:15:10.000Z","volume":8000,"label":" ","price":3.87},{"type":"B","date":"2018-04-13T03:15:11.000Z","volume":1000,"label":" ","price":3.87},{"type":"B","date":"2018-04-13T03:15:26.000Z","volume":1000,"label":"Y","price":3.86},{"type":"B","date":"2018-04-13T03:19:43.000Z","volume":46000,"label":" ","price":3.85},{"type":"A","date":"2018-04-13T03:19:45.000Z","volume":10000,"label":" ","price":3.87},{"type":"B","date":"2018-04-13T03:21:29.000Z","volume":5000,"label":" ","price":3.85},{"type":"B","date":"2018-04-13T03:22:33.000Z","volume":3000,"label":" ","price":3.85},{"type":"B","date":"2018-04-13T03:22:33.000Z","volume":1000,"label":" ","price":3.85},{"type":"A","date":"2018-04-13T03:22:47.000Z","volume":10000,"label":" ","price":3.85},{"type":"A","date":"2018-04-13T03:22:47.000Z","volume":4000,"label":" ","price":3.85},{"type":"A","date":"2018-04-13T03:22:47.000Z","volume":5000,"label":" ","price":3.85},{"type":"A","date":"2018-04-13T03:22:47.000Z","volume":9000,"label":" ","price":3.85},{"type":"U","date":"2018-04-13T03:22:57.000Z","volume":3000,"label":"X","price":3.852},{"type":"B","date":"2018-04-13T03:23:37.000Z","volume":8000,"label":" ","price":3.85},{"type":"B","date":"2018-04-13T03:23:37.000Z","volume":56000,"label":" ","price":3.84},{"type":"B","date":"2018-04-13T03:23:37.000Z","volume":2000,"label":" ","price":3.85},{"type":"B","date":"2018-04-13T03:25:38.000Z","volume":20000,"label":" ","price":3.84},{"type":"A","date":"2018-04-13T03:26:23.000Z","volume":53000,"label":" ","price":3.85},{"type":"A","date":"2018-04-13T03:27:47.000Z","volume":6000,"label":" ","price":3.86},{"type":"A","date":"2018-04-13T03:27:47.000Z","volume":4000,"label":" ","price":3.86},{"type":"B","date":"2018-04-13T03:27:47.000Z","volume":4000,"label":" ","price":3.86},{"type":"B","date":"2018-04-13T03:27:47.000Z","volume":1000,"label":" ","price":3.86},{"type":"B","date":"2018-04-13T03:27:47.000Z","volume":1000,"label":" ","price":3.86},{"type":"U","date":"2018-04-13T03:27:47.000Z","volume":1000,"label":" ","price":3.86},{"type":"B","date":"2018-04-13T03:38:18.000Z","volume":1000,"label":"Y","price":3.86},{"type":"B","date":"2018-04-13T03:38:18.000Z","volume":1000,"label":" ","price":3.86},{"type":"A","date":"2018-04-13T03:40:47.000Z","volume":4000,"label":" ","price":3.87},{"type":"A","date":"2018-04-13T03:40:47.000Z","volume":5000,"label":" ","price":3.87},{"type":"A","date":"2018-04-13T03:42:51.000Z","volume":3000,"label":" ","price":3.87},{"type":"A","date":"2018-04-13T03:47:51.000Z","volume":3000,"label":" ","price":3.87},{"type":"B","date":"2018-04-13T03:48:52.000Z","volume":26000,"label":" ","price":3.86},{"type":"B","date":"2018-04-13T03:48:52.000Z","volume":2000,"label":" ","price":3.86},{"type":"B","date":"2018-04-13T03:48:52.000Z","volume":3000,"label":" ","price":3.86},{"type":"A","date":"2018-04-13T03:48:52.000Z","volume":23000,"label":" ","price":3.86},{"type":"B","date":"2018-04-13T03:49:26.000Z","volume":40000,"label":" ","price":3.85},{"type":"A","date":"2018-04-13T03:53:14.000Z","volume":6000,"label":" ","price":3.87},{"type":"B","date":"2018-04-13T03:56:02.000Z","volume":12000,"label":" ","price":3.86},{"type":"B","date":"2018-04-13T03:56:02.000Z","volume":1000,"label":" ","price":3.86},{"type":"B","date":"2018-04-13T03:56:02.000Z","volume":1000,"label":" ","price":3.86},{"type":"B","date":"2018-04-13T03:56:02.000Z","volume":3000,"label":" ","price":3.86},{"type":"B","date":"2018-04-13T05:00:00.000Z","volume":10000,"label":" ","price":3.85},{"type":"A","date":"2018-04-13T05:00:00.000Z","volume":1000,"label":" ","price":3.87},{"type":"A","date":"2018-04-13T05:03:47.000Z","volume":17000,"label":" ","price":3.87},{"type":"A","date":"2018-04-13T05:05:25.000Z","volume":1000,"label":" ","price":3.87},{"type":"A","date":"2018-04-13T05:05:52.000Z","volume":1000,"label":" ","price":3.88},{"type":"B","date":"2018-04-13T05:07:27.000Z","volume":1000,"label":" ","price":3.87},{"type":"A","date":"2018-04-13T05:08:28.000Z","volume":1000,"label":" ","price":3.88},{"type":"B","date":"2018-04-13T05:10:56.000Z","volume":1000,"label":" ","price":3.87},{"type":"A","date":"2018-04-13T05:11:41.000Z","volume":2000,"label":" ","price":3.88},{"type":"A","date":"2018-04-13T05:14:17.000Z","volume":5000,"label":" ","price":3.88},{"type":"A","date":"2018-04-13T05:14:17.000Z","volume":5000,"label":" ","price":3.88},{"type":"A","date":"2018-04-13T05:14:21.000Z","volume":3000,"label":" ","price":3.88},{"type":"A","date":"2018-04-13T05:17:47.000Z","volume":5000,"label":" ","price":3.88},{"type":"A","date":"2018-04-13T05:17:47.000Z","volume":5000,"label":" ","price":3.88},{"type":"A","date":"2018-04-13T05:17:56.000Z","volume":3000,"label":" ","price":3.88},{"type":"B","date":"2018-04-13T05:20:30.000Z","volume":31000,"label":" ","price":3.87},{"type":"A","date":"2018-04-13T05:20:30.000Z","volume":5000,"label":" ","price":3.87},{"type":"A","date":"2018-04-13T05:20:30.000Z","volume":14000,"label":" ","price":3.87},{"type":"B","date":"2018-04-13T05:25:27.000Z","volume":1000,"label":" ","price":3.86},{"type":"B","date":"2018-04-13T05:25:40.000Z","volume":90000,"label":" ","price":3.86},{"type":"B","date":"2018-04-13T05:25:41.000Z","volume":1000,"label":" ","price":3.86},{"type":"A","date":"2018-04-13T05:32:02.000Z","volume":5000,"label":" ","price":3.87},{"type":"A","date":"2018-04-13T05:32:02.000Z","volume":5000,"label":" ","price":3.87},{"type":"A","date":"2018-04-13T05:33:08.000Z","volume":40000,"label":"Y","price":3.87},{"type":"A","date":"2018-04-13T05:33:08.000Z","volume":11000,"label":" ","price":3.87},{"type":"A","date":"2018-04-13T05:33:08.000Z","volume":9000,"label":" ","price":3.87},{"type":"A","date":"2018-04-13T05:37:02.000Z","volume":5000,"label":" ","price":3.88},{"type":"U","date":"2018-04-13T05:37:40.000Z","volume":1000,"label":"X","price":3.871},{"type":"A","date":"2018-04-13T05:39:02.000Z","volume":5000,"label":" ","price":3.88},{"type":"A","date":"2018-04-13T05:39:16.000Z","volume":1000,"label":" ","price":3.88},{"type":"B","date":"2018-04-13T05:40:23.000Z","volume":3000,"label":"Y","price":3.86},{"type":"B","date":"2018-04-13T05:40:23.000Z","volume":47000,"label":" ","price":3.86},{"type":"A","date":"2018-04-13T05:40:32.000Z","volume":5000,"label":" ","price":3.88},{"type":"A","date":"2018-04-13T05:42:51.000Z","volume":2000,"label":" ","price":3.87},{"type":"A","date":"2018-04-13T05:42:52.000Z","volume":4000,"label":" ","price":3.87},{"type":"A","date":"2018-04-13T05:44:47.000Z","volume":5000,"label":" ","price":3.87},{"type":"A","date":"2018-04-13T05:44:47.000Z","volume":3000,"label":" ","price":3.87},{"type":"A","date":"2018-04-13T05:46:01.000Z","volume":3000,"label":" ","price":3.87},{"type":"A","date":"2018-04-13T05:48:47.000Z","volume":5000,"label":" ","price":3.87},{"type":"A","date":"2018-04-13T05:48:47.000Z","volume":4000,"label":" ","price":3.87},{"type":"A","date":"2018-04-13T05:49:21.000Z","volume":3000,"label":" ","price":3.87},{"type":"B","date":"2018-04-13T05:51:37.000Z","volume":48000,"label":" ","price":3.86},{"type":"B","date":"2018-04-13T05:51:37.000Z","volume":6000,"label":" ","price":3.86},{"type":"B","date":"2018-04-13T05:51:37.000Z","volume":5000,"label":" ","price":3.86},{"type":"A","date":"2018-04-13T05:51:37.000Z","volume":2000,"label":" ","price":3.86},{"type":"A","date":"2018-04-13T05:52:53.000Z","volume":200000,"label":" ","price":3.86},{"type":"A","date":"2018-04-13T05:52:53.000Z","volume":71000,"label":" ","price":3.86},{"type":"A","date":"2018-04-13T05:55:13.000Z","volume":1000,"label":" ","price":3.86},{"type":"A","date":"2018-04-13T05:55:13.000Z","volume":112000,"label":" ","price":3.86},{"type":"A","date":"2018-04-13T05:55:13.000Z","volume":57000,"label":" ","price":3.86},{"type":"A","date":"2018-04-13T06:01:05.000Z","volume":1000,"label":" ","price":3.87},{"type":"A","date":"2018-04-13T06:02:52.000Z","volume":6000,"label":" ","price":3.87},{"type":"A","date":"2018-04-13T06:03:21.000Z","volume":1000,"label":" ","price":3.87},{"type":"B","date":"2018-04-13T06:03:44.000Z","volume":1000,"label":" ","price":3.85},{"type":"B","date":"2018-04-13T06:04:11.000Z","volume":1000,"label":" ","price":3.85},{"type":"B","date":"2018-04-13T06:04:41.000Z","volume":1000,"label":" ","price":3.85},{"type":"A","date":"2018-04-13T06:05:02.000Z","volume":6000,"label":" ","price":3.86},{"type":"A","date":"2018-04-13T06:05:02.000Z","volume":7000,"label":" ","price":3.86},{"type":"A","date":"2018-04-13T06:05:02.000Z","volume":2000,"label":" ","price":3.86},{"type":"A","date":"2018-04-13T06:05:02.000Z","volume":5000,"label":" ","price":3.86},{"type":"B","date":"2018-04-13T06:05:11.000Z","volume":1000,"label":" ","price":3.86},{"type":"B","date":"2018-04-13T06:05:41.000Z","volume":1000,"label":" ","price":3.86},{"type":"B","date":"2018-04-13T06:06:11.000Z","volume":1000,"label":" ","price":3.86},{"type":"A","date":"2018-04-13T06:06:26.000Z","volume":1000,"label":" ","price":3.87},{"type":"B","date":"2018-04-13T06:07:09.000Z","volume":1000,"label":" ","price":3.86},{"type":"B","date":"2018-04-13T06:07:39.000Z","volume":1000,"label":" ","price":3.86},{"type":"B","date":"2018-04-13T06:08:02.000Z","volume":1000,"label":" ","price":3.86},{"type":"A","date":"2018-04-13T06:10:56.000Z","volume":3000,"label":" ","price":3.87},{"type":"A","date":"2018-04-13T06:12:41.000Z","volume":2000,"label":" ","price":3.87},{"type":"A","date":"2018-04-13T06:13:32.000Z","volume":5000,"label":" ","price":3.87},{"type":"A","date":"2018-04-13T06:13:32.000Z","volume":5000,"label":" ","price":3.87},{"type":"A","date":"2018-04-13T06:15:14.000Z","volume":1000,"label":" ","price":3.87},{"type":"A","date":"2018-04-13T06:15:30.000Z","volume":2000,"label":" ","price":3.87},{"type":"A","date":"2018-04-13T06:16:16.000Z","volume":2000,"label":" ","price":3.87},{"type":"A","date":"2018-04-13T06:18:01.000Z","volume":3000,"label":" ","price":3.87},{"type":"A","date":"2018-04-13T06:18:02.000Z","volume":6000,"label":" ","price":3.87},{"type":"A","date":"2018-04-13T06:18:02.000Z","volume":8000,"label":" ","price":3.87},{"type":"A","date":"2018-04-13T06:18:19.000Z","volume":2000,"label":" ","price":3.87},{"type":"A","date":"2018-04-13T06:18:22.000Z","volume":7000,"label":" ","price":3.87},{"type":"A","date":"2018-04-13T06:18:22.000Z","volume":6000,"label":" ","price":3.87},{"type":"A","date":"2018-04-13T06:18:22.000Z","volume":4000,"label":" ","price":3.87},{"type":"B","date":"2018-04-13T06:18:22.000Z","volume":14000,"label":" ","price":3.87},{"type":"B","date":"2018-04-13T06:19:28.000Z","volume":1000,"label":" ","price":3.87},{"type":"B","date":"2018-04-13T06:19:28.000Z","volume":1000,"label":" ","price":3.87},{"type":"B","date":"2018-04-13T06:19:29.000Z","volume":24000,"label":" ","price":3.87},{"type":"B","date":"2018-04-13T06:24:29.000Z","volume":70000,"label":" ","price":3.86},{"type":"B","date":"2018-04-13T06:24:29.000Z","volume":15000,"label":" ","price":3.86},{"type":"B","date":"2018-04-13T06:26:12.000Z","volume":13000,"label":" ","price":3.86},{"type":"A","date":"2018-04-13T06:26:12.000Z","volume":1000,"label":" ","price":3.86},{"type":"A","date":"2018-04-13T06:27:01.000Z","volume":20000,"label":" ","price":3.86},{"type":"A","date":"2018-04-13T06:31:17.000Z","volume":5000,"label":" ","price":3.86},{"type":"A","date":"2018-04-13T06:31:17.000Z","volume":5000,"label":" ","price":3.86},{"type":"A","date":"2018-04-13T06:32:21.000Z","volume":36000,"label":"Y","price":3.86},{"type":"A","date":"2018-04-13T06:32:21.000Z","volume":2000,"label":" ","price":3.86},{"type":"A","date":"2018-04-13T06:34:17.000Z","volume":7000,"label":" ","price":3.87},{"type":"A","date":"2018-04-13T06:34:17.000Z","volume":3000,"label":" ","price":3.87},{"type":"A","date":"2018-04-13T06:34:17.000Z","volume":1000,"label":" ","price":3.87},{"type":"B","date":"2018-04-13T06:34:17.000Z","volume":6000,"label":" ","price":3.87},{"type":"B","date":"2018-04-13T06:34:18.000Z","volume":12000,"label":" ","price":3.87},{"type":"B","date":"2018-04-13T06:41:26.000Z","volume":6000,"label":" ","price":3.86},{"type":"A","date":"2018-04-13T06:41:47.000Z","volume":7000,"label":" ","price":3.87},{"type":"A","date":"2018-04-13T06:42:13.000Z","volume":78000,"label":" ","price":3.87},{"type":"A","date":"2018-04-13T06:44:11.000Z","volume":2000,"label":" ","price":3.88},{"type":"A","date":"2018-04-13T06:44:17.000Z","volume":5000,"label":" ","price":3.88},{"type":"A","date":"2018-04-13T06:44:17.000Z","volume":5000,"label":" ","price":3.88},{"type":"A","date":"2018-04-13T06:46:11.000Z","volume":3000,"label":" ","price":3.88},{"type":"B","date":"2018-04-13T06:46:31.000Z","volume":1000,"label":"Y","price":3.87},{"type":"A","date":"2018-04-13T06:46:32.000Z","volume":16000,"label":" ","price":3.88},{"type":"A","date":"2018-04-13T06:47:17.000Z","volume":2000,"label":" ","price":3.88},{"type":"A","date":"2018-04-13T06:47:47.000Z","volume":5000,"label":" ","price":3.88},{"type":"A","date":"2018-04-13T06:47:47.000Z","volume":5000,"label":" ","price":3.88},{"type":"A","date":"2018-04-13T06:48:16.000Z","volume":3000,"label":" ","price":3.88},{"type":"A","date":"2018-04-13T06:50:36.000Z","volume":3000,"label":" ","price":3.88},{"type":"A","date":"2018-04-13T06:53:17.000Z","volume":5000,"label":" ","price":3.88},{"type":"A","date":"2018-04-13T06:53:17.000Z","volume":5000,"label":" ","price":3.88},{"type":"A","date":"2018-04-13T06:53:21.000Z","volume":3000,"label":" ","price":3.88},{"type":"A","date":"2018-04-13T06:56:02.000Z","volume":5000,"label":" ","price":3.88},{"type":"A","date":"2018-04-13T06:56:02.000Z","volume":5000,"label":" ","price":3.88},{"type":"A","date":"2018-04-13T06:56:29.000Z","volume":3000,"label":" ","price":3.88},{"type":"B","date":"2018-04-13T06:57:16.000Z","volume":100000,"label":"Y","price":3.87},{"type":"B","date":"2018-04-13T06:58:01.000Z","volume":8000,"label":" ","price":3.87},{"type":"B","date":"2018-04-13T06:58:36.000Z","volume":12000,"label":" ","price":3.87},{"type":"A","date":"2018-04-13T06:59:21.000Z","volume":3000,"label":" ","price":3.88},{"type":"A","date":"2018-04-13T06:59:32.000Z","volume":4000,"label":" ","price":3.88},{"type":"A","date":"2018-04-13T06:59:56.000Z","volume":1000,"label":" ","price":3.88},{"type":"B","date":"2018-04-13T07:00:22.000Z","volume":1000,"label":"Y","price":3.87},{"type":"B","date":"2018-04-13T07:00:22.000Z","volume":1000,"label":" ","price":3.87},{"type":"B","date":"2018-04-13T07:00:30.000Z","volume":1000,"label":"Y","price":3.87},{"type":"B","date":"2018-04-13T07:00:30.000Z","volume":1000,"label":" ","price":3.87},{"type":"B","date":"2018-04-13T07:01:04.000Z","volume":2000,"label":" ","price":3.87},{"type":"B","date":"2018-04-13T07:01:33.000Z","volume":9000,"label":" ","price":3.87},{"type":"B","date":"2018-04-13T07:01:56.000Z","volume":18000,"label":" ","price":3.87},{"type":"A","date":"2018-04-13T07:05:17.000Z","volume":6000,"label":" ","price":3.87},{"type":"U","date":"2018-04-13T07:07:46.000Z","volume":1000,"label":"X","price":3.87},{"type":"A","date":"2018-04-13T07:08:32.000Z","volume":1000,"label":" ","price":3.87},{"type":"A","date":"2018-04-13T07:09:02.000Z","volume":4000,"label":" ","price":3.87},{"type":"A","date":"2018-04-13T07:09:02.000Z","volume":4000,"label":" ","price":3.87},{"type":"A","date":"2018-04-13T07:09:44.000Z","volume":30000,"label":"Y","price":3.87},{"type":"A","date":"2018-04-13T07:09:44.000Z","volume":59000,"label":" ","price":3.87},{"type":"A","date":"2018-04-13T07:09:49.000Z","volume":1000,"label":" ","price":3.88},{"type":"A","date":"2018-04-13T07:13:02.000Z","volume":4000,"label":" ","price":3.88},{"type":"A","date":"2018-04-13T07:13:02.000Z","volume":4000,"label":" ","price":3.88},{"type":"A","date":"2018-04-13T07:14:06.000Z","volume":1000,"label":" ","price":3.88},{"type":"B","date":"2018-04-13T07:15:57.000Z","volume":1000,"label":"Y","price":3.87},{"type":"A","date":"2018-04-13T07:16:02.000Z","volume":4000,"label":" ","price":3.88},{"type":"A","date":"2018-04-13T07:16:02.000Z","volume":4000,"label":" ","price":3.88},{"type":"A","date":"2018-04-13T07:18:36.000Z","volume":3000,"label":" ","price":3.88},{"type":"A","date":"2018-04-13T07:18:47.000Z","volume":4000,"label":" ","price":3.88},{"type":"A","date":"2018-04-13T07:19:36.000Z","volume":2000,"label":" ","price":3.88},{"type":"A","date":"2018-04-13T07:22:17.000Z","volume":7000,"label":" ","price":3.88},{"type":"A","date":"2018-04-13T07:22:36.000Z","volume":3000,"label":" ","price":3.88},{"type":"A","date":"2018-04-13T07:25:02.000Z","volume":5000,"label":" ","price":3.88},{"type":"A","date":"2018-04-13T07:25:51.000Z","volume":3000,"label":" ","price":3.88},{"type":"B","date":"2018-04-13T07:26:00.000Z","volume":1000,"label":" ","price":3.87},{"type":"A","date":"2018-04-13T07:26:17.000Z","volume":5000,"label":" ","price":3.88},{"type":"B","date":"2018-04-13T07:27:59.000Z","volume":1000,"label":" ","price":3.87},{"type":"A","date":"2018-04-13T07:28:02.000Z","volume":7000,"label":" ","price":3.88},{"type":"A","date":"2018-04-13T07:29:06.000Z","volume":3000,"label":" ","price":3.88},{"type":"A","date":"2018-04-13T07:29:21.000Z","volume":1000,"label":"Y","price":3.88},{"type":"A","date":"2018-04-13T07:29:21.000Z","volume":2000,"label":" ","price":3.88},{"type":"A","date":"2018-04-13T07:30:51.000Z","volume":3000,"label":" ","price":3.88},{"type":"A","date":"2018-04-13T07:30:53.000Z","volume":1000,"label":" ","price":3.88},{"type":"A","date":"2018-04-13T07:31:32.000Z","volume":6000,"label":" ","price":3.88},{"type":"A","date":"2018-04-13T07:31:53.000Z","volume":1000,"label":" ","price":3.88},{"type":"A","date":"2018-04-13T07:32:56.000Z","volume":1000,"label":" ","price":3.88},{"type":"A","date":"2018-04-13T07:33:01.000Z","volume":3000,"label":" ","price":3.88},{"type":"A","date":"2018-04-13T07:34:17.000Z","volume":5000,"label":" ","price":3.88},{"type":"A","date":"2018-04-13T07:34:17.000Z","volume":5000,"label":" ","price":3.88},{"type":"A","date":"2018-04-13T07:34:56.000Z","volume":3000,"label":" ","price":3.88},{"type":"A","date":"2018-04-13T07:35:42.000Z","volume":12000,"label":"Y","price":3.88},{"type":"A","date":"2018-04-13T07:35:42.000Z","volume":28000,"label":" ","price":3.88},{"type":"A","date":"2018-04-13T07:35:57.000Z","volume":1000,"label":" ","price":3.88},{"type":"A","date":"2018-04-13T07:35:57.000Z","volume":2000,"label":" ","price":3.88},{"type":"A","date":"2018-04-13T07:36:21.000Z","volume":1000,"label":" ","price":3.88},{"type":"A","date":"2018-04-13T07:37:41.000Z","volume":3000,"label":" ","price":3.88},{"type":"A","date":"2018-04-13T07:39:02.000Z","volume":5000,"label":" ","price":3.88},{"type":"A","date":"2018-04-13T07:39:02.000Z","volume":6000,"label":" ","price":3.88},{"type":"A","date":"2018-04-13T07:39:02.000Z","volume":5000,"label":" ","price":3.88},{"type":"A","date":"2018-04-13T07:39:02.000Z","volume":4000,"label":" ","price":3.88},{"type":"A","date":"2018-04-13T07:39:02.000Z","volume":4000,"label":" ","price":3.88},{"type":"A","date":"2018-04-13T07:39:02.000Z","volume":4000,"label":" ","price":3.88},{"type":"A","date":"2018-04-13T07:39:15.000Z","volume":1000,"label":" ","price":3.88},{"type":"A","date":"2018-04-13T07:39:37.000Z","volume":6000,"label":" ","price":3.88},{"type":"A","date":"2018-04-13T07:39:41.000Z","volume":3000,"label":" ","price":3.88},{"type":"A","date":"2018-04-13T07:42:31.000Z","volume":3000,"label":" ","price":3.88},{"type":"B","date":"2018-04-13T07:43:01.000Z","volume":1000,"label":" ","price":3.87},{"type":"A","date":"2018-04-13T07:44:26.000Z","volume":3000,"label":" ","price":3.88},{"type":"A","date":"2018-04-13T07:45:19.000Z","volume":1000,"label":" ","price":3.88},{"type":"A","date":"2018-04-13T07:45:51.000Z","volume":3000,"label":" ","price":3.88},{"type":"A","date":"2018-04-13T07:45:52.000Z","volume":1000,"label":" ","price":3.88},{"type":"B","date":"2018-04-13T07:46:01.000Z","volume":1000,"label":" ","price":3.87},{"type":"B","date":"2018-04-13T07:46:52.000Z","volume":1000,"label":" ","price":3.87},{"type":"A","date":"2018-04-13T07:47:16.000Z","volume":1000,"label":" ","price":3.88},{"type":"A","date":"2018-04-13T07:47:36.000Z","volume":2000,"label":" ","price":3.88},{"type":"A","date":"2018-04-13T07:48:10.000Z","volume":20000,"label":" ","price":3.88},{"type":"B","date":"2018-04-13T07:48:17.000Z","volume":4000,"label":" ","price":3.87},{"type":"A","date":"2018-04-13T07:48:23.000Z","volume":1000,"label":" ","price":3.88},{"type":"B","date":"2018-04-13T07:48:26.000Z","volume":1000,"label":" ","price":3.87},{"type":"A","date":"2018-04-13T07:49:32.000Z","volume":8000,"label":" ","price":3.88},{"type":"B","date":"2018-04-13T07:49:38.000Z","volume":1000,"label":" ","price":3.87},{"type":"B","date":"2018-04-13T07:49:43.000Z","volume":167000,"label":" ","price":3.87},{"type":"B","date":"2018-04-13T07:49:44.000Z","volume":13000,"label":" ","price":3.87},{"type":"A","date":"2018-04-13T07:51:00.000Z","volume":3000,"label":" ","price":3.88},{"type":"A","date":"2018-04-13T07:51:21.000Z","volume":1000,"label":" ","price":3.88},{"type":"A","date":"2018-04-13T07:51:32.000Z","volume":2000,"label":" ","price":3.88},{"type":"A","date":"2018-04-13T07:52:02.000Z","volume":9000,"label":" ","price":3.88},{"type":"A","date":"2018-04-13T07:52:10.000Z","volume":3000,"label":" ","price":3.88},{"type":"A","date":"2018-04-13T07:53:32.000Z","volume":9000,"label":" ","price":3.88},{"type":"A","date":"2018-04-13T07:53:40.000Z","volume":3000,"label":" ","price":3.88},{"type":"A","date":"2018-04-13T07:53:43.000Z","volume":1000,"label":" ","price":3.88},{"type":"A","date":"2018-04-13T07:54:15.000Z","volume":2000,"label":" ","price":3.88},{"type":"A","date":"2018-04-13T07:54:20.000Z","volume":1000,"label":" ","price":3.88},{"type":"A","date":"2018-04-13T07:55:02.000Z","volume":8000,"label":" ","price":3.88},{"type":"A","date":"2018-04-13T07:55:20.000Z","volume":3000,"label":" ","price":3.88},{"type":"A","date":"2018-04-13T07:55:21.000Z","volume":1000,"label":" ","price":3.88},{"type":"A","date":"2018-04-13T07:56:02.000Z","volume":7000,"label":" ","price":3.88},{"type":"A","date":"2018-04-13T07:56:40.000Z","volume":3000,"label":" ","price":3.88},{"type":"A","date":"2018-04-13T07:56:47.000Z","volume":7000,"label":" ","price":3.88},{"type":"A","date":"2018-04-13T07:56:50.000Z","volume":1000,"label":" ","price":3.88},{"type":"A","date":"2018-04-13T07:57:02.000Z","volume":8000,"label":" ","price":3.88},{"type":"B","date":"2018-04-13T07:57:52.000Z","volume":15000,"label":" ","price":3.87},{"type":"A","date":"2018-04-13T07:58:05.000Z","volume":3000,"label":" ","price":3.88},{"type":"A","date":"2018-04-13T07:58:17.000Z","volume":6000,"label":" ","price":3.88},{"type":"A","date":"2018-04-13T07:58:45.000Z","volume":3000,"label":" ","price":3.88},{"type":"A","date":"2018-04-13T07:58:55.000Z","volume":1000,"label":" ","price":3.88},{"type":"A","date":"2018-04-13T07:58:55.000Z","volume":2000,"label":" ","price":3.88},{"type":"A","date":"2018-04-13T07:59:02.000Z","volume":4000,"label":" ","price":3.88},{"type":"A","date":"2018-04-13T07:59:09.000Z","volume":1000,"label":" ","price":3.88},{"type":"A","date":"2018-04-13T07:59:22.000Z","volume":1000,"label":" ","price":3.88},{"type":"A","date":"2018-04-13T07:59:32.000Z","volume":2000,"label":" ","price":3.88},{"type":"A","date":"2018-04-13T07:59:47.000Z","volume":1000,"label":" ","price":3.88},{"type":"A","date":"2018-04-13T07:59:48.000Z","volume":1000,"label":" ","price":3.88},{"type":"B","date":"2018-04-13T07:59:50.000Z","volume":1000,"label":" ","price":3.87},{"type":"B","date":"2018-04-13T07:59:53.000Z","volume":10000,"label":" ","price":3.87},{"type":"U","date":"2018-04-13T08:08:17.000Z","volume":161000,"label":"U","price":3.88}]