[{"type":"U","date":"2018-05-04T01:02:09.000Z","volume":68000,"label":"P","price":6.8},{"type":"U","date":"2018-05-04T01:05:00.000Z","volume":7030,"label":"P","price":6.773},{"type":"A","date":"2018-05-04T01:30:19.000Z","volume":2000,"label":" ","price":6.8},{"type":"U","date":"2018-05-04T01:32:24.000Z","volume":2000,"label":" ","price":6.77},{"type":"B","date":"2018-05-04T01:33:07.000Z","volume":2000,"label":" ","price":6.74},{"type":"U","date":"2018-05-04T01:33:21.000Z","volume":2000,"label":" ","price":6.76},{"type":"B","date":"2018-05-04T01:34:42.000Z","volume":10000,"label":" ","price":6.75},{"type":"A","date":"2018-05-04T01:34:44.000Z","volume":2000,"label":" ","price":6.77},{"type":"A","date":"2018-05-04T01:34:53.000Z","volume":6000,"label":" ","price":6.77},{"type":"A","date":"2018-05-04T01:34:53.000Z","volume":2000,"label":" ","price":6.77},{"type":"A","date":"2018-05-04T01:34:53.000Z","volume":2000,"label":" ","price":6.77},{"type":"A","date":"2018-05-04T01:34:55.000Z","volume":20000,"label":" ","price":6.77},{"type":"A","date":"2018-05-04T01:34:57.000Z","volume":2000,"label":" ","price":6.78},{"type":"A","date":"2018-05-04T01:34:58.000Z","volume":2000,"label":" ","price":6.79},{"type":"U","date":"2018-05-04T01:35:18.000Z","volume":10000,"label":" ","price":6.78},{"type":"A","date":"2018-05-04T01:35:18.000Z","volume":4000,"label":" ","price":6.79},{"type":"A","date":"2018-05-04T01:35:34.000Z","volume":4000,"label":" ","price":6.8},{"type":"A","date":"2018-05-04T01:35:34.000Z","volume":2000,"label":" ","price":6.8},{"type":"A","date":"2018-05-04T01:35:53.000Z","volume":2000,"label":" ","price":6.8},{"type":"A","date":"2018-05-04T01:36:17.000Z","volume":2000,"label":" ","price":6.8},{"type":"B","date":"2018-05-04T01:36:19.000Z","volume":2000,"label":" ","price":6.79},{"type":"B","date":"2018-05-04T01:36:21.000Z","volume":30000,"label":" ","price":6.79},{"type":"B","date":"2018-05-04T01:36:22.000Z","volume":2000,"label":" ","price":6.79},{"type":"B","date":"2018-05-04T01:36:27.000Z","volume":4000,"label":" ","price":6.79},{"type":"A","date":"2018-05-04T01:36:34.000Z","volume":8000,"label":" ","price":6.8},{"type":"A","date":"2018-05-04T01:36:34.000Z","volume":2000,"label":" ","price":6.8},{"type":"A","date":"2018-05-04T01:36:34.000Z","volume":2000,"label":" ","price":6.8},{"type":"B","date":"2018-05-04T01:36:39.000Z","volume":2000,"label":" ","price":6.79},{"type":"B","date":"2018-05-04T01:37:35.000Z","volume":2000,"label":" ","price":6.79},{"type":"A","date":"2018-05-04T01:37:41.000Z","volume":2000,"label":" ","price":6.8},{"type":"A","date":"2018-05-04T01:37:41.000Z","volume":2000,"label":" ","price":6.8},{"type":"A","date":"2018-05-04T01:37:45.000Z","volume":2000,"label":" ","price":6.8},{"type":"A","date":"2018-05-04T01:37:45.000Z","volume":18000,"label":" ","price":6.8},{"type":"A","date":"2018-05-04T01:37:45.000Z","volume":80000,"label":" ","price":6.8},{"type":"A","date":"2018-05-04T01:37:45.000Z","volume":8000,"label":" ","price":6.81},{"type":"A","date":"2018-05-04T01:37:53.000Z","volume":8000,"label":" ","price":6.82},{"type":"A","date":"2018-05-04T01:38:23.000Z","volume":6000,"label":" ","price":6.82},{"type":"A","date":"2018-05-04T01:38:55.000Z","volume":6000,"label":" ","price":6.82},{"type":"A","date":"2018-05-04T01:39:07.000Z","volume":6000,"label":" ","price":6.82},{"type":"A","date":"2018-05-04T01:39:07.000Z","volume":2000,"label":" ","price":6.82},{"type":"A","date":"2018-05-04T01:39:07.000Z","volume":2000,"label":" ","price":6.82},{"type":"A","date":"2018-05-04T01:39:11.000Z","volume":2000,"label":" ","price":6.82},{"type":"A","date":"2018-05-04T01:39:52.000Z","volume":2000,"label":" ","price":6.82},{"type":"A","date":"2018-05-04T01:40:00.000Z","volume":2000,"label":" ","price":6.82},{"type":"A","date":"2018-05-04T01:40:00.000Z","volume":8000,"label":" ","price":6.82},{"type":"A","date":"2018-05-04T01:40:00.000Z","volume":4000,"label":" ","price":6.82},{"type":"A","date":"2018-05-04T01:40:00.000Z","volume":2000,"label":" ","price":6.83},{"type":"U","date":"2018-05-04T01:41:03.000Z","volume":12000,"label":" ","price":6.83},{"type":"A","date":"2018-05-04T01:41:11.000Z","volume":2000,"label":" ","price":6.84},{"type":"A","date":"2018-05-04T01:41:12.000Z","volume":14000,"label":" ","price":6.84},{"type":"A","date":"2018-05-04T01:41:17.000Z","volume":4000,"label":" ","price":6.84},{"type":"A","date":"2018-05-04T01:41:17.000Z","volume":2000,"label":" ","price":6.84},{"type":"A","date":"2018-05-04T01:41:18.000Z","volume":6000,"label":" ","price":6.84},{"type":"A","date":"2018-05-04T01:41:18.000Z","volume":2000,"label":" ","price":6.84},{"type":"A","date":"2018-05-04T01:41:18.000Z","volume":2000,"label":" ","price":6.84},{"type":"A","date":"2018-05-04T01:42:12.000Z","volume":2000,"label":" ","price":6.84},{"type":"A","date":"2018-05-04T01:42:12.000Z","volume":2000,"label":" ","price":6.84},{"type":"A","date":"2018-05-04T01:42:38.000Z","volume":2000,"label":" ","price":6.84},{"type":"A","date":"2018-05-04T01:42:53.000Z","volume":2000,"label":" ","price":6.84},{"type":"A","date":"2018-05-04T01:43:19.000Z","volume":2000,"label":" ","price":6.84},{"type":"B","date":"2018-05-04T01:43:21.000Z","volume":10000,"label":" ","price":6.83},{"type":"B","date":"2018-05-04T01:43:26.000Z","volume":4000,"label":" ","price":6.83},{"type":"A","date":"2018-05-04T01:43:29.000Z","volume":8000,"label":" ","price":6.84},{"type":"A","date":"2018-05-04T01:43:29.000Z","volume":2000,"label":" ","price":6.84},{"type":"A","date":"2018-05-04T01:43:29.000Z","volume":10000,"label":" ","price":6.84},{"type":"A","date":"2018-05-04T01:43:29.000Z","volume":2000,"label":" ","price":6.84},{"type":"A","date":"2018-05-04T01:43:47.000Z","volume":2000,"label":" ","price":6.84},{"type":"A","date":"2018-05-04T01:43:47.000Z","volume":4000,"label":" ","price":6.84},{"type":"A","date":"2018-05-04T01:44:23.000Z","volume":2000,"label":" ","price":6.84},{"type":"B","date":"2018-05-04T01:44:33.000Z","volume":6000,"label":" ","price":6.83},{"type":"A","date":"2018-05-04T01:44:38.000Z","volume":2000,"label":" ","price":6.84},{"type":"A","date":"2018-05-04T01:44:41.000Z","volume":2000,"label":" ","price":6.84},{"type":"A","date":"2018-05-04T01:44:45.000Z","volume":2000,"label":" ","price":6.84},{"type":"A","date":"2018-05-04T01:45:00.000Z","volume":2000,"label":" ","price":6.84},{"type":"A","date":"2018-05-04T01:45:32.000Z","volume":2000,"label":" ","price":6.84},{"type":"B","date":"2018-05-04T01:46:19.000Z","volume":8000,"label":" ","price":6.83},{"type":"B","date":"2018-05-04T01:46:28.000Z","volume":4000,"label":" ","price":6.83},{"type":"A","date":"2018-05-04T01:46:28.000Z","volume":20000,"label":" ","price":6.84},{"type":"B","date":"2018-05-04T01:46:30.000Z","volume":18000,"label":" ","price":6.83},{"type":"B","date":"2018-05-04T01:46:30.000Z","volume":4000,"label":" ","price":6.83},{"type":"B","date":"2018-05-04T01:46:30.000Z","volume":42000,"label":" ","price":6.83},{"type":"B","date":"2018-05-04T01:46:30.000Z","volume":14000,"label":" ","price":6.83},{"type":"B","date":"2018-05-04T01:46:34.000Z","volume":2000,"label":" ","price":6.83},{"type":"A","date":"2018-05-04T01:46:38.000Z","volume":2000,"label":" ","price":6.84},{"type":"B","date":"2018-05-04T01:46:42.000Z","volume":20000,"label":" ","price":6.83},{"type":"B","date":"2018-05-04T01:46:42.000Z","volume":2000,"label":" ","price":6.83},{"type":"B","date":"2018-05-04T01:47:36.000Z","volume":30000,"label":" ","price":6.83},{"type":"B","date":"2018-05-04T01:47:36.000Z","volume":2000,"label":" ","price":6.83},{"type":"B","date":"2018-05-04T01:47:53.000Z","volume":2000,"label":" ","price":6.82},{"type":"B","date":"2018-05-04T01:48:49.000Z","volume":2000,"label":" ","price":6.82},{"type":"B","date":"2018-05-04T01:48:50.000Z","volume":2000,"label":" ","price":6.82},{"type":"A","date":"2018-05-04T01:48:53.000Z","volume":2000,"label":" ","price":6.83},{"type":"B","date":"2018-05-04T01:48:59.000Z","volume":4000,"label":" ","price":6.82},{"type":"B","date":"2018-05-04T01:49:12.000Z","volume":22000,"label":" ","price":6.82},{"type":"B","date":"2018-05-04T01:49:36.000Z","volume":2000,"label":" ","price":6.82},{"type":"B","date":"2018-05-04T01:49:51.000Z","volume":24000,"label":" ","price":6.82},{"type":"A","date":"2018-05-04T01:51:11.000Z","volume":2000,"label":" ","price":6.82},{"type":"A","date":"2018-05-04T01:51:11.000Z","volume":2000,"label":" ","price":6.82},{"type":"A","date":"2018-05-04T01:51:11.000Z","volume":2000,"label":" ","price":6.82},{"type":"A","date":"2018-05-04T01:51:11.000Z","volume":2000,"label":" ","price":6.82},{"type":"A","date":"2018-05-04T01:51:11.000Z","volume":2000,"label":" ","price":6.82},{"type":"A","date":"2018-05-04T01:51:23.000Z","volume":2000,"label":" ","price":6.82},{"type":"A","date":"2018-05-04T01:51:41.000Z","volume":6000,"label":" ","price":6.82},{"type":"A","date":"2018-05-04T01:51:41.000Z","volume":10000,"label":" ","price":6.82},{"type":"B","date":"2018-05-04T01:51:47.000Z","volume":10000,"label":" ","price":6.81},{"type":"B","date":"2018-05-04T01:51:47.000Z","volume":12000,"label":" ","price":6.81},{"type":"B","date":"2018-05-04T01:51:47.000Z","volume":4000,"label":" ","price":6.81},{"type":"U","date":"2018-05-04T01:52:11.000Z","volume":2000,"label":" ","price":6.81},{"type":"B","date":"2018-05-04T01:53:15.000Z","volume":6000,"label":" ","price":6.8},{"type":"B","date":"2018-05-04T01:53:15.000Z","volume":20000,"label":" ","price":6.8},{"type":"A","date":"2018-05-04T01:54:02.000Z","volume":6000,"label":" ","price":6.8},{"type":"A","date":"2018-05-04T01:54:02.000Z","volume":2000,"label":" ","price":6.8},{"type":"A","date":"2018-05-04T01:54:02.000Z","volume":2000,"label":" ","price":6.8},{"type":"A","date":"2018-05-04T01:54:02.000Z","volume":2000,"label":" ","price":6.8},{"type":"A","date":"2018-05-04T01:54:21.000Z","volume":6000,"label":" ","price":6.8},{"type":"A","date":"2018-05-04T01:54:43.000Z","volume":4000,"label":" ","price":6.8},{"type":"A","date":"2018-05-04T01:54:43.000Z","volume":2000,"label":" ","price":6.8},{"type":"A","date":"2018-05-04T01:54:43.000Z","volume":2000,"label":" ","price":6.8},{"type":"A","date":"2018-05-04T01:54:43.000Z","volume":2000,"label":" ","price":6.8},{"type":"B","date":"2018-05-04T01:54:50.000Z","volume":6000,"label":" ","price":6.79},{"type":"B","date":"2018-05-04T01:54:50.000Z","volume":4000,"label":" ","price":6.79},{"type":"B","date":"2018-05-04T01:54:50.000Z","volume":12000,"label":" ","price":6.79},{"type":"B","date":"2018-05-04T01:54:50.000Z","volume":2000,"label":" ","price":6.79},{"type":"B","date":"2018-05-04T01:55:01.000Z","volume":6000,"label":" ","price":6.79},{"type":"B","date":"2018-05-04T01:55:09.000Z","volume":10000,"label":" ","price":6.79},{"type":"B","date":"2018-05-04T01:55:32.000Z","volume":4000,"label":" ","price":6.79},{"type":"B","date":"2018-05-04T01:55:50.000Z","volume":2000,"label":" ","price":6.79},{"type":"B","date":"2018-05-04T01:55:50.000Z","volume":6000,"label":" ","price":6.79},{"type":"U","date":"2018-05-04T01:56:13.000Z","volume":2000,"label":"X","price":6.79},{"type":"B","date":"2018-05-04T01:56:35.000Z","volume":2000,"label":" ","price":6.79},{"type":"A","date":"2018-05-04T01:56:58.000Z","volume":4000,"label":" ","price":6.8},{"type":"B","date":"2018-05-04T01:56:58.000Z","volume":6000,"label":" ","price":6.79},{"type":"B","date":"2018-05-04T01:57:29.000Z","volume":4000,"label":" ","price":6.79},{"type":"B","date":"2018-05-04T01:58:44.000Z","volume":8000,"label":" ","price":6.79},{"type":"A","date":"2018-05-04T02:00:01.000Z","volume":10000,"label":" ","price":6.8},{"type":"B","date":"2018-05-04T02:00:02.000Z","volume":2000,"label":" ","price":6.79},{"type":"B","date":"2018-05-04T02:00:20.000Z","volume":4000,"label":" ","price":6.79},{"type":"A","date":"2018-05-04T02:00:32.000Z","volume":2000,"label":" ","price":6.8},{"type":"B","date":"2018-05-04T02:00:50.000Z","volume":2000,"label":" ","price":6.79},{"type":"A","date":"2018-05-04T02:01:52.000Z","volume":2000,"label":" ","price":6.8},{"type":"U","date":"2018-05-04T02:02:01.000Z","volume":2000,"label":"X","price":6.79},{"type":"A","date":"2018-05-04T02:02:16.000Z","volume":4000,"label":" ","price":6.8},{"type":"A","date":"2018-05-04T02:02:16.000Z","volume":6000,"label":" ","price":6.8},{"type":"A","date":"2018-05-04T02:02:16.000Z","volume":2000,"label":" ","price":6.8},{"type":"B","date":"2018-05-04T02:03:02.000Z","volume":24000,"label":" ","price":6.79},{"type":"B","date":"2018-05-04T02:03:02.000Z","volume":4000,"label":" ","price":6.79},{"type":"A","date":"2018-05-04T02:03:02.000Z","volume":2000,"label":" ","price":6.79},{"type":"A","date":"2018-05-04T02:03:02.000Z","volume":2000,"label":" ","price":6.79},{"type":"A","date":"2018-05-04T02:03:02.000Z","volume":4000,"label":" ","price":6.79},{"type":"B","date":"2018-05-04T02:03:29.000Z","volume":6000,"label":" ","price":6.78},{"type":"A","date":"2018-05-04T02:03:51.000Z","volume":2000,"label":" ","price":6.79},{"type":"B","date":"2018-05-04T02:05:02.000Z","volume":20000,"label":" ","price":6.78},{"type":"A","date":"2018-05-04T02:05:03.000Z","volume":2000,"label":" ","price":6.79},{"type":"B","date":"2018-05-04T02:05:04.000Z","volume":2000,"label":" ","price":6.78},{"type":"A","date":"2018-05-04T02:05:12.000Z","volume":16000,"label":" ","price":6.79},{"type":"A","date":"2018-05-04T02:05:45.000Z","volume":2000,"label":" ","price":6.79},{"type":"A","date":"2018-05-04T02:05:47.000Z","volume":6000,"label":" ","price":6.79},{"type":"A","date":"2018-05-04T02:05:58.000Z","volume":6000,"label":" ","price":6.79},{"type":"A","date":"2018-05-04T02:05:58.000Z","volume":2000,"label":" ","price":6.79},{"type":"A","date":"2018-05-04T02:05:58.000Z","volume":2000,"label":" ","price":6.79},{"type":"B","date":"2018-05-04T02:06:18.000Z","volume":4000,"label":" ","price":6.78},{"type":"B","date":"2018-05-04T02:06:32.000Z","volume":2000,"label":" ","price":6.78},{"type":"B","date":"2018-05-04T02:06:37.000Z","volume":6000,"label":" ","price":6.78},{"type":"A","date":"2018-05-04T02:06:37.000Z","volume":4000,"label":" ","price":6.79},{"type":"A","date":"2018-05-04T02:07:38.000Z","volume":2000,"label":" ","price":6.79},{"type":"A","date":"2018-05-04T02:07:53.000Z","volume":2000,"label":" ","price":6.79},{"type":"B","date":"2018-05-04T02:07:53.000Z","volume":20000,"label":" ","price":6.78},{"type":"B","date":"2018-05-04T02:08:32.000Z","volume":38000,"label":" ","price":6.78},{"type":"B","date":"2018-05-04T02:08:33.000Z","volume":8000,"label":" ","price":6.78},{"type":"A","date":"2018-05-04T02:08:33.000Z","volume":2000,"label":" ","price":6.78},{"type":"B","date":"2018-05-04T02:08:48.000Z","volume":4000,"label":" ","price":6.77},{"type":"B","date":"2018-05-04T02:08:48.000Z","volume":8000,"label":" ","price":6.77},{"type":"B","date":"2018-05-04T02:09:00.000Z","volume":4000,"label":" ","price":6.77},{"type":"A","date":"2018-05-04T02:10:01.000Z","volume":6000,"label":" ","price":6.78},{"type":"A","date":"2018-05-04T02:10:01.000Z","volume":2000,"label":" ","price":6.78},{"type":"A","date":"2018-05-04T02:10:01.000Z","volume":2000,"label":" ","price":6.78},{"type":"B","date":"2018-05-04T02:10:02.000Z","volume":10000,"label":" ","price":6.77},{"type":"A","date":"2018-05-04T02:10:02.000Z","volume":2000,"label":" ","price":6.77},{"type":"B","date":"2018-05-04T02:11:30.000Z","volume":8000,"label":" ","price":6.76},{"type":"B","date":"2018-05-04T02:11:51.000Z","volume":6000,"label":" ","price":6.76},{"type":"B","date":"2018-05-04T02:12:14.000Z","volume":10000,"label":" ","price":6.76},{"type":"B","date":"2018-05-04T02:12:17.000Z","volume":10000,"label":" ","price":6.76},{"type":"B","date":"2018-05-04T02:14:02.000Z","volume":2000,"label":" ","price":6.76},{"type":"A","date":"2018-05-04T02:14:04.000Z","volume":6000,"label":" ","price":6.77},{"type":"A","date":"2018-05-04T02:14:33.000Z","volume":2000,"label":" ","price":6.77},{"type":"A","date":"2018-05-04T02:14:33.000Z","volume":6000,"label":" ","price":6.77},{"type":"A","date":"2018-05-04T02:14:33.000Z","volume":2000,"label":" ","price":6.77},{"type":"A","date":"2018-05-04T02:14:33.000Z","volume":2000,"label":" ","price":6.77},{"type":"B","date":"2018-05-04T02:14:47.000Z","volume":4000,"label":" ","price":6.76},{"type":"A","date":"2018-05-04T02:14:49.000Z","volume":6000,"label":" ","price":6.77},{"type":"B","date":"2018-05-04T02:15:20.000Z","volume":4000,"label":" ","price":6.76},{"type":"B","date":"2018-05-04T02:16:11.000Z","volume":12000,"label":" ","price":6.76},{"type":"B","date":"2018-05-04T02:16:11.000Z","volume":4000,"label":" ","price":6.76},{"type":"B","date":"2018-05-04T02:16:11.000Z","volume":2000,"label":" ","price":6.76},{"type":"B","date":"2018-05-04T02:16:29.000Z","volume":12000,"label":" ","price":6.75},{"type":"A","date":"2018-05-04T02:16:50.000Z","volume":8000,"label":" ","price":6.76},{"type":"A","date":"2018-05-04T02:16:50.000Z","volume":4000,"label":" ","price":6.76},{"type":"A","date":"2018-05-04T02:16:56.000Z","volume":56000,"label":" ","price":6.76},{"type":"A","date":"2018-05-04T02:16:56.000Z","volume":2000,"label":" ","price":6.76},{"type":"A","date":"2018-05-04T02:17:00.000Z","volume":2000,"label":" ","price":6.77},{"type":"U","date":"2018-05-04T02:17:49.000Z","volume":2000,"label":" ","price":6.76},{"type":"U","date":"2018-05-04T02:17:49.000Z","volume":2000,"label":" ","price":6.76},{"type":"B","date":"2018-05-04T02:18:00.000Z","volume":6000,"label":" ","price":6.76},{"type":"B","date":"2018-05-04T02:18:36.000Z","volume":4000,"label":" ","price":6.76},{"type":"A","date":"2018-05-04T02:18:53.000Z","volume":2000,"label":" ","price":6.77},{"type":"A","date":"2018-05-04T02:19:15.000Z","volume":2000,"label":" ","price":6.77},{"type":"A","date":"2018-05-04T02:19:18.000Z","volume":4000,"label":" ","price":6.77},{"type":"A","date":"2018-05-04T02:19:20.000Z","volume":6000,"label":" ","price":6.77},{"type":"A","date":"2018-05-04T02:19:23.000Z","volume":2000,"label":" ","price":6.77},{"type":"A","date":"2018-05-04T02:19:24.000Z","volume":6000,"label":" ","price":6.77},{"type":"A","date":"2018-05-04T02:19:24.000Z","volume":2000,"label":" ","price":6.77},{"type":"A","date":"2018-05-04T02:19:25.000Z","volume":2000,"label":" ","price":6.77},{"type":"A","date":"2018-05-04T02:19:25.000Z","volume":8000,"label":" ","price":6.77},{"type":"A","date":"2018-05-04T02:19:25.000Z","volume":4000,"label":" ","price":6.77},{"type":"A","date":"2018-05-04T02:19:30.000Z","volume":2000,"label":" ","price":6.77},{"type":"A","date":"2018-05-04T02:19:53.000Z","volume":2000,"label":" ","price":6.77},{"type":"B","date":"2018-05-04T02:20:25.000Z","volume":4000,"label":" ","price":6.76},{"type":"B","date":"2018-05-04T02:20:44.000Z","volume":4000,"label":" ","price":6.76},{"type":"B","date":"2018-05-04T02:20:59.000Z","volume":10000,"label":" ","price":6.76},{"type":"B","date":"2018-05-04T02:21:08.000Z","volume":2000,"label":" ","price":6.76},{"type":"U","date":"2018-05-04T02:21:08.000Z","volume":2000,"label":"X","price":6.76},{"type":"B","date":"2018-05-04T02:22:42.000Z","volume":6000,"label":" ","price":6.76},{"type":"B","date":"2018-05-04T02:22:42.000Z","volume":14000,"label":" ","price":6.76},{"type":"B","date":"2018-05-04T02:22:42.000Z","volume":8000,"label":" ","price":6.76},{"type":"U","date":"2018-05-04T02:22:42.000Z","volume":2000,"label":" ","price":6.76},{"type":"A","date":"2018-05-04T02:22:42.000Z","volume":10000,"label":" ","price":6.77},{"type":"B","date":"2018-05-04T02:23:04.000Z","volume":6000,"label":" ","price":6.75},{"type":"B","date":"2018-05-04T02:23:19.000Z","volume":2000,"label":" ","price":6.75},{"type":"B","date":"2018-05-04T02:23:38.000Z","volume":6000,"label":" ","price":6.75},{"type":"U","date":"2018-05-04T02:24:03.000Z","volume":2000,"label":" ","price":6.76},{"type":"U","date":"2018-05-04T02:24:54.000Z","volume":4000,"label":" ","price":6.76},{"type":"A","date":"2018-05-04T02:25:08.000Z","volume":4000,"label":" ","price":6.77},{"type":"A","date":"2018-05-04T02:25:36.000Z","volume":6000,"label":" ","price":6.77},{"type":"A","date":"2018-05-04T02:25:36.000Z","volume":2000,"label":" ","price":6.77},{"type":"A","date":"2018-05-04T02:25:36.000Z","volume":2000,"label":" ","price":6.77},{"type":"B","date":"2018-05-04T02:26:04.000Z","volume":2000,"label":" ","price":6.76},{"type":"B","date":"2018-05-04T02:26:46.000Z","volume":6000,"label":" ","price":6.76},{"type":"A","date":"2018-05-04T02:27:12.000Z","volume":6000,"label":" ","price":6.77},{"type":"B","date":"2018-05-04T02:27:34.000Z","volume":4000,"label":" ","price":6.76},{"type":"A","date":"2018-05-04T02:28:21.000Z","volume":10000,"label":" ","price":6.77},{"type":"A","date":"2018-05-04T02:29:17.000Z","volume":8000,"label":" ","price":6.77},{"type":"A","date":"2018-05-04T02:29:17.000Z","volume":2000,"label":" ","price":6.77},{"type":"A","date":"2018-05-04T02:29:17.000Z","volume":4000,"label":" ","price":6.77},{"type":"A","date":"2018-05-04T02:29:17.000Z","volume":2000,"label":" ","price":6.77},{"type":"B","date":"2018-05-04T02:29:30.000Z","volume":6000,"label":" ","price":6.76},{"type":"B","date":"2018-05-04T02:29:47.000Z","volume":6000,"label":" ","price":6.76},{"type":"A","date":"2018-05-04T02:29:53.000Z","volume":2000,"label":" ","price":6.77},{"type":"A","date":"2018-05-04T02:30:01.000Z","volume":2000,"label":" ","price":6.77},{"type":"A","date":"2018-05-04T02:30:48.000Z","volume":6000,"label":" ","price":6.77},{"type":"B","date":"2018-05-04T02:32:15.000Z","volume":4000,"label":" ","price":6.76},{"type":"A","date":"2018-05-04T02:33:51.000Z","volume":12000,"label":" ","price":6.77},{"type":"A","date":"2018-05-04T02:33:51.000Z","volume":4000,"label":" ","price":6.77},{"type":"B","date":"2018-05-04T02:34:06.000Z","volume":2000,"label":" ","price":6.76},{"type":"A","date":"2018-05-04T02:34:13.000Z","volume":6000,"label":" ","price":6.77},{"type":"B","date":"2018-05-04T02:34:26.000Z","volume":4000,"label":" ","price":6.76},{"type":"B","date":"2018-05-04T02:35:04.000Z","volume":2000,"label":" ","price":6.76},{"type":"B","date":"2018-05-04T02:35:16.000Z","volume":6000,"label":"Y","price":6.76},{"type":"B","date":"2018-05-04T02:35:16.000Z","volume":40000,"label":" ","price":6.76},{"type":"B","date":"2018-05-04T02:35:16.000Z","volume":4000,"label":" ","price":6.76},{"type":"B","date":"2018-05-04T02:35:16.000Z","volume":4000,"label":" ","price":6.76},{"type":"B","date":"2018-05-04T02:35:19.000Z","volume":2000,"label":" ","price":6.76},{"type":"A","date":"2018-05-04T02:36:19.000Z","volume":4000,"label":" ","price":6.77},{"type":"U","date":"2018-05-04T02:36:27.000Z","volume":4000,"label":" ","price":6.76},{"type":"B","date":"2018-05-04T02:36:44.000Z","volume":4000,"label":" ","price":6.75},{"type":"B","date":"2018-05-04T02:37:04.000Z","volume":4000,"label":" ","price":6.75},{"type":"A","date":"2018-05-04T02:37:08.000Z","volume":2000,"label":" ","price":6.76},{"type":"A","date":"2018-05-04T02:37:38.000Z","volume":2000,"label":" ","price":6.76},{"type":"A","date":"2018-05-04T02:37:46.000Z","volume":2000,"label":" ","price":6.76},{"type":"B","date":"2018-05-04T02:38:56.000Z","volume":4000,"label":" ","price":6.75},{"type":"A","date":"2018-05-04T02:38:56.000Z","volume":12000,"label":" ","price":6.76},{"type":"A","date":"2018-05-04T02:39:11.000Z","volume":6000,"label":" ","price":6.76},{"type":"A","date":"2018-05-04T02:39:11.000Z","volume":2000,"label":" ","price":6.76},{"type":"A","date":"2018-05-04T02:39:11.000Z","volume":2000,"label":" ","price":6.76},{"type":"A","date":"2018-05-04T02:40:48.000Z","volume":2000,"label":" ","price":6.76},{"type":"B","date":"2018-05-04T02:41:04.000Z","volume":6000,"label":" ","price":6.75},{"type":"A","date":"2018-05-04T02:41:27.000Z","volume":2000,"label":" ","price":6.76},{"type":"A","date":"2018-05-04T02:41:27.000Z","volume":4000,"label":" ","price":6.76},{"type":"A","date":"2018-05-04T02:41:50.000Z","volume":12000,"label":" ","price":6.76},{"type":"A","date":"2018-05-04T02:42:45.000Z","volume":2000,"label":" ","price":6.76},{"type":"B","date":"2018-05-04T02:43:11.000Z","volume":10000,"label":" ","price":6.75},{"type":"A","date":"2018-05-04T02:43:43.000Z","volume":8000,"label":" ","price":6.76},{"type":"A","date":"2018-05-04T02:43:43.000Z","volume":2000,"label":" ","price":6.76},{"type":"A","date":"2018-05-04T02:43:43.000Z","volume":2000,"label":" ","price":6.76},{"type":"B","date":"2018-05-04T02:43:45.000Z","volume":4000,"label":" ","price":6.75},{"type":"A","date":"2018-05-04T02:44:39.000Z","volume":2000,"label":" ","price":6.76},{"type":"A","date":"2018-05-04T02:44:39.000Z","volume":6000,"label":" ","price":6.76},{"type":"B","date":"2018-05-04T02:46:06.000Z","volume":4000,"label":" ","price":6.75},{"type":"A","date":"2018-05-04T02:46:16.000Z","volume":2000,"label":" ","price":6.76},{"type":"A","date":"2018-05-04T02:46:18.000Z","volume":20000,"label":" ","price":6.76},{"type":"A","date":"2018-05-04T02:46:24.000Z","volume":2000,"label":" ","price":6.77},{"type":"A","date":"2018-05-04T02:46:31.000Z","volume":2000,"label":" ","price":6.77},{"type":"B","date":"2018-05-04T02:46:35.000Z","volume":2000,"label":" ","price":6.76},{"type":"A","date":"2018-05-04T02:46:39.000Z","volume":2000,"label":" ","price":6.77},{"type":"A","date":"2018-05-04T02:46:46.000Z","volume":2000,"label":" ","price":6.77},{"type":"U","date":"2018-05-04T02:46:48.000Z","volume":464000,"label":"X","price":6.765},{"type":"A","date":"2018-05-04T02:46:58.000Z","volume":6000,"label":" ","price":6.77},{"type":"A","date":"2018-05-04T02:47:01.000Z","volume":2000,"label":" ","price":6.77},{"type":"A","date":"2018-05-04T02:47:18.000Z","volume":12000,"label":" ","price":6.77},{"type":"B","date":"2018-05-04T02:47:51.000Z","volume":2000,"label":" ","price":6.76},{"type":"A","date":"2018-05-04T02:48:05.000Z","volume":6000,"label":" ","price":6.77},{"type":"A","date":"2018-05-04T02:48:05.000Z","volume":2000,"label":" ","price":6.77},{"type":"A","date":"2018-05-04T02:48:05.000Z","volume":2000,"label":" ","price":6.77},{"type":"B","date":"2018-05-04T02:48:18.000Z","volume":6000,"label":" ","price":6.76},{"type":"A","date":"2018-05-04T02:48:18.000Z","volume":6000,"label":" ","price":6.77},{"type":"B","date":"2018-05-04T02:48:47.000Z","volume":26000,"label":" ","price":6.77},{"type":"B","date":"2018-05-04T02:48:47.000Z","volume":54000,"label":" ","price":6.76},{"type":"A","date":"2018-05-04T02:48:47.000Z","volume":4000,"label":" ","price":6.76},{"type":"A","date":"2018-05-04T02:48:50.000Z","volume":18000,"label":" ","price":6.76},{"type":"A","date":"2018-05-04T02:49:00.000Z","volume":22000,"label":" ","price":6.77},{"type":"B","date":"2018-05-04T02:49:02.000Z","volume":2000,"label":" ","price":6.75},{"type":"A","date":"2018-05-04T02:49:39.000Z","volume":2000,"label":" ","price":6.77},{"type":"A","date":"2018-05-04T02:49:46.000Z","volume":2000,"label":" ","price":6.77},{"type":"A","date":"2018-05-04T02:49:54.000Z","volume":4000,"label":" ","price":6.77},{"type":"A","date":"2018-05-04T02:50:01.000Z","volume":2000,"label":" ","price":6.77},{"type":"U","date":"2018-05-04T02:50:08.000Z","volume":4000,"label":" ","price":6.76},{"type":"A","date":"2018-05-04T02:51:54.000Z","volume":2000,"label":" ","price":6.77},{"type":"A","date":"2018-05-04T02:52:42.000Z","volume":12000,"label":" ","price":6.76},{"type":"A","date":"2018-05-04T02:52:44.000Z","volume":2000,"label":"Y","price":6.76},{"type":"B","date":"2018-05-04T02:52:49.000Z","volume":2000,"label":" ","price":6.75},{"type":"U","date":"2018-05-04T02:53:05.000Z","volume":158000,"label":"X","price":6.755},{"type":"B","date":"2018-05-04T02:53:35.000Z","volume":20000,"label":" ","price":6.75},{"type":"B","date":"2018-05-04T02:53:35.000Z","volume":12000,"label":" ","price":6.75},{"type":"A","date":"2018-05-04T02:53:35.000Z","volume":2000,"label":" ","price":6.75},{"type":"A","date":"2018-05-04T02:53:35.000Z","volume":2000,"label":" ","price":6.75},{"type":"A","date":"2018-05-04T02:53:40.000Z","volume":2000,"label":" ","price":6.75},{"type":"B","date":"2018-05-04T02:55:12.000Z","volume":4000,"label":" ","price":6.74},{"type":"A","date":"2018-05-04T02:55:15.000Z","volume":10000,"label":" ","price":6.75},{"type":"A","date":"2018-05-04T02:55:28.000Z","volume":6000,"label":" ","price":6.75},{"type":"A","date":"2018-05-04T02:55:46.000Z","volume":2000,"label":" ","price":6.75},{"type":"A","date":"2018-05-04T02:55:54.000Z","volume":2000,"label":" ","price":6.75},{"type":"A","date":"2018-05-04T02:56:38.000Z","volume":6000,"label":" ","price":6.75},{"type":"A","date":"2018-05-04T02:56:38.000Z","volume":2000,"label":" ","price":6.75},{"type":"A","date":"2018-05-04T02:56:38.000Z","volume":2000,"label":" ","price":6.75},{"type":"B","date":"2018-05-04T02:57:23.000Z","volume":6000,"label":" ","price":6.74},{"type":"A","date":"2018-05-04T02:57:42.000Z","volume":2000,"label":" ","price":6.75},{"type":"A","date":"2018-05-04T02:57:42.000Z","volume":4000,"label":" ","price":6.75},{"type":"A","date":"2018-05-04T02:57:54.000Z","volume":2000,"label":" ","price":6.75},{"type":"B","date":"2018-05-04T02:59:05.000Z","volume":2000,"label":" ","price":6.74},{"type":"A","date":"2018-05-04T02:59:05.000Z","volume":10000,"label":" ","price":6.75},{"type":"A","date":"2018-05-04T02:59:05.000Z","volume":6000,"label":" ","price":6.75},{"type":"A","date":"2018-05-04T02:59:08.000Z","volume":2000,"label":" ","price":6.75},{"type":"B","date":"2018-05-04T02:59:28.000Z","volume":6000,"label":" ","price":6.74},{"type":"B","date":"2018-05-04T02:59:56.000Z","volume":20000,"label":" ","price":6.74},{"type":"B","date":"2018-05-04T03:00:04.000Z","volume":2000,"label":" ","price":6.74},{"type":"A","date":"2018-05-04T03:00:13.000Z","volume":6000,"label":" ","price":6.75},{"type":"A","date":"2018-05-04T03:00:54.000Z","volume":2000,"label":" ","price":6.75},{"type":"A","date":"2018-05-04T03:00:54.000Z","volume":8000,"label":" ","price":6.75},{"type":"A","date":"2018-05-04T03:01:17.000Z","volume":2000,"label":" ","price":6.75},{"type":"A","date":"2018-05-04T03:01:24.000Z","volume":2000,"label":" ","price":6.75},{"type":"A","date":"2018-05-04T03:01:30.000Z","volume":8000,"label":" ","price":6.75},{"type":"A","date":"2018-05-04T03:01:30.000Z","volume":2000,"label":" ","price":6.75},{"type":"A","date":"2018-05-04T03:01:30.000Z","volume":2000,"label":" ","price":6.75},{"type":"A","date":"2018-05-04T03:01:54.000Z","volume":2000,"label":" ","price":6.75},{"type":"A","date":"2018-05-04T03:02:53.000Z","volume":6000,"label":" ","price":6.75},{"type":"B","date":"2018-05-04T03:03:03.000Z","volume":2000,"label":" ","price":6.74},{"type":"B","date":"2018-05-04T03:03:54.000Z","volume":10000,"label":" ","price":6.74},{"type":"A","date":"2018-05-04T03:03:54.000Z","volume":6000,"label":" ","price":6.75},{"type":"A","date":"2018-05-04T03:04:06.000Z","volume":42000,"label":" ","price":6.75},{"type":"A","date":"2018-05-04T03:04:06.000Z","volume":2000,"label":" ","price":6.76},{"type":"A","date":"2018-05-04T03:04:08.000Z","volume":4000,"label":" ","price":6.76},{"type":"A","date":"2018-05-04T03:06:10.000Z","volume":6000,"label":" ","price":6.78},{"type":"A","date":"2018-05-04T03:06:10.000Z","volume":2000,"label":" ","price":6.78},{"type":"A","date":"2018-05-04T03:06:10.000Z","volume":2000,"label":" ","price":6.78},{"type":"A","date":"2018-05-04T03:06:24.000Z","volume":2000,"label":" ","price":6.78},{"type":"A","date":"2018-05-04T03:06:32.000Z","volume":2000,"label":" ","price":6.78},{"type":"A","date":"2018-05-04T03:06:32.000Z","volume":12000,"label":" ","price":6.78},{"type":"A","date":"2018-05-04T03:06:43.000Z","volume":6000,"label":" ","price":6.78},{"type":"A","date":"2018-05-04T03:06:47.000Z","volume":2000,"label":" ","price":6.78},{"type":"B","date":"2018-05-04T03:07:04.000Z","volume":2000,"label":" ","price":6.76},{"type":"B","date":"2018-05-04T03:08:28.000Z","volume":2000,"label":" ","price":6.76},{"type":"U","date":"2018-05-04T03:09:12.000Z","volume":2000,"label":" ","price":6.77},{"type":"A","date":"2018-05-04T03:09:12.000Z","volume":8000,"label":" ","price":6.78},{"type":"B","date":"2018-05-04T03:09:19.000Z","volume":2000,"label":" ","price":6.77},{"type":"B","date":"2018-05-04T03:09:20.000Z","volume":8000,"label":" ","price":6.77},{"type":"A","date":"2018-05-04T03:09:41.000Z","volume":6000,"label":" ","price":6.78},{"type":"A","date":"2018-05-04T03:09:41.000Z","volume":2000,"label":" ","price":6.78},{"type":"A","date":"2018-05-04T03:09:41.000Z","volume":2000,"label":" ","price":6.78},{"type":"A","date":"2018-05-04T03:09:53.000Z","volume":2000,"label":" ","price":6.78},{"type":"A","date":"2018-05-04T03:09:56.000Z","volume":4000,"label":" ","price":6.78},{"type":"A","date":"2018-05-04T03:10:06.000Z","volume":4000,"label":" ","price":6.78},{"type":"A","date":"2018-05-04T03:10:10.000Z","volume":4000,"label":" ","price":6.78},{"type":"A","date":"2018-05-04T03:10:28.000Z","volume":6000,"label":" ","price":6.78},{"type":"A","date":"2018-05-04T03:10:35.000Z","volume":6000,"label":" ","price":6.78},{"type":"A","date":"2018-05-04T03:10:35.000Z","volume":4000,"label":" ","price":6.78},{"type":"A","date":"2018-05-04T03:10:35.000Z","volume":8000,"label":" ","price":6.78},{"type":"A","date":"2018-05-04T03:10:38.000Z","volume":4000,"label":" ","price":6.78},{"type":"A","date":"2018-05-04T03:11:06.000Z","volume":4000,"label":" ","price":6.78},{"type":"A","date":"2018-05-04T03:11:54.000Z","volume":2000,"label":" ","price":6.78},{"type":"A","date":"2018-05-04T03:11:55.000Z","volume":2000,"label":" ","price":6.78},{"type":"A","date":"2018-05-04T03:12:32.000Z","volume":8000,"label":" ","price":6.78},{"type":"A","date":"2018-05-04T03:12:38.000Z","volume":6000,"label":" ","price":6.78},{"type":"A","date":"2018-05-04T03:13:13.000Z","volume":8000,"label":" ","price":6.78},{"type":"A","date":"2018-05-04T03:13:13.000Z","volume":2000,"label":" ","price":6.78},{"type":"A","date":"2018-05-04T03:13:13.000Z","volume":2000,"label":" ","price":6.78},{"type":"B","date":"2018-05-04T03:13:24.000Z","volume":4000,"label":" ","price":6.77},{"type":"B","date":"2018-05-04T03:13:33.000Z","volume":2000,"label":" ","price":6.77},{"type":"A","date":"2018-05-04T03:14:15.000Z","volume":6000,"label":" ","price":6.78},{"type":"A","date":"2018-05-04T03:14:17.000Z","volume":2000,"label":" ","price":6.78},{"type":"A","date":"2018-05-04T03:14:21.000Z","volume":6000,"label":" ","price":6.78},{"type":"A","date":"2018-05-04T03:14:55.000Z","volume":2000,"label":" ","price":6.78},{"type":"A","date":"2018-05-04T03:14:55.000Z","volume":8000,"label":" ","price":6.78},{"type":"A","date":"2018-05-04T03:15:02.000Z","volume":2000,"label":" ","price":6.78},{"type":"A","date":"2018-05-04T03:15:21.000Z","volume":80000,"label":" ","price":6.78},{"type":"A","date":"2018-05-04T03:15:25.000Z","volume":8000,"label":" ","price":6.78},{"type":"A","date":"2018-05-04T03:15:25.000Z","volume":12000,"label":" ","price":6.78},{"type":"A","date":"2018-05-04T03:15:25.000Z","volume":80000,"label":" ","price":6.78},{"type":"A","date":"2018-05-04T03:15:25.000Z","volume":30000,"label":" ","price":6.78},{"type":"A","date":"2018-05-04T03:15:25.000Z","volume":8000,"label":" ","price":6.79},{"type":"A","date":"2018-05-04T03:15:32.000Z","volume":14000,"label":" ","price":6.79},{"type":"A","date":"2018-05-04T03:15:41.000Z","volume":66000,"label":" ","price":6.79},{"type":"A","date":"2018-05-04T03:15:47.000Z","volume":6000,"label":" ","price":6.8},{"type":"A","date":"2018-05-04T03:15:47.000Z","volume":8000,"label":" ","price":6.8},{"type":"A","date":"2018-05-04T03:15:55.000Z","volume":2000,"label":" ","price":6.8},{"type":"A","date":"2018-05-04T03:17:23.000Z","volume":10000,"label":" ","price":6.8},{"type":"U","date":"2018-05-04T03:17:24.000Z","volume":2000,"label":" ","price":6.79},{"type":"A","date":"2018-05-04T03:17:24.000Z","volume":8000,"label":" ","price":6.8},{"type":"A","date":"2018-05-04T03:17:26.000Z","volume":8000,"label":" ","price":6.8},{"type":"A","date":"2018-05-04T03:17:26.000Z","volume":2000,"label":" ","price":6.8},{"type":"A","date":"2018-05-04T03:17:26.000Z","volume":2000,"label":" ","price":6.8},{"type":"B","date":"2018-05-04T03:18:36.000Z","volume":2000,"label":" ","price":6.79},{"type":"A","date":"2018-05-04T03:19:48.000Z","volume":2000,"label":" ","price":6.8},{"type":"A","date":"2018-05-04T03:19:48.000Z","volume":4000,"label":" ","price":6.8},{"type":"A","date":"2018-05-04T03:20:28.000Z","volume":8000,"label":" ","price":6.8},{"type":"B","date":"2018-05-04T03:20:36.000Z","volume":8000,"label":" ","price":6.79},{"type":"A","date":"2018-05-04T03:21:37.000Z","volume":6000,"label":" ","price":6.8},{"type":"A","date":"2018-05-04T03:21:37.000Z","volume":2000,"label":" ","price":6.8},{"type":"A","date":"2018-05-04T03:21:37.000Z","volume":2000,"label":" ","price":6.8},{"type":"B","date":"2018-05-04T03:21:54.000Z","volume":2000,"label":" ","price":6.79},{"type":"A","date":"2018-05-04T03:22:35.000Z","volume":14000,"label":" ","price":6.8},{"type":"A","date":"2018-05-04T03:22:40.000Z","volume":2000,"label":" ","price":6.8},{"type":"A","date":"2018-05-04T03:22:40.000Z","volume":4000,"label":" ","price":6.8},{"type":"A","date":"2018-05-04T03:22:47.000Z","volume":10000,"label":" ","price":6.8},{"type":"A","date":"2018-05-04T03:22:47.000Z","volume":4000,"label":" ","price":6.8},{"type":"A","date":"2018-05-04T03:22:47.000Z","volume":8000,"label":" ","price":6.8},{"type":"A","date":"2018-05-04T03:22:55.000Z","volume":4000,"label":" ","price":6.8},{"type":"A","date":"2018-05-04T03:22:55.000Z","volume":2000,"label":"Y","price":6.8},{"type":"A","date":"2018-05-04T03:22:55.000Z","volume":2000,"label":" ","price":6.8},{"type":"A","date":"2018-05-04T03:23:04.000Z","volume":4000,"label":" ","price":6.8},{"type":"A","date":"2018-05-04T03:23:59.000Z","volume":6000,"label":" ","price":6.81},{"type":"A","date":"2018-05-04T03:24:55.000Z","volume":2000,"label":" ","price":6.81},{"type":"A","date":"2018-05-04T03:24:58.000Z","volume":2000,"label":" ","price":6.81},{"type":"A","date":"2018-05-04T03:25:20.000Z","volume":8000,"label":" ","price":6.81},{"type":"A","date":"2018-05-04T03:25:27.000Z","volume":58000,"label":" ","price":6.81},{"type":"A","date":"2018-05-04T03:25:28.000Z","volume":6000,"label":" ","price":6.82},{"type":"A","date":"2018-05-04T03:25:28.000Z","volume":6000,"label":" ","price":6.82},{"type":"B","date":"2018-05-04T03:25:44.000Z","volume":10000,"label":" ","price":6.81},{"type":"A","date":"2018-05-04T03:26:16.000Z","volume":48000,"label":" ","price":6.82},{"type":"A","date":"2018-05-04T03:26:16.000Z","volume":34000,"label":" ","price":6.82},{"type":"A","date":"2018-05-04T03:26:18.000Z","volume":2000,"label":" ","price":6.83},{"type":"A","date":"2018-05-04T03:26:33.000Z","volume":2000,"label":" ","price":6.83},{"type":"A","date":"2018-05-04T03:26:40.000Z","volume":2000,"label":" ","price":6.83},{"type":"A","date":"2018-05-04T03:26:55.000Z","volume":2000,"label":" ","price":6.83},{"type":"A","date":"2018-05-04T03:27:11.000Z","volume":2000,"label":" ","price":6.83},{"type":"A","date":"2018-05-04T03:27:13.000Z","volume":2000,"label":" ","price":6.83},{"type":"A","date":"2018-05-04T03:27:33.000Z","volume":2000,"label":" ","price":6.83},{"type":"B","date":"2018-05-04T03:27:46.000Z","volume":6000,"label":" ","price":6.82},{"type":"A","date":"2018-05-04T03:27:48.000Z","volume":2000,"label":" ","price":6.83},{"type":"A","date":"2018-05-04T03:27:56.000Z","volume":2000,"label":" ","price":6.83},{"type":"A","date":"2018-05-04T03:28:04.000Z","volume":8000,"label":" ","price":6.83},{"type":"B","date":"2018-05-04T03:28:17.000Z","volume":4000,"label":" ","price":6.82},{"type":"A","date":"2018-05-04T03:28:22.000Z","volume":6000,"label":" ","price":6.83},{"type":"A","date":"2018-05-04T03:28:26.000Z","volume":2000,"label":" ","price":6.83},{"type":"A","date":"2018-05-04T03:28:42.000Z","volume":2000,"label":" ","price":6.83},{"type":"A","date":"2018-05-04T03:28:54.000Z","volume":2000,"label":" ","price":6.83},{"type":"B","date":"2018-05-04T03:28:56.000Z","volume":2000,"label":" ","price":6.82},{"type":"A","date":"2018-05-04T03:28:59.000Z","volume":2000,"label":" ","price":6.83},{"type":"A","date":"2018-05-04T03:29:04.000Z","volume":2000,"label":" ","price":6.83},{"type":"A","date":"2018-05-04T03:29:04.000Z","volume":8000,"label":" ","price":6.83},{"type":"A","date":"2018-05-04T03:29:09.000Z","volume":2000,"label":"Y","price":6.83},{"type":"A","date":"2018-05-04T03:29:09.000Z","volume":2000,"label":" ","price":6.83},{"type":"A","date":"2018-05-04T03:29:11.000Z","volume":2000,"label":" ","price":6.83},{"type":"A","date":"2018-05-04T03:29:11.000Z","volume":2000,"label":" ","price":6.83},{"type":"A","date":"2018-05-04T03:29:17.000Z","volume":2000,"label":" ","price":6.83},{"type":"A","date":"2018-05-04T03:29:20.000Z","volume":2000,"label":" ","price":6.83},{"type":"A","date":"2018-05-04T03:29:20.000Z","volume":2000,"label":" ","price":6.83},{"type":"A","date":"2018-05-04T03:30:00.000Z","volume":4000,"label":" ","price":6.84},{"type":"A","date":"2018-05-04T03:30:00.000Z","volume":6000,"label":" ","price":6.84},{"type":"A","date":"2018-05-04T03:30:00.000Z","volume":8000,"label":" ","price":6.84},{"type":"A","date":"2018-05-04T03:30:02.000Z","volume":2000,"label":" ","price":6.84},{"type":"A","date":"2018-05-04T03:30:02.000Z","volume":2000,"label":" ","price":6.84},{"type":"A","date":"2018-05-04T03:30:02.000Z","volume":4000,"label":" ","price":6.84},{"type":"A","date":"2018-05-04T03:30:03.000Z","volume":4000,"label":" ","price":6.84},{"type":"U","date":"2018-05-04T03:30:04.000Z","volume":2000,"label":" ","price":6.83},{"type":"A","date":"2018-05-04T03:30:07.000Z","volume":206000,"label":"Y","price":6.84},{"type":"A","date":"2018-05-04T03:30:07.000Z","volume":126000,"label":" ","price":6.84},{"type":"A","date":"2018-05-04T03:30:11.000Z","volume":32000,"label":" ","price":6.85},{"type":"A","date":"2018-05-04T03:30:18.000Z","volume":2000,"label":" ","price":6.85},{"type":"A","date":"2018-05-04T03:30:20.000Z","volume":2000,"label":" ","price":6.85},{"type":"A","date":"2018-05-04T03:30:29.000Z","volume":124000,"label":"Y","price":6.85},{"type":"A","date":"2018-05-04T03:30:29.000Z","volume":76000,"label":" ","price":6.85},{"type":"A","date":"2018-05-04T03:30:29.000Z","volume":6000,"label":" ","price":6.85},{"type":"A","date":"2018-05-04T03:30:33.000Z","volume":22000,"label":" ","price":6.86},{"type":"A","date":"2018-05-04T03:30:40.000Z","volume":2000,"label":" ","price":6.86},{"type":"A","date":"2018-05-04T03:30:41.000Z","volume":2000,"label":" ","price":6.86},{"type":"A","date":"2018-05-04T03:31:02.000Z","volume":2000,"label":" ","price":6.86},{"type":"A","date":"2018-05-04T03:31:10.000Z","volume":2000,"label":" ","price":6.86},{"type":"A","date":"2018-05-04T03:31:10.000Z","volume":2000,"label":" ","price":6.86},{"type":"A","date":"2018-05-04T03:32:00.000Z","volume":2000,"label":" ","price":6.86},{"type":"A","date":"2018-05-04T03:32:41.000Z","volume":2000,"label":" ","price":6.86},{"type":"A","date":"2018-05-04T03:32:43.000Z","volume":2000,"label":" ","price":6.86},{"type":"A","date":"2018-05-04T03:32:49.000Z","volume":2000,"label":" ","price":6.86},{"type":"A","date":"2018-05-04T03:32:50.000Z","volume":2000,"label":" ","price":6.86},{"type":"A","date":"2018-05-04T03:32:56.000Z","volume":2000,"label":" ","price":6.86},{"type":"B","date":"2018-05-04T03:33:25.000Z","volume":2000,"label":" ","price":6.85},{"type":"B","date":"2018-05-04T03:33:25.000Z","volume":58000,"label":" ","price":6.85},{"type":"A","date":"2018-05-04T03:33:25.000Z","volume":6000,"label":" ","price":6.86},{"type":"A","date":"2018-05-04T03:33:26.000Z","volume":4000,"label":" ","price":6.85},{"type":"B","date":"2018-05-04T03:33:35.000Z","volume":140000,"label":" ","price":6.84},{"type":"A","date":"2018-05-04T03:33:41.000Z","volume":14000,"label":" ","price":6.85},{"type":"A","date":"2018-05-04T03:33:44.000Z","volume":2000,"label":" ","price":6.85},{"type":"A","date":"2018-05-04T03:33:49.000Z","volume":2000,"label":" ","price":6.85},{"type":"A","date":"2018-05-04T03:33:58.000Z","volume":10000,"label":" ","price":6.85},{"type":"U","date":"2018-05-04T03:33:58.000Z","volume":4000,"label":" ","price":6.85},{"type":"A","date":"2018-05-04T03:34:04.000Z","volume":2000,"label":" ","price":6.86},{"type":"A","date":"2018-05-04T03:35:31.000Z","volume":2000,"label":" ","price":6.85},{"type":"B","date":"2018-05-04T03:35:55.000Z","volume":2000,"label":" ","price":6.84},{"type":"A","date":"2018-05-04T03:35:57.000Z","volume":2000,"label":" ","price":6.85},{"type":"A","date":"2018-05-04T03:36:11.000Z","volume":4000,"label":" ","price":6.85},{"type":"A","date":"2018-05-04T03:36:21.000Z","volume":2000,"label":" ","price":6.85},{"type":"A","date":"2018-05-04T03:36:56.000Z","volume":2000,"label":" ","price":6.85},{"type":"A","date":"2018-05-04T03:37:22.000Z","volume":2000,"label":" ","price":6.85},{"type":"B","date":"2018-05-04T03:37:24.000Z","volume":2000,"label":" ","price":6.84},{"type":"B","date":"2018-05-04T03:37:51.000Z","volume":6000,"label":"Y","price":6.84},{"type":"A","date":"2018-05-04T03:38:23.000Z","volume":2000,"label":" ","price":6.85},{"type":"A","date":"2018-05-04T03:39:00.000Z","volume":8000,"label":" ","price":6.85},{"type":"A","date":"2018-05-04T03:39:04.000Z","volume":2000,"label":" ","price":6.85},{"type":"A","date":"2018-05-04T03:39:23.000Z","volume":2000,"label":" ","price":6.85},{"type":"A","date":"2018-05-04T03:39:34.000Z","volume":2000,"label":" ","price":6.85},{"type":"A","date":"2018-05-04T03:39:35.000Z","volume":2000,"label":" ","price":6.85},{"type":"A","date":"2018-05-04T03:40:23.000Z","volume":2000,"label":" ","price":6.85},{"type":"A","date":"2018-05-04T03:40:24.000Z","volume":20000,"label":" ","price":6.85},{"type":"A","date":"2018-05-04T03:41:23.000Z","volume":2000,"label":" ","price":6.85},{"type":"A","date":"2018-05-04T03:41:35.000Z","volume":2000,"label":" ","price":6.85},{"type":"A","date":"2018-05-04T03:41:40.000Z","volume":2000,"label":" ","price":6.85},{"type":"A","date":"2018-05-04T03:41:42.000Z","volume":2000,"label":" ","price":6.86},{"type":"A","date":"2018-05-04T03:41:53.000Z","volume":6000,"label":" ","price":6.85},{"type":"A","date":"2018-05-04T03:42:33.000Z","volume":2000,"label":" ","price":6.85},{"type":"A","date":"2018-05-04T03:43:00.000Z","volume":4000,"label":" ","price":6.85},{"type":"A","date":"2018-05-04T03:43:15.000Z","volume":4000,"label":" ","price":6.85},{"type":"A","date":"2018-05-04T03:43:36.000Z","volume":2000,"label":" ","price":6.85},{"type":"A","date":"2018-05-04T03:43:42.000Z","volume":2000,"label":" ","price":6.85},{"type":"A","date":"2018-05-04T03:43:43.000Z","volume":2000,"label":" ","price":6.86},{"type":"A","date":"2018-05-04T03:43:50.000Z","volume":2000,"label":" ","price":6.86},{"type":"B","date":"2018-05-04T03:44:33.000Z","volume":2000,"label":" ","price":6.85},{"type":"A","date":"2018-05-04T03:44:43.000Z","volume":8000,"label":" ","price":6.86},{"type":"A","date":"2018-05-04T03:44:55.000Z","volume":2000,"label":" ","price":6.86},{"type":"A","date":"2018-05-04T03:45:56.000Z","volume":2000,"label":" ","price":6.86},{"type":"A","date":"2018-05-04T03:46:05.000Z","volume":2000,"label":" ","price":6.86},{"type":"A","date":"2018-05-04T03:47:25.000Z","volume":2000,"label":" ","price":6.86},{"type":"B","date":"2018-05-04T03:47:57.000Z","volume":10000,"label":" ","price":6.85},{"type":"A","date":"2018-05-04T03:48:26.000Z","volume":2000,"label":" ","price":6.86},{"type":"A","date":"2018-05-04T03:48:45.000Z","volume":2000,"label":" ","price":6.86},{"type":"B","date":"2018-05-04T03:49:24.000Z","volume":2000,"label":" ","price":6.85},{"type":"A","date":"2018-05-04T03:50:45.000Z","volume":4000,"label":" ","price":6.86},{"type":"A","date":"2018-05-04T03:50:50.000Z","volume":2000,"label":" ","price":6.86},{"type":"A","date":"2018-05-04T03:50:57.000Z","volume":2000,"label":" ","price":6.86},{"type":"A","date":"2018-05-04T03:51:27.000Z","volume":2000,"label":" ","price":6.86},{"type":"A","date":"2018-05-04T03:51:43.000Z","volume":2000,"label":" ","price":6.86},{"type":"A","date":"2018-05-04T03:52:16.000Z","volume":2000,"label":" ","price":6.86},{"type":"A","date":"2018-05-04T03:52:57.000Z","volume":2000,"label":" ","price":6.86},{"type":"A","date":"2018-05-04T03:53:38.000Z","volume":2000,"label":" ","price":6.86},{"type":"A","date":"2018-05-04T03:53:38.000Z","volume":2000,"label":" ","price":6.86},{"type":"A","date":"2018-05-04T03:54:08.000Z","volume":2000,"label":" ","price":6.86},{"type":"B","date":"2018-05-04T03:55:01.000Z","volume":2000,"label":" ","price":6.85},{"type":"B","date":"2018-05-04T03:55:11.000Z","volume":10000,"label":" ","price":6.85},{"type":"B","date":"2018-05-04T03:55:11.000Z","volume":2000,"label":"Y","price":6.85},{"type":"B","date":"2018-05-04T03:55:11.000Z","volume":36000,"label":" ","price":6.85},{"type":"B","date":"2018-05-04T03:55:11.000Z","volume":4000,"label":" ","price":6.85},{"type":"A","date":"2018-05-04T03:55:11.000Z","volume":2000,"label":" ","price":6.85},{"type":"A","date":"2018-05-04T03:55:28.000Z","volume":2000,"label":" ","price":6.85},{"type":"A","date":"2018-05-04T03:55:36.000Z","volume":2000,"label":" ","price":6.85},{"type":"B","date":"2018-05-04T03:56:27.000Z","volume":6000,"label":" ","price":6.84},{"type":"A","date":"2018-05-04T03:57:01.000Z","volume":10000,"label":" ","price":6.85},{"type":"B","date":"2018-05-04T03:57:22.000Z","volume":2000,"label":" ","price":6.84},{"type":"A","date":"2018-05-04T03:57:28.000Z","volume":2000,"label":" ","price":6.85},{"type":"A","date":"2018-05-04T03:57:39.000Z","volume":2000,"label":" ","price":6.85},{"type":"B","date":"2018-05-04T03:58:15.000Z","volume":6000,"label":" ","price":6.84},{"type":"A","date":"2018-05-04T03:58:18.000Z","volume":2000,"label":" ","price":6.85},{"type":"A","date":"2018-05-04T03:58:42.000Z","volume":4000,"label":" ","price":6.85},{"type":"A","date":"2018-05-04T03:58:43.000Z","volume":10000,"label":" ","price":6.85},{"type":"A","date":"2018-05-04T03:58:43.000Z","volume":2000,"label":" ","price":6.85},{"type":"A","date":"2018-05-04T03:58:58.000Z","volume":2000,"label":" ","price":6.86},{"type":"A","date":"2018-05-04T03:59:08.000Z","volume":2000,"label":" ","price":6.86},{"type":"A","date":"2018-05-04T03:59:09.000Z","volume":2000,"label":" ","price":6.86},{"type":"A","date":"2018-05-04T03:59:20.000Z","volume":4000,"label":" ","price":6.85},{"type":"A","date":"2018-05-04T03:59:48.000Z","volume":2000,"label":" ","price":6.85},{"type":"A","date":"2018-05-04T03:59:51.000Z","volume":4000,"label":" ","price":6.85},{"type":"A","date":"2018-05-04T05:00:04.000Z","volume":10000,"label":" ","price":6.85},{"type":"A","date":"2018-05-04T05:00:11.000Z","volume":2000,"label":" ","price":6.85},{"type":"B","date":"2018-05-04T05:00:12.000Z","volume":10000,"label":" ","price":6.84},{"type":"B","date":"2018-05-04T05:00:12.000Z","volume":18000,"label":" ","price":6.84},{"type":"B","date":"2018-05-04T05:00:12.000Z","volume":40000,"label":" ","price":6.84},{"type":"U","date":"2018-05-04T05:00:12.000Z","volume":2000,"label":" ","price":6.84},{"type":"U","date":"2018-05-04T05:00:12.000Z","volume":4000,"label":" ","price":6.84},{"type":"A","date":"2018-05-04T05:00:59.000Z","volume":2000,"label":" ","price":6.85},{"type":"A","date":"2018-05-04T05:02:14.000Z","volume":38000,"label":" ","price":6.85},{"type":"U","date":"2018-05-04T05:02:40.000Z","volume":2000,"label":" ","price":6.84},{"type":"U","date":"2018-05-04T05:02:40.000Z","volume":2000,"label":" ","price":6.84},{"type":"B","date":"2018-05-04T05:03:37.000Z","volume":10000,"label":" ","price":6.84},{"type":"B","date":"2018-05-04T05:03:37.000Z","volume":14000,"label":" ","price":6.84},{"type":"B","date":"2018-05-04T05:04:04.000Z","volume":10000,"label":" ","price":6.83},{"type":"B","date":"2018-05-04T05:04:23.000Z","volume":10000,"label":" ","price":6.83},{"type":"A","date":"2018-05-04T05:05:26.000Z","volume":30000,"label":" ","price":6.83},{"type":"A","date":"2018-05-04T05:08:00.000Z","volume":2000,"label":" ","price":6.83},{"type":"B","date":"2018-05-04T05:08:34.000Z","volume":2000,"label":" ","price":6.82},{"type":"A","date":"2018-05-04T05:12:13.000Z","volume":6000,"label":" ","price":6.83},{"type":"B","date":"2018-05-04T05:12:13.000Z","volume":46000,"label":" ","price":6.82},{"type":"A","date":"2018-05-04T05:12:13.000Z","volume":2000,"label":" ","price":6.82},{"type":"A","date":"2018-05-04T05:12:13.000Z","volume":2000,"label":" ","price":6.82},{"type":"A","date":"2018-05-04T05:12:13.000Z","volume":2000,"label":" ","price":6.82},{"type":"A","date":"2018-05-04T05:17:25.000Z","volume":2000,"label":"Y","price":6.82},{"type":"A","date":"2018-05-04T05:17:25.000Z","volume":36000,"label":" ","price":6.82},{"type":"A","date":"2018-05-04T05:17:27.000Z","volume":2000,"label":" ","price":6.83},{"type":"A","date":"2018-05-04T05:17:27.000Z","volume":4000,"label":" ","price":6.83},{"type":"A","date":"2018-05-04T05:17:36.000Z","volume":2000,"label":" ","price":6.83},{"type":"A","date":"2018-05-04T05:17:44.000Z","volume":2000,"label":" ","price":6.83},{"type":"A","date":"2018-05-04T05:18:29.000Z","volume":8000,"label":" ","price":6.83},{"type":"A","date":"2018-05-04T05:18:32.000Z","volume":2000,"label":" ","price":6.83},{"type":"A","date":"2018-05-04T05:18:47.000Z","volume":2000,"label":" ","price":6.83},{"type":"A","date":"2018-05-04T05:18:54.000Z","volume":108000,"label":" ","price":6.83},{"type":"A","date":"2018-05-04T05:18:55.000Z","volume":2000,"label":" ","price":6.84},{"type":"A","date":"2018-05-04T05:18:55.000Z","volume":2000,"label":" ","price":6.85},{"type":"A","date":"2018-05-04T05:18:55.000Z","volume":2000,"label":" ","price":6.85},{"type":"A","date":"2018-05-04T05:18:55.000Z","volume":2000,"label":" ","price":6.85},{"type":"A","date":"2018-05-04T05:18:55.000Z","volume":2000,"label":" ","price":6.85},{"type":"A","date":"2018-05-04T05:18:55.000Z","volume":2000,"label":" ","price":6.85},{"type":"A","date":"2018-05-04T05:18:55.000Z","volume":2000,"label":" ","price":6.85},{"type":"A","date":"2018-05-04T05:19:01.000Z","volume":8000,"label":" ","price":6.85},{"type":"A","date":"2018-05-04T05:19:10.000Z","volume":2000,"label":" ","price":6.85},{"type":"A","date":"2018-05-04T05:20:55.000Z","volume":2000,"label":" ","price":6.84},{"type":"A","date":"2018-05-04T05:21:02.000Z","volume":2000,"label":" ","price":6.84},{"type":"A","date":"2018-05-04T05:21:48.000Z","volume":6000,"label":" ","price":6.84},{"type":"A","date":"2018-05-04T05:21:48.000Z","volume":6000,"label":" ","price":6.84},{"type":"A","date":"2018-05-04T05:21:48.000Z","volume":2000,"label":" ","price":6.85},{"type":"A","date":"2018-05-04T05:22:47.000Z","volume":2000,"label":" ","price":6.85},{"type":"A","date":"2018-05-04T05:23:46.000Z","volume":6000,"label":" ","price":6.85},{"type":"A","date":"2018-05-04T05:23:46.000Z","volume":2000,"label":" ","price":6.85},{"type":"A","date":"2018-05-04T05:23:46.000Z","volume":2000,"label":" ","price":6.85},{"type":"A","date":"2018-05-04T05:23:46.000Z","volume":2000,"label":" ","price":6.85},{"type":"A","date":"2018-05-04T05:23:55.000Z","volume":8000,"label":" ","price":6.85},{"type":"A","date":"2018-05-04T05:24:07.000Z","volume":2000,"label":" ","price":6.85},{"type":"B","date":"2018-05-04T05:24:10.000Z","volume":2000,"label":" ","price":6.83},{"type":"A","date":"2018-05-04T05:25:03.000Z","volume":2000,"label":" ","price":6.85},{"type":"A","date":"2018-05-04T05:25:40.000Z","volume":2000,"label":" ","price":6.85},{"type":"A","date":"2018-05-04T05:26:46.000Z","volume":8000,"label":" ","price":6.85},{"type":"A","date":"2018-05-04T05:26:59.000Z","volume":6000,"label":" ","price":6.85},{"type":"A","date":"2018-05-04T05:27:03.000Z","volume":2000,"label":" ","price":6.85},{"type":"B","date":"2018-05-04T05:28:10.000Z","volume":2000,"label":" ","price":6.83},{"type":"B","date":"2018-05-04T05:28:10.000Z","volume":58000,"label":" ","price":6.83},{"type":"B","date":"2018-05-04T05:28:13.000Z","volume":4000,"label":" ","price":6.83},{"type":"B","date":"2018-05-04T05:28:16.000Z","volume":34000,"label":" ","price":6.82},{"type":"A","date":"2018-05-04T05:28:16.000Z","volume":2000,"label":" ","price":6.83},{"type":"A","date":"2018-05-04T05:28:16.000Z","volume":2000,"label":" ","price":6.83},{"type":"A","date":"2018-05-04T05:28:16.000Z","volume":8000,"label":" ","price":6.83},{"type":"A","date":"2018-05-04T05:28:16.000Z","volume":2000,"label":" ","price":6.83},{"type":"A","date":"2018-05-04T05:28:16.000Z","volume":2000,"label":" ","price":6.83},{"type":"A","date":"2018-05-04T05:28:17.000Z","volume":16000,"label":" ","price":6.83},{"type":"A","date":"2018-05-04T05:28:17.000Z","volume":46000,"label":" ","price":6.84},{"type":"A","date":"2018-05-04T05:28:17.000Z","volume":18000,"label":" ","price":6.84},{"type":"A","date":"2018-05-04T05:28:17.000Z","volume":2000,"label":" ","price":6.84},{"type":"A","date":"2018-05-04T05:28:18.000Z","volume":14000,"label":" ","price":6.85},{"type":"B","date":"2018-05-04T05:29:20.000Z","volume":2000,"label":" ","price":6.81},{"type":"B","date":"2018-05-04T05:30:35.000Z","volume":2000,"label":" ","price":6.83},{"type":"B","date":"2018-05-04T05:30:37.000Z","volume":2000,"label":" ","price":6.83},{"type":"A","date":"2018-05-04T05:32:16.000Z","volume":8000,"label":" ","price":6.84},{"type":"A","date":"2018-05-04T05:33:26.000Z","volume":2000,"label":" ","price":6.84},{"type":"A","date":"2018-05-04T05:33:41.000Z","volume":2000,"label":" ","price":6.84},{"type":"A","date":"2018-05-04T05:33:56.000Z","volume":2000,"label":" ","price":6.84},{"type":"B","date":"2018-05-04T05:34:25.000Z","volume":4000,"label":" ","price":6.83},{"type":"B","date":"2018-05-04T05:34:26.000Z","volume":84000,"label":" ","price":6.83},{"type":"U","date":"2018-05-04T05:34:26.000Z","volume":2000,"label":" ","price":6.83},{"type":"B","date":"2018-05-04T05:34:55.000Z","volume":2000,"label":" ","price":6.82},{"type":"A","date":"2018-05-04T05:34:55.000Z","volume":2000,"label":" ","price":6.83},{"type":"A","date":"2018-05-04T05:35:09.000Z","volume":20000,"label":" ","price":6.83},{"type":"A","date":"2018-05-04T05:36:48.000Z","volume":2000,"label":" ","price":6.83},{"type":"A","date":"2018-05-04T05:36:56.000Z","volume":2000,"label":" ","price":6.83},{"type":"A","date":"2018-05-04T05:37:10.000Z","volume":28000,"label":" ","price":6.83},{"type":"A","date":"2018-05-04T05:37:11.000Z","volume":4000,"label":" ","price":6.83},{"type":"A","date":"2018-05-04T05:37:33.000Z","volume":8000,"label":" ","price":6.83},{"type":"A","date":"2018-05-04T05:37:38.000Z","volume":8000,"label":" ","price":6.84},{"type":"A","date":"2018-05-04T05:38:11.000Z","volume":2000,"label":" ","price":6.84},{"type":"A","date":"2018-05-04T05:38:15.000Z","volume":2000,"label":" ","price":6.84},{"type":"A","date":"2018-05-04T05:38:48.000Z","volume":2000,"label":" ","price":6.84},{"type":"A","date":"2018-05-04T05:39:30.000Z","volume":2000,"label":" ","price":6.84},{"type":"A","date":"2018-05-04T05:39:56.000Z","volume":28000,"label":"Y","price":6.84},{"type":"A","date":"2018-05-04T05:39:56.000Z","volume":50000,"label":" ","price":6.84},{"type":"B","date":"2018-05-04T05:39:56.000Z","volume":22000,"label":" ","price":6.84},{"type":"B","date":"2018-05-04T05:39:58.000Z","volume":8000,"label":" ","price":6.84},{"type":"B","date":"2018-05-04T05:39:58.000Z","volume":2000,"label":" ","price":6.83},{"type":"A","date":"2018-05-04T05:39:58.000Z","volume":2000,"label":" ","price":6.84},{"type":"A","date":"2018-05-04T05:40:11.000Z","volume":2000,"label":" ","price":6.84},{"type":"B","date":"2018-05-04T05:40:21.000Z","volume":54000,"label":" ","price":6.83},{"type":"B","date":"2018-05-04T05:40:21.000Z","volume":10000,"label":" ","price":6.82},{"type":"B","date":"2018-05-04T05:40:21.000Z","volume":4000,"label":" ","price":6.82},{"type":"B","date":"2018-05-04T05:40:23.000Z","volume":4000,"label":" ","price":6.82},{"type":"A","date":"2018-05-04T05:40:41.000Z","volume":2000,"label":" ","price":6.83},{"type":"B","date":"2018-05-04T05:41:01.000Z","volume":2000,"label":" ","price":6.82},{"type":"B","date":"2018-05-04T05:42:58.000Z","volume":6000,"label":" ","price":6.82},{"type":"B","date":"2018-05-04T05:42:58.000Z","volume":6000,"label":" ","price":6.82},{"type":"A","date":"2018-05-04T05:42:58.000Z","volume":2000,"label":" ","price":6.83},{"type":"U","date":"2018-05-04T05:42:58.000Z","volume":2000,"label":" ","price":6.82},{"type":"A","date":"2018-05-04T05:42:58.000Z","volume":2000,"label":" ","price":6.83},{"type":"A","date":"2018-05-04T05:43:11.000Z","volume":54000,"label":"Y","price":6.83},{"type":"A","date":"2018-05-04T05:43:11.000Z","volume":156000,"label":" ","price":6.83},{"type":"A","date":"2018-05-04T05:43:28.000Z","volume":10000,"label":" ","price":6.83},{"type":"B","date":"2018-05-04T05:43:28.000Z","volume":2000,"label":" ","price":6.83},{"type":"B","date":"2018-05-04T05:43:30.000Z","volume":22000,"label":" ","price":6.83},{"type":"B","date":"2018-05-04T05:44:44.000Z","volume":2000,"label":" ","price":6.82},{"type":"U","date":"2018-05-04T05:44:44.000Z","volume":2000,"label":" ","price":6.83},{"type":"A","date":"2018-05-04T05:46:11.000Z","volume":4000,"label":" ","price":6.83},{"type":"A","date":"2018-05-04T05:48:53.000Z","volume":6000,"label":" ","price":6.83},{"type":"B","date":"2018-05-04T05:49:03.000Z","volume":10000,"label":" ","price":6.82},{"type":"B","date":"2018-05-04T05:50:56.000Z","volume":8000,"label":" ","price":6.81},{"type":"B","date":"2018-05-04T05:50:56.000Z","volume":36000,"label":" ","price":6.81},{"type":"B","date":"2018-05-04T05:50:56.000Z","volume":6000,"label":" ","price":6.81},{"type":"A","date":"2018-05-04T05:52:50.000Z","volume":26000,"label":" ","price":6.81},{"type":"B","date":"2018-05-04T05:53:13.000Z","volume":14000,"label":" ","price":6.81},{"type":"B","date":"2018-05-04T05:53:13.000Z","volume":18000,"label":" ","price":6.81},{"type":"B","date":"2018-05-04T05:53:13.000Z","volume":42000,"label":" ","price":6.8},{"type":"U","date":"2018-05-04T05:53:13.000Z","volume":4000,"label":" ","price":6.8},{"type":"B","date":"2018-05-04T05:54:11.000Z","volume":10000,"label":" ","price":6.8},{"type":"A","date":"2018-05-04T05:54:28.000Z","volume":4000,"label":" ","price":6.81},{"type":"A","date":"2018-05-04T05:57:35.000Z","volume":8000,"label":" ","price":6.81},{"type":"B","date":"2018-05-04T05:58:16.000Z","volume":24000,"label":" ","price":6.8},{"type":"A","date":"2018-05-04T05:58:22.000Z","volume":8000,"label":" ","price":6.8},{"type":"A","date":"2018-05-04T06:00:16.000Z","volume":2000,"label":" ","price":6.81},{"type":"B","date":"2018-05-04T06:01:22.000Z","volume":16000,"label":" ","price":6.8},{"type":"B","date":"2018-05-04T06:01:22.000Z","volume":2000,"label":" ","price":6.8},{"type":"A","date":"2018-05-04T06:01:22.000Z","volume":6000,"label":" ","price":6.8},{"type":"A","date":"2018-05-04T06:04:11.000Z","volume":6000,"label":" ","price":6.8},{"type":"A","date":"2018-05-04T06:05:37.000Z","volume":4000,"label":" ","price":6.8},{"type":"A","date":"2018-05-04T06:08:43.000Z","volume":10000,"label":" ","price":6.8},{"type":"A","date":"2018-05-04T06:09:06.000Z","volume":4000,"label":" ","price":6.8},{"type":"A","date":"2018-05-04T06:09:06.000Z","volume":2000,"label":" ","price":6.8},{"type":"A","date":"2018-05-04T06:09:06.000Z","volume":2000,"label":" ","price":6.8},{"type":"A","date":"2018-05-04T06:09:07.000Z","volume":2000,"label":" ","price":6.8},{"type":"A","date":"2018-05-04T06:09:07.000Z","volume":2000,"label":" ","price":6.8},{"type":"B","date":"2018-05-04T06:10:07.000Z","volume":2000,"label":"Y","price":6.79},{"type":"B","date":"2018-05-04T06:10:23.000Z","volume":8000,"label":" ","price":6.79},{"type":"B","date":"2018-05-04T06:10:25.000Z","volume":2000,"label":" ","price":6.79},{"type":"A","date":"2018-05-04T06:10:49.000Z","volume":2000,"label":" ","price":6.8},{"type":"A","date":"2018-05-04T06:11:54.000Z","volume":6000,"label":" ","price":6.8},{"type":"A","date":"2018-05-04T06:12:08.000Z","volume":2000,"label":" ","price":6.8},{"type":"A","date":"2018-05-04T06:12:20.000Z","volume":2000,"label":" ","price":6.8},{"type":"A","date":"2018-05-04T06:12:20.000Z","volume":4000,"label":" ","price":6.8},{"type":"A","date":"2018-05-04T06:12:39.000Z","volume":2000,"label":" ","price":6.8},{"type":"A","date":"2018-05-04T06:12:56.000Z","volume":2000,"label":" ","price":6.8},{"type":"B","date":"2018-05-04T06:13:18.000Z","volume":2000,"label":" ","price":6.79},{"type":"A","date":"2018-05-04T06:13:47.000Z","volume":2000,"label":" ","price":6.8},{"type":"A","date":"2018-05-04T06:13:47.000Z","volume":10000,"label":" ","price":6.8},{"type":"A","date":"2018-05-04T06:14:07.000Z","volume":2000,"label":" ","price":6.8},{"type":"A","date":"2018-05-04T06:14:08.000Z","volume":4000,"label":" ","price":6.8},{"type":"A","date":"2018-05-04T06:14:08.000Z","volume":2000,"label":" ","price":6.8},{"type":"A","date":"2018-05-04T06:14:08.000Z","volume":2000,"label":" ","price":6.8},{"type":"A","date":"2018-05-04T06:14:08.000Z","volume":2000,"label":" ","price":6.8},{"type":"A","date":"2018-05-04T06:14:08.000Z","volume":2000,"label":" ","price":6.8},{"type":"A","date":"2018-05-04T06:14:51.000Z","volume":2000,"label":" ","price":6.8},{"type":"A","date":"2018-05-04T06:17:22.000Z","volume":2000,"label":" ","price":6.8},{"type":"A","date":"2018-05-04T06:17:22.000Z","volume":12000,"label":" ","price":6.8},{"type":"A","date":"2018-05-04T06:17:31.000Z","volume":6000,"label":" ","price":6.8},{"type":"B","date":"2018-05-04T06:17:47.000Z","volume":2000,"label":" ","price":6.79},{"type":"A","date":"2018-05-04T06:17:48.000Z","volume":2000,"label":" ","price":6.8},{"type":"A","date":"2018-05-04T06:18:09.000Z","volume":4000,"label":" ","price":6.8},{"type":"A","date":"2018-05-04T06:18:09.000Z","volume":2000,"label":" ","price":6.8},{"type":"A","date":"2018-05-04T06:18:09.000Z","volume":2000,"label":" ","price":6.8},{"type":"A","date":"2018-05-04T06:18:10.000Z","volume":2000,"label":" ","price":6.8},{"type":"A","date":"2018-05-04T06:18:10.000Z","volume":2000,"label":" ","price":6.8},{"type":"B","date":"2018-05-04T06:19:19.000Z","volume":4000,"label":" ","price":6.79},{"type":"B","date":"2018-05-04T06:19:55.000Z","volume":2000,"label":" ","price":6.79},{"type":"A","date":"2018-05-04T06:19:55.000Z","volume":10000,"label":" ","price":6.8},{"type":"A","date":"2018-05-04T06:20:12.000Z","volume":6000,"label":" ","price":6.8},{"type":"A","date":"2018-05-04T06:20:12.000Z","volume":2000,"label":" ","price":6.8},{"type":"A","date":"2018-05-04T06:20:12.000Z","volume":2000,"label":" ","price":6.8},{"type":"A","date":"2018-05-04T06:22:11.000Z","volume":4000,"label":" ","price":6.8},{"type":"A","date":"2018-05-04T06:22:11.000Z","volume":2000,"label":" ","price":6.8},{"type":"A","date":"2018-05-04T06:22:11.000Z","volume":2000,"label":" ","price":6.8},{"type":"A","date":"2018-05-04T06:22:11.000Z","volume":2000,"label":" ","price":6.8},{"type":"A","date":"2018-05-04T06:22:11.000Z","volume":2000,"label":" ","price":6.8},{"type":"A","date":"2018-05-04T06:22:43.000Z","volume":2000,"label":" ","price":6.8},{"type":"A","date":"2018-05-04T06:22:43.000Z","volume":10000,"label":" ","price":6.8},{"type":"A","date":"2018-05-04T06:22:47.000Z","volume":2000,"label":" ","price":6.8},{"type":"A","date":"2018-05-04T06:24:58.000Z","volume":2000,"label":" ","price":6.8},{"type":"B","date":"2018-05-04T06:25:02.000Z","volume":2000,"label":" ","price":6.79},{"type":"A","date":"2018-05-04T06:25:33.000Z","volume":6000,"label":" ","price":6.8},{"type":"B","date":"2018-05-04T06:25:35.000Z","volume":2000,"label":" ","price":6.79},{"type":"B","date":"2018-05-04T06:26:11.000Z","volume":4000,"label":" ","price":6.79},{"type":"B","date":"2018-05-04T06:26:19.000Z","volume":2000,"label":" ","price":6.79},{"type":"B","date":"2018-05-04T06:27:05.000Z","volume":6000,"label":"Y","price":6.79},{"type":"B","date":"2018-05-04T06:27:05.000Z","volume":16000,"label":" ","price":6.79},{"type":"A","date":"2018-05-04T06:27:52.000Z","volume":2000,"label":" ","price":6.79},{"type":"A","date":"2018-05-04T06:27:52.000Z","volume":2000,"label":" ","price":6.79},{"type":"A","date":"2018-05-04T06:27:52.000Z","volume":2000,"label":" ","price":6.79},{"type":"A","date":"2018-05-04T06:27:52.000Z","volume":2000,"label":" ","price":6.79},{"type":"A","date":"2018-05-04T06:27:53.000Z","volume":2000,"label":" ","price":6.79},{"type":"A","date":"2018-05-04T06:27:53.000Z","volume":2000,"label":" ","price":6.79},{"type":"A","date":"2018-05-04T06:28:28.000Z","volume":8000,"label":" ","price":6.79},{"type":"A","date":"2018-05-04T06:29:15.000Z","volume":6000,"label":" ","price":6.79},{"type":"B","date":"2018-05-04T06:29:46.000Z","volume":10000,"label":" ","price":6.78},{"type":"A","date":"2018-05-04T06:30:50.000Z","volume":6000,"label":" ","price":6.79},{"type":"A","date":"2018-05-04T06:32:23.000Z","volume":4000,"label":" ","price":6.79},{"type":"A","date":"2018-05-04T06:32:23.000Z","volume":2000,"label":" ","price":6.79},{"type":"A","date":"2018-05-04T06:32:23.000Z","volume":2000,"label":" ","price":6.79},{"type":"A","date":"2018-05-04T06:32:23.000Z","volume":2000,"label":" ","price":6.79},{"type":"A","date":"2018-05-04T06:32:23.000Z","volume":2000,"label":" ","price":6.79},{"type":"A","date":"2018-05-04T06:33:36.000Z","volume":4000,"label":" ","price":6.79},{"type":"A","date":"2018-05-04T06:33:36.000Z","volume":2000,"label":" ","price":6.79},{"type":"B","date":"2018-05-04T06:33:36.000Z","volume":2000,"label":" ","price":6.78},{"type":"A","date":"2018-05-04T06:33:53.000Z","volume":8000,"label":" ","price":6.79},{"type":"B","date":"2018-05-04T06:33:55.000Z","volume":2000,"label":" ","price":6.78},{"type":"A","date":"2018-05-04T06:36:34.000Z","volume":8000,"label":" ","price":6.79},{"type":"A","date":"2018-05-04T06:37:05.000Z","volume":4000,"label":" ","price":6.79},{"type":"B","date":"2018-05-04T06:37:05.000Z","volume":2000,"label":" ","price":6.78},{"type":"A","date":"2018-05-04T06:37:05.000Z","volume":2000,"label":" ","price":6.79},{"type":"A","date":"2018-05-04T06:37:05.000Z","volume":2000,"label":" ","price":6.79},{"type":"A","date":"2018-05-04T06:37:05.000Z","volume":2000,"label":" ","price":6.79},{"type":"A","date":"2018-05-04T06:37:05.000Z","volume":2000,"label":" ","price":6.79},{"type":"A","date":"2018-05-04T06:38:09.000Z","volume":6000,"label":" ","price":6.79},{"type":"A","date":"2018-05-04T06:39:06.000Z","volume":8000,"label":" ","price":6.79},{"type":"B","date":"2018-05-04T06:39:37.000Z","volume":2000,"label":" ","price":6.78},{"type":"A","date":"2018-05-04T06:41:47.000Z","volume":8000,"label":" ","price":6.79},{"type":"B","date":"2018-05-04T06:41:54.000Z","volume":50000,"label":" ","price":6.78},{"type":"B","date":"2018-05-04T06:41:54.000Z","volume":2000,"label":" ","price":6.78},{"type":"B","date":"2018-05-04T06:41:54.000Z","volume":6000,"label":"Y","price":6.78},{"type":"B","date":"2018-05-04T06:41:54.000Z","volume":38000,"label":" ","price":6.78},{"type":"B","date":"2018-05-04T06:41:54.000Z","volume":4000,"label":" ","price":6.77},{"type":"B","date":"2018-05-04T06:41:54.000Z","volume":12000,"label":" ","price":6.77},{"type":"B","date":"2018-05-04T06:42:11.000Z","volume":4000,"label":" ","price":6.76},{"type":"A","date":"2018-05-04T06:44:21.000Z","volume":22000,"label":" ","price":6.77},{"type":"B","date":"2018-05-04T06:44:21.000Z","volume":4000,"label":" ","price":6.77},{"type":"B","date":"2018-05-04T06:44:21.000Z","volume":2000,"label":" ","price":6.77},{"type":"A","date":"2018-05-04T06:44:21.000Z","volume":2000,"label":" ","price":6.77},{"type":"B","date":"2018-05-04T06:44:21.000Z","volume":2000,"label":" ","price":6.77},{"type":"A","date":"2018-05-04T06:44:40.000Z","volume":2000,"label":" ","price":6.78},{"type":"A","date":"2018-05-04T06:46:56.000Z","volume":4000,"label":" ","price":6.78},{"type":"A","date":"2018-05-04T06:46:56.000Z","volume":2000,"label":" ","price":6.78},{"type":"A","date":"2018-05-04T06:46:56.000Z","volume":2000,"label":" ","price":6.78},{"type":"A","date":"2018-05-04T06:46:56.000Z","volume":2000,"label":" ","price":6.78},{"type":"A","date":"2018-05-04T06:46:56.000Z","volume":2000,"label":" ","price":6.78},{"type":"A","date":"2018-05-04T06:47:09.000Z","volume":10000,"label":" ","price":6.78},{"type":"A","date":"2018-05-04T06:49:24.000Z","volume":2000,"label":" ","price":6.78},{"type":"A","date":"2018-05-04T06:50:12.000Z","volume":2000,"label":" ","price":6.78},{"type":"A","date":"2018-05-04T06:50:12.000Z","volume":4000,"label":" ","price":6.78},{"type":"A","date":"2018-05-04T06:50:12.000Z","volume":12000,"label":" ","price":6.78},{"type":"A","date":"2018-05-04T06:52:47.000Z","volume":4000,"label":" ","price":6.78},{"type":"A","date":"2018-05-04T06:52:47.000Z","volume":2000,"label":" ","price":6.78},{"type":"A","date":"2018-05-04T06:52:47.000Z","volume":2000,"label":" ","price":6.78},{"type":"A","date":"2018-05-04T06:52:47.000Z","volume":2000,"label":" ","price":6.78},{"type":"A","date":"2018-05-04T06:52:47.000Z","volume":2000,"label":" ","price":6.78},{"type":"A","date":"2018-05-04T06:53:27.000Z","volume":12000,"label":" ","price":6.78},{"type":"A","date":"2018-05-04T06:55:33.000Z","volume":6000,"label":" ","price":6.78},{"type":"A","date":"2018-05-04T06:56:06.000Z","volume":10000,"label":" ","price":6.78},{"type":"B","date":"2018-05-04T06:56:47.000Z","volume":2000,"label":" ","price":6.77},{"type":"U","date":"2018-05-04T06:56:47.000Z","volume":6000,"label":" ","price":6.77},{"type":"U","date":"2018-05-04T06:56:47.000Z","volume":4000,"label":" ","price":6.77},{"type":"B","date":"2018-05-04T06:56:47.000Z","volume":2000,"label":" ","price":6.77},{"type":"A","date":"2018-05-04T06:58:10.000Z","volume":4000,"label":" ","price":6.78},{"type":"A","date":"2018-05-04T06:58:10.000Z","volume":2000,"label":" ","price":6.78},{"type":"A","date":"2018-05-04T06:58:10.000Z","volume":2000,"label":" ","price":6.78},{"type":"A","date":"2018-05-04T06:58:10.000Z","volume":2000,"label":" ","price":6.78},{"type":"A","date":"2018-05-04T06:58:10.000Z","volume":2000,"label":" ","price":6.78},{"type":"A","date":"2018-05-04T06:58:16.000Z","volume":4000,"label":" ","price":6.78},{"type":"B","date":"2018-05-04T06:59:36.000Z","volume":2000,"label":" ","price":6.76},{"type":"A","date":"2018-05-04T07:00:34.000Z","volume":6000,"label":" ","price":6.78},{"type":"B","date":"2018-05-04T07:01:27.000Z","volume":2000,"label":" ","price":6.76},{"type":"A","date":"2018-05-04T07:01:27.000Z","volume":10000,"label":" ","price":6.78},{"type":"B","date":"2018-05-04T07:02:32.000Z","volume":2000,"label":" ","price":6.76},{"type":"B","date":"2018-05-04T07:02:32.000Z","volume":6000,"label":"Y","price":6.76},{"type":"B","date":"2018-05-04T07:02:32.000Z","volume":18000,"label":" ","price":6.76},{"type":"B","date":"2018-05-04T07:02:32.000Z","volume":10000,"label":" ","price":6.76},{"type":"A","date":"2018-05-04T07:02:43.000Z","volume":4000,"label":" ","price":6.76},{"type":"B","date":"2018-05-04T07:03:33.000Z","volume":2000,"label":" ","price":6.75},{"type":"B","date":"2018-05-04T07:03:36.000Z","volume":2000,"label":" ","price":6.75},{"type":"A","date":"2018-05-04T07:03:36.000Z","volume":4000,"label":" ","price":6.76},{"type":"A","date":"2018-05-04T07:04:00.000Z","volume":4000,"label":" ","price":6.76},{"type":"A","date":"2018-05-04T07:04:01.000Z","volume":2000,"label":" ","price":6.76},{"type":"A","date":"2018-05-04T07:04:01.000Z","volume":2000,"label":" ","price":6.76},{"type":"A","date":"2018-05-04T07:04:01.000Z","volume":2000,"label":" ","price":6.76},{"type":"A","date":"2018-05-04T07:04:01.000Z","volume":2000,"label":" ","price":6.76},{"type":"A","date":"2018-05-04T07:05:01.000Z","volume":66000,"label":" ","price":6.76},{"type":"A","date":"2018-05-04T07:06:25.000Z","volume":6000,"label":" ","price":6.77},{"type":"A","date":"2018-05-04T07:06:25.000Z","volume":10000,"label":" ","price":6.77},{"type":"A","date":"2018-05-04T07:08:32.000Z","volume":4000,"label":" ","price":6.77},{"type":"A","date":"2018-05-04T07:08:32.000Z","volume":2000,"label":" ","price":6.77},{"type":"A","date":"2018-05-04T07:08:32.000Z","volume":2000,"label":" ","price":6.77},{"type":"A","date":"2018-05-04T07:08:32.000Z","volume":2000,"label":" ","price":6.77},{"type":"A","date":"2018-05-04T07:08:32.000Z","volume":2000,"label":" ","price":6.77},{"type":"B","date":"2018-05-04T07:09:37.000Z","volume":2000,"label":" ","price":6.76},{"type":"A","date":"2018-05-04T07:09:37.000Z","volume":10000,"label":" ","price":6.77},{"type":"B","date":"2018-05-04T07:09:39.000Z","volume":20000,"label":" ","price":6.76},{"type":"B","date":"2018-05-04T07:10:28.000Z","volume":4000,"label":" ","price":6.76},{"type":"B","date":"2018-05-04T07:10:38.000Z","volume":10000,"label":" ","price":6.76},{"type":"A","date":"2018-05-04T07:10:44.000Z","volume":2000,"label":"Y","price":6.76},{"type":"A","date":"2018-05-04T07:10:44.000Z","volume":16000,"label":" ","price":6.76},{"type":"A","date":"2018-05-04T07:11:36.000Z","volume":6000,"label":" ","price":6.77},{"type":"B","date":"2018-05-04T07:12:33.000Z","volume":2000,"label":" ","price":6.76},{"type":"A","date":"2018-05-04T07:13:53.000Z","volume":4000,"label":" ","price":6.77},{"type":"A","date":"2018-05-04T07:13:53.000Z","volume":2000,"label":" ","price":6.77},{"type":"A","date":"2018-05-04T07:13:53.000Z","volume":2000,"label":" ","price":6.77},{"type":"A","date":"2018-05-04T07:13:53.000Z","volume":2000,"label":" ","price":6.77},{"type":"A","date":"2018-05-04T07:13:53.000Z","volume":2000,"label":" ","price":6.77},{"type":"B","date":"2018-05-04T07:14:22.000Z","volume":2000,"label":" ","price":6.76},{"type":"U","date":"2018-05-04T07:14:26.000Z","volume":1683,"label":"D","price":6.76},{"type":"B","date":"2018-05-04T07:14:51.000Z","volume":4000,"label":" ","price":6.76},{"type":"B","date":"2018-05-04T07:14:53.000Z","volume":10000,"label":" ","price":6.76},{"type":"A","date":"2018-05-04T07:14:57.000Z","volume":4000,"label":" ","price":6.76},{"type":"A","date":"2018-05-04T07:16:17.000Z","volume":6000,"label":" ","price":6.76},{"type":"B","date":"2018-05-04T07:17:40.000Z","volume":4000,"label":" ","price":6.75},{"type":"A","date":"2018-05-04T07:18:04.000Z","volume":4000,"label":" ","price":6.76},{"type":"A","date":"2018-05-04T07:18:04.000Z","volume":2000,"label":" ","price":6.76},{"type":"A","date":"2018-05-04T07:18:04.000Z","volume":2000,"label":" ","price":6.76},{"type":"A","date":"2018-05-04T07:18:04.000Z","volume":12000,"label":" ","price":6.76},{"type":"A","date":"2018-05-04T07:18:04.000Z","volume":2000,"label":" ","price":6.76},{"type":"A","date":"2018-05-04T07:18:04.000Z","volume":2000,"label":" ","price":6.76},{"type":"A","date":"2018-05-04T07:19:38.000Z","volume":6000,"label":" ","price":6.76},{"type":"B","date":"2018-05-04T07:20:02.000Z","volume":96000,"label":" ","price":6.75},{"type":"A","date":"2018-05-04T07:20:07.000Z","volume":22000,"label":" ","price":6.75},{"type":"A","date":"2018-05-04T07:20:52.000Z","volume":8000,"label":" ","price":6.76},{"type":"B","date":"2018-05-04T07:21:55.000Z","volume":2000,"label":" ","price":6.75},{"type":"B","date":"2018-05-04T07:22:20.000Z","volume":6000,"label":" ","price":6.75},{"type":"A","date":"2018-05-04T07:22:24.000Z","volume":4000,"label":" ","price":6.76},{"type":"A","date":"2018-05-04T07:22:24.000Z","volume":2000,"label":" ","price":6.76},{"type":"A","date":"2018-05-04T07:22:24.000Z","volume":2000,"label":" ","price":6.76},{"type":"A","date":"2018-05-04T07:22:25.000Z","volume":2000,"label":" ","price":6.76},{"type":"A","date":"2018-05-04T07:22:25.000Z","volume":2000,"label":" ","price":6.76},{"type":"A","date":"2018-05-04T07:23:32.000Z","volume":6000,"label":" ","price":6.76},{"type":"A","date":"2018-05-04T07:23:40.000Z","volume":6000,"label":" ","price":6.76},{"type":"A","date":"2018-05-04T07:24:00.000Z","volume":2000,"label":" ","price":6.76},{"type":"A","date":"2018-05-04T07:24:00.000Z","volume":2000,"label":" ","price":6.76},{"type":"A","date":"2018-05-04T07:24:00.000Z","volume":4000,"label":" ","price":6.76},{"type":"A","date":"2018-05-04T07:24:05.000Z","volume":6000,"label":" ","price":6.76},{"type":"A","date":"2018-05-04T07:24:05.000Z","volume":10000,"label":" ","price":6.76},{"type":"A","date":"2018-05-04T07:24:05.000Z","volume":2000,"label":" ","price":6.76},{"type":"A","date":"2018-05-04T07:24:05.000Z","volume":2000,"label":" ","price":6.76},{"type":"A","date":"2018-05-04T07:24:10.000Z","volume":44000,"label":" ","price":6.76},{"type":"A","date":"2018-05-04T07:24:35.000Z","volume":2000,"label":" ","price":6.77},{"type":"A","date":"2018-05-04T07:24:42.000Z","volume":2000,"label":" ","price":6.77},{"type":"B","date":"2018-05-04T07:25:02.000Z","volume":2000,"label":" ","price":6.75},{"type":"A","date":"2018-05-04T07:25:05.000Z","volume":2000,"label":" ","price":6.76},{"type":"A","date":"2018-05-04T07:25:35.000Z","volume":2000,"label":" ","price":6.76},{"type":"A","date":"2018-05-04T07:25:42.000Z","volume":2000,"label":" ","price":6.76},{"type":"A","date":"2018-05-04T07:26:05.000Z","volume":2000,"label":" ","price":6.76},{"type":"A","date":"2018-05-04T07:26:05.000Z","volume":12000,"label":" ","price":6.76},{"type":"A","date":"2018-05-04T07:26:32.000Z","volume":2000,"label":" ","price":6.76},{"type":"A","date":"2018-05-04T07:26:35.000Z","volume":2000,"label":" ","price":6.76},{"type":"A","date":"2018-05-04T07:26:36.000Z","volume":2000,"label":" ","price":6.76},{"type":"A","date":"2018-05-04T07:27:06.000Z","volume":2000,"label":" ","price":6.76},{"type":"A","date":"2018-05-04T07:27:32.000Z","volume":2000,"label":" ","price":6.76},{"type":"A","date":"2018-05-04T07:27:36.000Z","volume":2000,"label":" ","price":6.76},{"type":"A","date":"2018-05-04T07:27:50.000Z","volume":8000,"label":" ","price":6.76},{"type":"A","date":"2018-05-04T07:28:06.000Z","volume":2000,"label":" ","price":6.76},{"type":"A","date":"2018-05-04T07:28:22.000Z","volume":2000,"label":" ","price":6.76},{"type":"A","date":"2018-05-04T07:28:36.000Z","volume":2000,"label":" ","price":6.76},{"type":"A","date":"2018-05-04T07:28:59.000Z","volume":14000,"label":" ","price":6.76},{"type":"A","date":"2018-05-04T07:29:06.000Z","volume":2000,"label":" ","price":6.76},{"type":"A","date":"2018-05-04T07:29:23.000Z","volume":2000,"label":" ","price":6.76},{"type":"A","date":"2018-05-04T07:29:28.000Z","volume":2000,"label":" ","price":6.76},{"type":"B","date":"2018-05-04T07:29:33.000Z","volume":2000,"label":" ","price":6.75},{"type":"A","date":"2018-05-04T07:29:40.000Z","volume":82000,"label":" ","price":6.76},{"type":"B","date":"2018-05-04T07:29:43.000Z","volume":4000,"label":" ","price":6.76},{"type":"B","date":"2018-05-04T07:30:07.000Z","volume":4000,"label":" ","price":6.76},{"type":"A","date":"2018-05-04T07:30:13.000Z","volume":2000,"label":" ","price":6.77},{"type":"B","date":"2018-05-04T07:30:19.000Z","volume":4000,"label":" ","price":6.76},{"type":"B","date":"2018-05-04T07:30:19.000Z","volume":2000,"label":"Y","price":6.76},{"type":"B","date":"2018-05-04T07:30:19.000Z","volume":34000,"label":" ","price":6.76},{"type":"A","date":"2018-05-04T07:30:19.000Z","volume":4000,"label":"Y","price":6.76},{"type":"A","date":"2018-05-04T07:31:25.000Z","volume":8000,"label":" ","price":6.76},{"type":"A","date":"2018-05-04T07:32:03.000Z","volume":2000,"label":" ","price":6.76},{"type":"A","date":"2018-05-04T07:32:08.000Z","volume":2000,"label":" ","price":6.76},{"type":"B","date":"2018-05-04T07:32:46.000Z","volume":66000,"label":" ","price":6.75},{"type":"A","date":"2018-05-04T07:32:47.000Z","volume":4000,"label":" ","price":6.75},{"type":"B","date":"2018-05-04T07:32:47.000Z","volume":24000,"label":" ","price":6.74},{"type":"B","date":"2018-05-04T07:32:47.000Z","volume":12000,"label":" ","price":6.74},{"type":"B","date":"2018-05-04T07:32:47.000Z","volume":4000,"label":"Y","price":6.74},{"type":"B","date":"2018-05-04T07:32:47.000Z","volume":8000,"label":" ","price":6.74},{"type":"B","date":"2018-05-04T07:32:47.000Z","volume":2000,"label":" ","price":6.74},{"type":"B","date":"2018-05-04T07:33:00.000Z","volume":2000,"label":"Y","price":6.73},{"type":"B","date":"2018-05-04T07:33:00.000Z","volume":48000,"label":" ","price":6.73},{"type":"U","date":"2018-05-04T07:33:00.000Z","volume":4000,"label":" ","price":6.73},{"type":"A","date":"2018-05-04T07:33:01.000Z","volume":14000,"label":"Y","price":6.74},{"type":"A","date":"2018-05-04T07:33:01.000Z","volume":18000,"label":" ","price":6.74},{"type":"A","date":"2018-05-04T07:33:01.000Z","volume":10000,"label":" ","price":6.74},{"type":"U","date":"2018-05-04T07:33:03.000Z","volume":8000,"label":" ","price":6.73},{"type":"A","date":"2018-05-04T07:33:21.000Z","volume":4000,"label":" ","price":6.73},{"type":"A","date":"2018-05-04T07:33:21.000Z","volume":8000,"label":" ","price":6.73},{"type":"B","date":"2018-05-04T07:33:46.000Z","volume":10000,"label":" ","price":6.73},{"type":"A","date":"2018-05-04T07:33:51.000Z","volume":2000,"label":" ","price":6.73},{"type":"A","date":"2018-05-04T07:35:35.000Z","volume":2000,"label":" ","price":6.73},{"type":"A","date":"2018-05-04T07:35:35.000Z","volume":10000,"label":" ","price":6.73},{"type":"A","date":"2018-05-04T07:36:19.000Z","volume":2000,"label":" ","price":6.73},{"type":"A","date":"2018-05-04T07:36:25.000Z","volume":2000,"label":" ","price":6.73},{"type":"A","date":"2018-05-04T07:36:25.000Z","volume":4000,"label":" ","price":6.73},{"type":"A","date":"2018-05-04T07:36:25.000Z","volume":8000,"label":" ","price":6.73},{"type":"U","date":"2018-05-04T07:36:25.000Z","volume":2000,"label":" ","price":6.73},{"type":"A","date":"2018-05-04T07:36:46.000Z","volume":12000,"label":" ","price":6.74},{"type":"A","date":"2018-05-04T07:37:09.000Z","volume":2000,"label":" ","price":6.74},{"type":"A","date":"2018-05-04T07:37:15.000Z","volume":2000,"label":" ","price":6.74},{"type":"B","date":"2018-05-04T07:37:29.000Z","volume":6000,"label":" ","price":6.72},{"type":"A","date":"2018-05-04T07:37:49.000Z","volume":2000,"label":" ","price":6.74},{"type":"A","date":"2018-05-04T07:38:05.000Z","volume":2000,"label":" ","price":6.74},{"type":"B","date":"2018-05-04T07:38:24.000Z","volume":4000,"label":" ","price":6.72},{"type":"A","date":"2018-05-04T07:38:40.000Z","volume":2000,"label":" ","price":6.74},{"type":"A","date":"2018-05-04T07:39:30.000Z","volume":2000,"label":" ","price":6.74},{"type":"A","date":"2018-05-04T07:39:30.000Z","volume":16000,"label":" ","price":6.74},{"type":"A","date":"2018-05-04T07:39:36.000Z","volume":2000,"label":" ","price":6.74},{"type":"A","date":"2018-05-04T07:40:03.000Z","volume":18000,"label":" ","price":6.74},{"type":"B","date":"2018-05-04T07:40:04.000Z","volume":4000,"label":" ","price":6.74},{"type":"B","date":"2018-05-04T07:40:04.000Z","volume":8000,"label":" ","price":6.74},{"type":"A","date":"2018-05-04T07:40:10.000Z","volume":2000,"label":" ","price":6.75},{"type":"B","date":"2018-05-04T07:40:21.000Z","volume":4000,"label":"Y","price":6.73},{"type":"B","date":"2018-05-04T07:40:21.000Z","volume":36000,"label":" ","price":6.73},{"type":"B","date":"2018-05-04T07:40:21.000Z","volume":16000,"label":" ","price":6.73},{"type":"U","date":"2018-05-04T07:40:34.000Z","volume":4000,"label":" ","price":6.73},{"type":"B","date":"2018-05-04T07:40:53.000Z","volume":20000,"label":" ","price":6.73},{"type":"A","date":"2018-05-04T07:41:34.000Z","volume":4000,"label":" ","price":6.73},{"type":"A","date":"2018-05-04T07:41:58.000Z","volume":2000,"label":" ","price":6.73},{"type":"A","date":"2018-05-04T07:42:06.000Z","volume":38000,"label":" ","price":6.73},{"type":"A","date":"2018-05-04T07:42:30.000Z","volume":2000,"label":" ","price":6.74},{"type":"A","date":"2018-05-04T07:42:48.000Z","volume":2000,"label":" ","price":6.74},{"type":"A","date":"2018-05-04T07:43:10.000Z","volume":2000,"label":" ","price":6.74},{"type":"A","date":"2018-05-04T07:43:24.000Z","volume":2000,"label":" ","price":6.74},{"type":"A","date":"2018-05-04T07:43:29.000Z","volume":2000,"label":" ","price":6.74},{"type":"A","date":"2018-05-04T07:43:50.000Z","volume":2000,"label":" ","price":6.74},{"type":"A","date":"2018-05-04T07:44:18.000Z","volume":18000,"label":" ","price":6.74},{"type":"A","date":"2018-05-04T07:44:20.000Z","volume":2000,"label":" ","price":6.75},{"type":"A","date":"2018-05-04T07:44:20.000Z","volume":2000,"label":" ","price":6.75},{"type":"A","date":"2018-05-04T07:44:31.000Z","volume":2000,"label":" ","price":6.75},{"type":"A","date":"2018-05-04T07:45:00.000Z","volume":2000,"label":" ","price":6.75},{"type":"A","date":"2018-05-04T07:45:22.000Z","volume":2000,"label":" ","price":6.75},{"type":"A","date":"2018-05-04T07:45:50.000Z","volume":2000,"label":" ","price":6.75},{"type":"A","date":"2018-05-04T07:46:02.000Z","volume":2000,"label":" ","price":6.75},{"type":"A","date":"2018-05-04T07:46:30.000Z","volume":2000,"label":" ","price":6.75},{"type":"A","date":"2018-05-04T07:46:42.000Z","volume":2000,"label":" ","price":6.75},{"type":"A","date":"2018-05-04T07:46:57.000Z","volume":18000,"label":" ","price":6.75},{"type":"A","date":"2018-05-04T07:47:10.000Z","volume":2000,"label":" ","price":6.75},{"type":"B","date":"2018-05-04T07:47:11.000Z","volume":2000,"label":" ","price":6.73},{"type":"A","date":"2018-05-04T07:47:22.000Z","volume":2000,"label":" ","price":6.75},{"type":"A","date":"2018-05-04T07:48:00.000Z","volume":2000,"label":" ","price":6.75},{"type":"A","date":"2018-05-04T07:48:02.000Z","volume":2000,"label":" ","price":6.75},{"type":"A","date":"2018-05-04T07:48:41.000Z","volume":2000,"label":" ","price":6.75},{"type":"A","date":"2018-05-04T07:48:43.000Z","volume":2000,"label":" ","price":6.75},{"type":"A","date":"2018-05-04T07:49:21.000Z","volume":2000,"label":" ","price":6.75},{"type":"A","date":"2018-05-04T07:49:23.000Z","volume":2000,"label":" ","price":6.75},{"type":"B","date":"2018-05-04T07:49:32.000Z","volume":4000,"label":" ","price":6.73},{"type":"A","date":"2018-05-04T07:49:59.000Z","volume":4000,"label":" ","price":6.74},{"type":"A","date":"2018-05-04T07:49:59.000Z","volume":2000,"label":" ","price":6.74},{"type":"A","date":"2018-05-04T07:49:59.000Z","volume":10000,"label":" ","price":6.74},{"type":"A","date":"2018-05-04T07:50:01.000Z","volume":2000,"label":" ","price":6.75},{"type":"B","date":"2018-05-04T07:50:04.000Z","volume":30000,"label":" ","price":6.73},{"type":"A","date":"2018-05-04T07:50:06.000Z","volume":2000,"label":" ","price":6.75},{"type":"U","date":"2018-05-04T07:50:14.000Z","volume":2000,"label":" ","price":6.74},{"type":"B","date":"2018-05-04T07:50:15.000Z","volume":4000,"label":" ","price":6.74},{"type":"B","date":"2018-05-04T07:50:17.000Z","volume":2000,"label":" ","price":6.74},{"type":"B","date":"2018-05-04T07:50:17.000Z","volume":2000,"label":" ","price":6.74},{"type":"A","date":"2018-05-04T07:50:41.000Z","volume":2000,"label":" ","price":6.75},{"type":"A","date":"2018-05-04T07:50:46.000Z","volume":2000,"label":" ","price":6.75},{"type":"B","date":"2018-05-04T07:51:15.000Z","volume":2000,"label":" ","price":6.74},{"type":"A","date":"2018-05-04T07:51:26.000Z","volume":2000,"label":" ","price":6.75},{"type":"A","date":"2018-05-04T07:51:31.000Z","volume":2000,"label":" ","price":6.75},{"type":"A","date":"2018-05-04T07:52:06.000Z","volume":2000,"label":" ","price":6.75},{"type":"A","date":"2018-05-04T07:52:07.000Z","volume":2000,"label":" ","price":6.75},{"type":"A","date":"2018-05-04T07:52:11.000Z","volume":2000,"label":" ","price":6.75},{"type":"A","date":"2018-05-04T07:52:40.000Z","volume":6000,"label":" ","price":6.75},{"type":"A","date":"2018-05-04T07:52:47.000Z","volume":2000,"label":" ","price":6.75},{"type":"B","date":"2018-05-04T07:52:50.000Z","volume":18000,"label":" ","price":6.74},{"type":"B","date":"2018-05-04T07:52:50.000Z","volume":2000,"label":" ","price":6.73},{"type":"B","date":"2018-05-04T07:53:01.000Z","volume":2000,"label":" ","price":6.73},{"type":"A","date":"2018-05-04T07:53:44.000Z","volume":4000,"label":" ","price":6.74},{"type":"A","date":"2018-05-04T07:53:57.000Z","volume":2000,"label":" ","price":6.74},{"type":"B","date":"2018-05-04T07:54:04.000Z","volume":32000,"label":" ","price":6.73},{"type":"B","date":"2018-05-04T07:54:04.000Z","volume":110000,"label":" ","price":6.72},{"type":"B","date":"2018-05-04T07:54:04.000Z","volume":148000,"label":" ","price":6.71},{"type":"B","date":"2018-05-04T07:54:04.000Z","volume":310000,"label":" ","price":6.7},{"type":"A","date":"2018-05-04T07:54:04.000Z","volume":4000,"label":"Y","price":6.73},{"type":"U","date":"2018-05-04T07:54:05.000Z","volume":4000,"label":" ","price":6.72},{"type":"A","date":"2018-05-04T07:54:08.000Z","volume":20000,"label":"Y","price":6.72},{"type":"A","date":"2018-05-04T07:54:08.000Z","volume":6000,"label":" ","price":6.72},{"type":"A","date":"2018-05-04T07:54:09.000Z","volume":6000,"label":" ","price":6.73},{"type":"B","date":"2018-05-04T07:54:32.000Z","volume":2000,"label":" ","price":6.72},{"type":"B","date":"2018-05-04T07:54:34.000Z","volume":8000,"label":" ","price":6.72},{"type":"A","date":"2018-05-04T07:54:58.000Z","volume":32000,"label":" ","price":6.72},{"type":"B","date":"2018-05-04T07:55:09.000Z","volume":4000,"label":" ","price":6.72},{"type":"A","date":"2018-05-04T07:55:09.000Z","volume":10000,"label":" ","price":6.73},{"type":"B","date":"2018-05-04T07:55:17.000Z","volume":6000,"label":" ","price":6.72},{"type":"A","date":"2018-05-04T07:55:45.000Z","volume":4000,"label":" ","price":6.73},{"type":"A","date":"2018-05-04T07:55:56.000Z","volume":10000,"label":" ","price":6.73},{"type":"B","date":"2018-05-04T07:55:57.000Z","volume":2000,"label":" ","price":6.72},{"type":"A","date":"2018-05-04T07:56:19.000Z","volume":4000,"label":" ","price":6.73},{"type":"B","date":"2018-05-04T07:56:19.000Z","volume":2000,"label":" ","price":6.72},{"type":"B","date":"2018-05-04T07:56:25.000Z","volume":2000,"label":" ","price":6.72},{"type":"B","date":"2018-05-04T07:56:41.000Z","volume":8000,"label":" ","price":6.72},{"type":"A","date":"2018-05-04T07:56:54.000Z","volume":4000,"label":" ","price":6.73},{"type":"A","date":"2018-05-04T07:56:54.000Z","volume":34000,"label":" ","price":6.73},{"type":"A","date":"2018-05-04T07:57:19.000Z","volume":2000,"label":" ","price":6.75},{"type":"A","date":"2018-05-04T07:57:26.000Z","volume":4000,"label":" ","price":6.75},{"type":"A","date":"2018-05-04T07:57:44.000Z","volume":2000,"label":" ","price":6.75},{"type":"A","date":"2018-05-04T07:57:59.000Z","volume":6000,"label":" ","price":6.75},{"type":"A","date":"2018-05-04T07:58:00.000Z","volume":2000,"label":" ","price":6.75},{"type":"A","date":"2018-05-04T07:58:24.000Z","volume":2000,"label":" ","price":6.75},{"type":"B","date":"2018-05-04T07:58:25.000Z","volume":2000,"label":" ","price":6.74},{"type":"A","date":"2018-05-04T07:58:36.000Z","volume":4000,"label":" ","price":6.75},{"type":"A","date":"2018-05-04T07:58:40.000Z","volume":2000,"label":" ","price":6.75},{"type":"A","date":"2018-05-04T07:59:02.000Z","volume":2000,"label":" ","price":6.75},{"type":"A","date":"2018-05-04T07:59:02.000Z","volume":2000,"label":" ","price":6.75},{"type":"A","date":"2018-05-04T07:59:04.000Z","volume":2000,"label":" ","price":6.75},{"type":"B","date":"2018-05-04T07:59:06.000Z","volume":2000,"label":" ","price":6.74},{"type":"A","date":"2018-05-04T07:59:11.000Z","volume":4000,"label":" ","price":6.75},{"type":"A","date":"2018-05-04T07:59:14.000Z","volume":2000,"label":" ","price":6.75},{"type":"A","date":"2018-05-04T07:59:17.000Z","volume":2000,"label":" ","price":6.75},{"type":"B","date":"2018-05-04T07:59:17.000Z","volume":4000,"label":" ","price":6.74},{"type":"A","date":"2018-05-04T07:59:25.000Z","volume":2000,"label":" ","price":6.75},{"type":"B","date":"2018-05-04T07:59:30.000Z","volume":6000,"label":" ","price":6.74},{"type":"B","date":"2018-05-04T07:59:30.000Z","volume":2000,"label":" ","price":6.74},{"type":"A","date":"2018-05-04T07:59:37.000Z","volume":8000,"label":" ","price":6.75},{"type":"A","date":"2018-05-04T07:59:39.000Z","volume":8000,"label":" ","price":6.75},{"type":"B","date":"2018-05-04T07:59:43.000Z","volume":2000,"label":" ","price":6.74},{"type":"A","date":"2018-05-04T07:59:50.000Z","volume":2000,"label":" ","price":6.75},{"type":"A","date":"2018-05-04T07:59:50.000Z","volume":2000,"label":" ","price":6.75},{"type":"U","date":"2018-05-04T08:08:57.000Z","volume":600000,"label":"U","price":6.75}]