[{"type":"A","date":"2018-04-09T01:54:16.000Z","volume":40000,"label":" ","price":0.41},{"type":"A","date":"2018-04-09T03:31:54.000Z","volume":2000,"label":" ","price":0.415},{"type":"A","date":"2018-04-09T03:32:09.000Z","volume":172000,"label":" ","price":0.415},{"type":"A","date":"2018-04-09T03:33:00.000Z","volume":48000,"label":" ","price":0.42},{"type":"A","date":"2018-04-09T03:33:00.000Z","volume":72000,"label":" ","price":0.425},{"type":"A","date":"2018-04-09T03:34:01.000Z","volume":100000,"label":" ","price":0.425},{"type":"A","date":"2018-04-09T03:34:23.000Z","volume":40000,"label":" ","price":0.425},{"type":"A","date":"2018-04-09T03:34:26.000Z","volume":88000,"label":" ","price":0.425},{"type":"A","date":"2018-04-09T03:34:51.000Z","volume":6000,"label":" ","price":0.43},{"type":"A","date":"2018-04-09T03:34:51.000Z","volume":14000,"label":" ","price":0.44},{"type":"A","date":"2018-04-09T05:02:39.000Z","volume":250000,"label":" ","price":0.43},{"type":"A","date":"2018-04-09T05:10:59.000Z","volume":100000,"label":" ","price":0.43},{"type":"B","date":"2018-04-09T05:35:23.000Z","volume":170000,"label":" ","price":0.41},{"type":"B","date":"2018-04-09T05:37:32.000Z","volume":100000,"label":" ","price":0.415},{"type":"U","date":"2018-04-09T06:02:57.000Z","volume":100,"label":"D","price":0.435},{"type":"B","date":"2018-04-09T06:21:24.000Z","volume":88000,"label":" ","price":0.415},{"type":"U","date":"2018-04-09T07:01:05.000Z","volume":5,"label":"D","price":0.415},{"type":"A","date":"2018-04-09T07:33:06.000Z","volume":174000,"label":" ","price":0.425},{"type":"A","date":"2018-04-09T07:33:06.000Z","volume":1126000,"label":" ","price":0.43},{"type":"A","date":"2018-04-09T07:33:20.000Z","volume":142000,"label":" ","price":0.43},{"type":"A","date":"2018-04-09T07:33:20.000Z","volume":58000,"label":" ","price":0.435},{"type":"A","date":"2018-04-09T07:36:46.000Z","volume":1500000,"label":" ","price":0.425},{"type":"A","date":"2018-04-09T07:36:53.000Z","volume":100000,"label":" ","price":0.425},{"type":"A","date":"2018-04-09T07:37:13.000Z","volume":300000,"label":" ","price":0.425},{"type":"A","date":"2018-04-09T07:37:37.000Z","volume":266000,"label":" ","price":0.425},{"type":"A","date":"2018-04-09T07:37:49.000Z","volume":2000000,"label":" ","price":0.43},{"type":"A","date":"2018-04-09T07:38:06.000Z","volume":6000,"label":" ","price":0.43},{"type":"A","date":"2018-04-09T07:38:06.000Z","volume":142000,"label":" ","price":0.435},{"type":"B","date":"2018-04-09T07:38:49.000Z","volume":60000,"label":" ","price":0.435},{"type":"A","date":"2018-04-09T07:39:25.000Z","volume":3000000,"label":" ","price":0.44},{"type":"A","date":"2018-04-09T07:40:09.000Z","volume":274000,"label":" ","price":0.44},{"type":"A","date":"2018-04-09T07:40:09.000Z","volume":1726000,"label":" ","price":0.445},{"type":"A","date":"2018-04-09T07:41:27.000Z","volume":300000,"label":" ","price":0.445},{"type":"A","date":"2018-04-09T07:41:31.000Z","volume":200000,"label":" ","price":0.445},{"type":"A","date":"2018-04-09T07:41:37.000Z","volume":16000,"label":" ","price":0.445},{"type":"B","date":"2018-04-09T07:44:36.000Z","volume":40000,"label":" ","price":0.445},{"type":"A","date":"2018-04-09T07:46:45.000Z","volume":160000,"label":" ","price":0.45},{"type":"B","date":"2018-04-09T07:47:49.000Z","volume":400000,"label":" ","price":0.445},{"type":"A","date":"2018-04-09T07:48:06.000Z","volume":124000,"label":" ","price":0.45},{"type":"A","date":"2018-04-09T07:50:22.000Z","volume":1418000,"label":" ","price":0.45},{"type":"B","date":"2018-04-09T07:51:08.000Z","volume":130000,"label":" ","price":0.45},{"type":"B","date":"2018-04-09T07:51:17.000Z","volume":100000,"label":" ","price":0.45},{"type":"B","date":"2018-04-09T07:51:29.000Z","volume":12000,"label":" ","price":0.45},{"type":"B","date":"2018-04-09T07:54:21.000Z","volume":4000,"label":"Y","price":0.45},{"type":"B","date":"2018-04-09T07:55:11.000Z","volume":8000,"label":" ","price":0.45},{"type":"A","date":"2018-04-09T07:57:27.000Z","volume":50000,"label":" ","price":0.455},{"type":"A","date":"2018-04-09T07:57:45.000Z","volume":100000,"label":" ","price":0.455},{"type":"A","date":"2018-04-09T07:57:46.000Z","volume":100000,"label":" ","price":0.455},{"type":"B","date":"2018-04-09T07:57:46.000Z","volume":170000,"label":" ","price":0.45},{"type":"A","date":"2018-04-09T07:58:09.000Z","volume":8000,"label":" ","price":0.455},{"type":"A","date":"2018-04-09T07:59:50.000Z","volume":30000,"label":" ","price":0.455}]