[{"type":"B","date":"2018-03-21T01:32:13.000Z","volume":40000,"label":" ","price":0.86},{"type":"B","date":"2018-03-21T01:35:23.000Z","volume":40000,"label":" ","price":0.86},{"type":"A","date":"2018-03-21T01:36:17.000Z","volume":4000,"label":" ","price":0.87},{"type":"A","date":"2018-03-21T01:37:07.000Z","volume":80000,"label":" ","price":0.87},{"type":"A","date":"2018-03-21T01:38:42.000Z","volume":52000,"label":" ","price":0.87},{"type":"A","date":"2018-03-21T01:47:19.000Z","volume":40000,"label":" ","price":0.87},{"type":"B","date":"2018-03-21T01:49:18.000Z","volume":16000,"label":" ","price":0.86},{"type":"B","date":"2018-03-21T01:52:30.000Z","volume":212000,"label":" ","price":0.86},{"type":"B","date":"2018-03-21T01:55:19.000Z","volume":20000,"label":" ","price":0.86},{"type":"A","date":"2018-03-21T01:57:20.000Z","volume":568000,"label":" ","price":0.87},{"type":"A","date":"2018-03-21T02:04:37.000Z","volume":12000,"label":" ","price":0.87},{"type":"A","date":"2018-03-21T02:05:11.000Z","volume":40000,"label":" ","price":0.87},{"type":"B","date":"2018-03-21T02:10:34.000Z","volume":20000,"label":" ","price":0.86},{"type":"A","date":"2018-03-21T02:17:59.000Z","volume":4000,"label":" ","price":0.87},{"type":"A","date":"2018-03-21T02:20:51.000Z","volume":24000,"label":" ","price":0.87},{"type":"A","date":"2018-03-21T02:24:12.000Z","volume":20000,"label":" ","price":0.87},{"type":"A","date":"2018-03-21T02:29:07.000Z","volume":24000,"label":" ","price":0.87},{"type":"B","date":"2018-03-21T02:34:10.000Z","volume":20000,"label":" ","price":0.86},{"type":"A","date":"2018-03-21T02:35:34.000Z","volume":12000,"label":" ","price":0.87},{"type":"A","date":"2018-03-21T02:51:35.000Z","volume":60000,"label":" ","price":0.87},{"type":"A","date":"2018-03-21T03:04:49.000Z","volume":20000,"label":" ","price":0.87},{"type":"B","date":"2018-03-21T03:10:10.000Z","volume":20000,"label":" ","price":0.86},{"type":"A","date":"2018-03-21T03:11:15.000Z","volume":556000,"label":" ","price":0.87},{"type":"A","date":"2018-03-21T03:11:19.000Z","volume":1100000,"label":" ","price":0.88},{"type":"A","date":"2018-03-21T03:11:22.000Z","volume":72000,"label":" ","price":0.88},{"type":"A","date":"2018-03-21T03:11:35.000Z","volume":1080000,"label":" ","price":0.89},{"type":"A","date":"2018-03-21T03:11:37.000Z","volume":500000,"label":" ","price":0.89},{"type":"A","date":"2018-03-21T03:11:39.000Z","volume":24000,"label":" ","price":0.89},{"type":"B","date":"2018-03-21T03:11:39.000Z","volume":36000,"label":" ","price":0.89},{"type":"A","date":"2018-03-21T03:11:45.000Z","volume":500000,"label":" ","price":0.9},{"type":"A","date":"2018-03-21T03:11:48.000Z","volume":500000,"label":" ","price":0.9},{"type":"A","date":"2018-03-21T03:11:48.000Z","volume":40000,"label":" ","price":0.9},{"type":"A","date":"2018-03-21T03:11:49.000Z","volume":768000,"label":" ","price":0.9},{"type":"B","date":"2018-03-21T03:11:51.000Z","volume":52000,"label":" ","price":0.9},{"type":"A","date":"2018-03-21T03:11:52.000Z","volume":8000,"label":" ","price":0.9},{"type":"B","date":"2018-03-21T03:11:53.000Z","volume":20000,"label":" ","price":0.9},{"type":"B","date":"2018-03-21T03:11:54.000Z","volume":72000,"label":" ","price":0.9},{"type":"A","date":"2018-03-21T03:11:59.000Z","volume":8000,"label":" ","price":0.9},{"type":"A","date":"2018-03-21T03:11:59.000Z","volume":156000,"label":" ","price":0.91},{"type":"B","date":"2018-03-21T03:12:01.000Z","volume":32000,"label":" ","price":0.9},{"type":"A","date":"2018-03-21T03:12:14.000Z","volume":100000,"label":" ","price":0.9},{"type":"A","date":"2018-03-21T03:12:21.000Z","volume":300000,"label":" ","price":0.9},{"type":"A","date":"2018-03-21T03:12:25.000Z","volume":76000,"label":" ","price":0.9},{"type":"A","date":"2018-03-21T03:12:29.000Z","volume":200000,"label":" ","price":0.91},{"type":"B","date":"2018-03-21T03:12:35.000Z","volume":20000,"label":"Y","price":0.9},{"type":"B","date":"2018-03-21T03:12:35.000Z","volume":40000,"label":" ","price":0.9},{"type":"A","date":"2018-03-21T03:12:36.000Z","volume":100000,"label":" ","price":0.9},{"type":"A","date":"2018-03-21T03:12:36.000Z","volume":40000,"label":" ","price":0.9},{"type":"B","date":"2018-03-21T03:12:44.000Z","volume":20000,"label":" ","price":0.9},{"type":"B","date":"2018-03-21T03:12:51.000Z","volume":88000,"label":" ","price":0.9},{"type":"B","date":"2018-03-21T03:12:55.000Z","volume":172000,"label":" ","price":0.9},{"type":"A","date":"2018-03-21T03:12:56.000Z","volume":100000,"label":" ","price":0.9},{"type":"A","date":"2018-03-21T03:12:57.000Z","volume":40000,"label":" ","price":0.9},{"type":"A","date":"2018-03-21T03:13:01.000Z","volume":200000,"label":" ","price":0.9},{"type":"A","date":"2018-03-21T03:13:01.000Z","volume":108000,"label":" ","price":0.9},{"type":"A","date":"2018-03-21T03:13:17.000Z","volume":36000,"label":" ","price":0.9},{"type":"A","date":"2018-03-21T03:13:22.000Z","volume":20000,"label":" ","price":0.9},{"type":"A","date":"2018-03-21T03:13:29.000Z","volume":200000,"label":" ","price":0.9},{"type":"A","date":"2018-03-21T03:13:29.000Z","volume":200000,"label":" ","price":0.9},{"type":"A","date":"2018-03-21T03:13:36.000Z","volume":100000,"label":" ","price":0.9},{"type":"A","date":"2018-03-21T03:13:40.000Z","volume":20000,"label":" ","price":0.9},{"type":"A","date":"2018-03-21T03:13:42.000Z","volume":24000,"label":" ","price":0.9},{"type":"B","date":"2018-03-21T03:13:42.000Z","volume":32000,"label":" ","price":0.9},{"type":"B","date":"2018-03-21T03:13:47.000Z","volume":4000,"label":" ","price":0.9},{"type":"A","date":"2018-03-21T03:13:50.000Z","volume":12000,"label":" ","price":0.9},{"type":"B","date":"2018-03-21T03:13:50.000Z","volume":20000,"label":" ","price":0.9},{"type":"B","date":"2018-03-21T03:13:55.000Z","volume":32000,"label":" ","price":0.9},{"type":"B","date":"2018-03-21T03:13:55.000Z","volume":28000,"label":" ","price":0.9},{"type":"B","date":"2018-03-21T03:14:00.000Z","volume":100000,"label":" ","price":0.9},{"type":"B","date":"2018-03-21T03:14:05.000Z","volume":200000,"label":" ","price":0.9},{"type":"B","date":"2018-03-21T03:14:35.000Z","volume":12000,"label":" ","price":0.89},{"type":"B","date":"2018-03-21T03:14:36.000Z","volume":52000,"label":" ","price":0.89},{"type":"B","date":"2018-03-21T03:14:55.000Z","volume":160000,"label":" ","price":0.89},{"type":"A","date":"2018-03-21T03:15:05.000Z","volume":4000,"label":" ","price":0.89},{"type":"B","date":"2018-03-21T03:15:23.000Z","volume":4000,"label":" ","price":0.89},{"type":"B","date":"2018-03-21T03:15:27.000Z","volume":80000,"label":" ","price":0.89},{"type":"B","date":"2018-03-21T03:15:30.000Z","volume":24000,"label":" ","price":0.89},{"type":"A","date":"2018-03-21T03:15:33.000Z","volume":76000,"label":" ","price":0.89},{"type":"A","date":"2018-03-21T03:15:36.000Z","volume":200000,"label":" ","price":0.9},{"type":"B","date":"2018-03-21T03:15:44.000Z","volume":4000,"label":" ","price":0.89},{"type":"B","date":"2018-03-21T03:15:54.000Z","volume":4000,"label":" ","price":0.89},{"type":"A","date":"2018-03-21T03:15:57.000Z","volume":100000,"label":" ","price":0.9},{"type":"A","date":"2018-03-21T03:16:28.000Z","volume":20000,"label":" ","price":0.9},{"type":"A","date":"2018-03-21T03:17:05.000Z","volume":40000,"label":" ","price":0.9},{"type":"A","date":"2018-03-21T03:18:04.000Z","volume":20000,"label":" ","price":0.9},{"type":"B","date":"2018-03-21T03:19:25.000Z","volume":4000,"label":" ","price":0.89},{"type":"B","date":"2018-03-21T03:20:01.000Z","volume":320000,"label":" ","price":0.89},{"type":"B","date":"2018-03-21T03:20:06.000Z","volume":100000,"label":" ","price":0.89},{"type":"B","date":"2018-03-21T03:20:07.000Z","volume":4000,"label":" ","price":0.89},{"type":"A","date":"2018-03-21T03:21:33.000Z","volume":20000,"label":" ","price":0.89},{"type":"A","date":"2018-03-21T03:22:31.000Z","volume":20000,"label":" ","price":0.89},{"type":"A","date":"2018-03-21T03:22:59.000Z","volume":108000,"label":" ","price":0.89},{"type":"A","date":"2018-03-21T03:23:05.000Z","volume":60000,"label":" ","price":0.89},{"type":"A","date":"2018-03-21T03:27:44.000Z","volume":80000,"label":" ","price":0.89},{"type":"A","date":"2018-03-21T03:28:45.000Z","volume":144000,"label":" ","price":0.89},{"type":"B","date":"2018-03-21T03:28:45.000Z","volume":4000,"label":" ","price":0.89},{"type":"B","date":"2018-03-21T03:28:48.000Z","volume":52000,"label":" ","price":0.89},{"type":"A","date":"2018-03-21T03:29:09.000Z","volume":400000,"label":" ","price":0.9},{"type":"A","date":"2018-03-21T03:29:40.000Z","volume":20000,"label":" ","price":0.9},{"type":"A","date":"2018-03-21T03:30:37.000Z","volume":40000,"label":" ","price":0.9},{"type":"A","date":"2018-03-21T03:31:40.000Z","volume":8000,"label":" ","price":0.9},{"type":"B","date":"2018-03-21T03:34:19.000Z","volume":20000,"label":" ","price":0.89},{"type":"B","date":"2018-03-21T03:35:18.000Z","volume":376000,"label":" ","price":0.89},{"type":"B","date":"2018-03-21T03:35:22.000Z","volume":100000,"label":" ","price":0.89},{"type":"B","date":"2018-03-21T03:35:22.000Z","volume":8000,"label":" ","price":0.89},{"type":"B","date":"2018-03-21T03:37:30.000Z","volume":40000,"label":" ","price":0.89},{"type":"A","date":"2018-03-21T03:37:36.000Z","volume":4000,"label":" ","price":0.89},{"type":"A","date":"2018-03-21T03:37:43.000Z","volume":8000,"label":" ","price":0.9},{"type":"A","date":"2018-03-21T03:40:38.000Z","volume":20000,"label":" ","price":0.89},{"type":"A","date":"2018-03-21T03:40:55.000Z","volume":32000,"label":" ","price":0.89},{"type":"A","date":"2018-03-21T03:41:02.000Z","volume":8000,"label":" ","price":0.89},{"type":"A","date":"2018-03-21T03:41:08.000Z","volume":4000,"label":" ","price":0.89},{"type":"B","date":"2018-03-21T03:44:09.000Z","volume":4000,"label":" ","price":0.88},{"type":"B","date":"2018-03-21T03:52:18.000Z","volume":4000,"label":" ","price":0.88},{"type":"B","date":"2018-03-21T03:57:00.000Z","volume":200000,"label":" ","price":0.88},{"type":"B","date":"2018-03-21T03:57:00.000Z","volume":52000,"label":" ","price":0.88},{"type":"B","date":"2018-03-21T03:57:56.000Z","volume":56000,"label":" ","price":0.88},{"type":"B","date":"2018-03-21T03:58:21.000Z","volume":100000,"label":" ","price":0.88},{"type":"B","date":"2018-03-21T03:59:37.000Z","volume":40000,"label":" ","price":0.88},{"type":"B","date":"2018-03-21T05:05:10.000Z","volume":12000,"label":" ","price":0.88},{"type":"A","date":"2018-03-21T05:11:42.000Z","volume":500000,"label":" ","price":0.89},{"type":"A","date":"2018-03-21T05:11:42.000Z","volume":212000,"label":" ","price":0.89},{"type":"B","date":"2018-03-21T05:12:04.000Z","volume":36000,"label":" ","price":0.89},{"type":"B","date":"2018-03-21T05:12:06.000Z","volume":64000,"label":"Y","price":0.89},{"type":"A","date":"2018-03-21T05:12:24.000Z","volume":40000,"label":" ","price":0.89},{"type":"A","date":"2018-03-21T05:12:37.000Z","volume":100000,"label":" ","price":0.89},{"type":"A","date":"2018-03-21T05:14:04.000Z","volume":16000,"label":" ","price":0.89},{"type":"A","date":"2018-03-21T05:14:09.000Z","volume":8000,"label":"Y","price":0.89},{"type":"A","date":"2018-03-21T05:14:14.000Z","volume":100000,"label":" ","price":0.9},{"type":"A","date":"2018-03-21T05:14:26.000Z","volume":80000,"label":" ","price":0.9},{"type":"A","date":"2018-03-21T05:14:30.000Z","volume":1200000,"label":" ","price":0.9},{"type":"A","date":"2018-03-21T05:14:31.000Z","volume":52000,"label":" ","price":0.9},{"type":"A","date":"2018-03-21T05:14:31.000Z","volume":76000,"label":" ","price":0.9},{"type":"A","date":"2018-03-21T05:14:34.000Z","volume":16000,"label":" ","price":0.9},{"type":"A","date":"2018-03-21T05:14:45.000Z","volume":2000000,"label":" ","price":0.91},{"type":"A","date":"2018-03-21T05:14:45.000Z","volume":200000,"label":" ","price":0.91},{"type":"A","date":"2018-03-21T05:14:46.000Z","volume":12000,"label":" ","price":0.91},{"type":"B","date":"2018-03-21T05:14:49.000Z","volume":80000,"label":" ","price":0.91},{"type":"B","date":"2018-03-21T05:15:03.000Z","volume":500000,"label":" ","price":0.91},{"type":"B","date":"2018-03-21T05:15:04.000Z","volume":20000,"label":" ","price":0.91},{"type":"B","date":"2018-03-21T05:15:04.000Z","volume":40000,"label":" ","price":0.91},{"type":"A","date":"2018-03-21T05:15:10.000Z","volume":16000,"label":" ","price":0.91},{"type":"B","date":"2018-03-21T05:15:12.000Z","volume":100000,"label":" ","price":0.91},{"type":"A","date":"2018-03-21T05:15:15.000Z","volume":300000,"label":" ","price":0.92},{"type":"B","date":"2018-03-21T05:15:19.000Z","volume":24000,"label":" ","price":0.91},{"type":"A","date":"2018-03-21T05:15:37.000Z","volume":28000,"label":" ","price":0.91},{"type":"A","date":"2018-03-21T05:15:40.000Z","volume":500000,"label":" ","price":0.92},{"type":"A","date":"2018-03-21T05:15:49.000Z","volume":200000,"label":" ","price":0.92},{"type":"A","date":"2018-03-21T05:15:50.000Z","volume":200000,"label":" ","price":0.92},{"type":"A","date":"2018-03-21T05:15:50.000Z","volume":20000,"label":" ","price":0.92},{"type":"A","date":"2018-03-21T05:15:51.000Z","volume":400000,"label":" ","price":0.92},{"type":"A","date":"2018-03-21T05:15:51.000Z","volume":104000,"label":" ","price":0.92},{"type":"A","date":"2018-03-21T05:15:52.000Z","volume":4000,"label":" ","price":0.92},{"type":"A","date":"2018-03-21T05:15:52.000Z","volume":12000,"label":" ","price":0.92},{"type":"A","date":"2018-03-21T05:15:52.000Z","volume":100000,"label":" ","price":0.92},{"type":"A","date":"2018-03-21T05:15:57.000Z","volume":300000,"label":" ","price":0.92},{"type":"A","date":"2018-03-21T05:16:07.000Z","volume":40000,"label":" ","price":0.92},{"type":"A","date":"2018-03-21T05:16:10.000Z","volume":40000,"label":" ","price":0.92},{"type":"A","date":"2018-03-21T05:17:04.000Z","volume":80000,"label":" ","price":0.92},{"type":"A","date":"2018-03-21T05:17:05.000Z","volume":60000,"label":" ","price":0.92},{"type":"A","date":"2018-03-21T05:17:51.000Z","volume":764000,"label":" ","price":0.92},{"type":"B","date":"2018-03-21T05:17:53.000Z","volume":100000,"label":" ","price":0.92},{"type":"B","date":"2018-03-21T05:17:53.000Z","volume":36000,"label":" ","price":0.92},{"type":"B","date":"2018-03-21T05:18:01.000Z","volume":100000,"label":" ","price":0.92},{"type":"A","date":"2018-03-21T05:18:22.000Z","volume":148000,"label":" ","price":0.92},{"type":"A","date":"2018-03-21T05:19:15.000Z","volume":4000,"label":" ","price":0.92},{"type":"B","date":"2018-03-21T05:19:46.000Z","volume":1400000,"label":" ","price":0.91},{"type":"B","date":"2018-03-21T05:19:46.000Z","volume":12000,"label":" ","price":0.91},{"type":"A","date":"2018-03-21T05:19:46.000Z","volume":12000,"label":" ","price":0.91},{"type":"A","date":"2018-03-21T05:19:46.000Z","volume":108000,"label":" ","price":0.92},{"type":"A","date":"2018-03-21T05:20:34.000Z","volume":4000,"label":" ","price":0.91},{"type":"A","date":"2018-03-21T05:21:36.000Z","volume":104000,"label":" ","price":0.91},{"type":"A","date":"2018-03-21T05:21:46.000Z","volume":16000,"label":" ","price":0.91},{"type":"B","date":"2018-03-21T05:21:53.000Z","volume":4000,"label":" ","price":0.91},{"type":"A","date":"2018-03-21T05:23:12.000Z","volume":16000,"label":" ","price":0.91},{"type":"A","date":"2018-03-21T05:23:41.000Z","volume":100000,"label":" ","price":0.91},{"type":"B","date":"2018-03-21T05:23:53.000Z","volume":600000,"label":" ","price":0.9},{"type":"B","date":"2018-03-21T05:23:53.000Z","volume":24000,"label":" ","price":0.9},{"type":"A","date":"2018-03-21T05:24:02.000Z","volume":20000,"label":" ","price":0.9},{"type":"A","date":"2018-03-21T05:24:30.000Z","volume":20000,"label":" ","price":0.9},{"type":"B","date":"2018-03-21T05:25:05.000Z","volume":32000,"label":" ","price":0.89},{"type":"A","date":"2018-03-21T05:25:29.000Z","volume":100000,"label":" ","price":0.9},{"type":"A","date":"2018-03-21T05:27:48.000Z","volume":36000,"label":" ","price":0.9},{"type":"A","date":"2018-03-21T05:29:21.000Z","volume":40000,"label":" ","price":0.9},{"type":"A","date":"2018-03-21T05:32:15.000Z","volume":4000,"label":" ","price":0.9},{"type":"A","date":"2018-03-21T05:32:27.000Z","volume":100000,"label":" ","price":0.9},{"type":"A","date":"2018-03-21T05:32:38.000Z","volume":12000,"label":" ","price":0.9},{"type":"A","date":"2018-03-21T05:32:51.000Z","volume":4000,"label":" ","price":0.9},{"type":"A","date":"2018-03-21T05:33:08.000Z","volume":200000,"label":" ","price":0.9},{"type":"A","date":"2018-03-21T05:33:19.000Z","volume":8000,"label":" ","price":0.9},{"type":"A","date":"2018-03-21T05:34:54.000Z","volume":200000,"label":" ","price":0.9},{"type":"A","date":"2018-03-21T05:38:03.000Z","volume":40000,"label":" ","price":0.9},{"type":"A","date":"2018-03-21T05:53:00.000Z","volume":36000,"label":" ","price":0.9},{"type":"A","date":"2018-03-21T05:55:40.000Z","volume":16000,"label":" ","price":0.9},{"type":"A","date":"2018-03-21T06:10:26.000Z","volume":20000,"label":" ","price":0.9},{"type":"B","date":"2018-03-21T06:18:27.000Z","volume":1016000,"label":" ","price":0.89},{"type":"B","date":"2018-03-21T06:18:31.000Z","volume":1248000,"label":" ","price":0.88},{"type":"B","date":"2018-03-21T06:18:33.000Z","volume":2000000,"label":" ","price":0.87},{"type":"B","date":"2018-03-21T06:18:33.000Z","volume":84000,"label":" ","price":0.87},{"type":"B","date":"2018-03-21T06:18:35.000Z","volume":1868000,"label":" ","price":0.86},{"type":"B","date":"2018-03-21T06:18:35.000Z","volume":100000,"label":" ","price":0.86},{"type":"A","date":"2018-03-21T06:18:38.000Z","volume":36000,"label":" ","price":0.87},{"type":"B","date":"2018-03-21T06:18:46.000Z","volume":152000,"label":" ","price":0.86},{"type":"A","date":"2018-03-21T06:18:47.000Z","volume":48000,"label":" ","price":0.86},{"type":"B","date":"2018-03-21T06:18:51.000Z","volume":40000,"label":" ","price":0.86},{"type":"B","date":"2018-03-21T06:18:54.000Z","volume":500000,"label":" ","price":0.86},{"type":"B","date":"2018-03-21T06:18:54.000Z","volume":12000,"label":" ","price":0.86},{"type":"A","date":"2018-03-21T06:19:05.000Z","volume":32000,"label":" ","price":0.86},{"type":"B","date":"2018-03-21T06:19:09.000Z","volume":20000,"label":" ","price":0.86},{"type":"A","date":"2018-03-21T06:19:18.000Z","volume":52000,"label":" ","price":0.86},{"type":"B","date":"2018-03-21T06:19:25.000Z","volume":100000,"label":" ","price":0.86},{"type":"B","date":"2018-03-21T06:19:25.000Z","volume":12000,"label":" ","price":0.86},{"type":"B","date":"2018-03-21T06:19:38.000Z","volume":84000,"label":" ","price":0.86},{"type":"B","date":"2018-03-21T06:19:38.000Z","volume":84000,"label":" ","price":0.86},{"type":"A","date":"2018-03-21T06:20:52.000Z","volume":16000,"label":" ","price":0.86},{"type":"B","date":"2018-03-21T06:20:53.000Z","volume":1000000,"label":" ","price":0.85},{"type":"B","date":"2018-03-21T06:20:53.000Z","volume":468000,"label":" ","price":0.85},{"type":"B","date":"2018-03-21T06:20:54.000Z","volume":184000,"label":" ","price":0.85},{"type":"A","date":"2018-03-21T06:21:04.000Z","volume":16000,"label":" ","price":0.86},{"type":"A","date":"2018-03-21T06:21:17.000Z","volume":340000,"label":" ","price":0.86},{"type":"B","date":"2018-03-21T06:21:19.000Z","volume":28000,"label":" ","price":0.86},{"type":"B","date":"2018-03-21T06:21:19.000Z","volume":132000,"label":" ","price":0.85},{"type":"A","date":"2018-03-21T06:21:32.000Z","volume":20000,"label":" ","price":0.86},{"type":"A","date":"2018-03-21T06:22:37.000Z","volume":100000,"label":" ","price":0.86},{"type":"A","date":"2018-03-21T06:23:40.000Z","volume":8000,"label":" ","price":0.86},{"type":"A","date":"2018-03-21T06:24:35.000Z","volume":40000,"label":"Y","price":0.86},{"type":"A","date":"2018-03-21T06:25:15.000Z","volume":20000,"label":" ","price":0.86},{"type":"A","date":"2018-03-21T06:25:36.000Z","volume":152000,"label":" ","price":0.86},{"type":"A","date":"2018-03-21T06:26:04.000Z","volume":100000,"label":" ","price":0.86},{"type":"A","date":"2018-03-21T06:26:07.000Z","volume":44000,"label":" ","price":0.86},{"type":"B","date":"2018-03-21T06:26:14.000Z","volume":56000,"label":" ","price":0.86},{"type":"A","date":"2018-03-21T06:26:18.000Z","volume":40000,"label":" ","price":0.86},{"type":"A","date":"2018-03-21T06:27:43.000Z","volume":40000,"label":" ","price":0.86},{"type":"A","date":"2018-03-21T06:28:34.000Z","volume":8000,"label":" ","price":0.86},{"type":"A","date":"2018-03-21T06:28:37.000Z","volume":48000,"label":" ","price":0.86},{"type":"A","date":"2018-03-21T06:31:50.000Z","volume":20000,"label":" ","price":0.86},{"type":"A","date":"2018-03-21T06:32:40.000Z","volume":8000,"label":" ","price":0.86},{"type":"A","date":"2018-03-21T06:34:57.000Z","volume":4000,"label":" ","price":0.86},{"type":"A","date":"2018-03-21T06:35:10.000Z","volume":40000,"label":" ","price":0.86},{"type":"A","date":"2018-03-21T06:35:39.000Z","volume":400000,"label":" ","price":0.86},{"type":"A","date":"2018-03-21T06:36:02.000Z","volume":4000,"label":" ","price":0.86},{"type":"A","date":"2018-03-21T06:36:37.000Z","volume":4000,"label":" ","price":0.86},{"type":"A","date":"2018-03-21T06:36:58.000Z","volume":52000,"label":" ","price":0.86},{"type":"A","date":"2018-03-21T06:37:13.000Z","volume":20000,"label":" ","price":0.86},{"type":"B","date":"2018-03-21T06:38:11.000Z","volume":1100000,"label":" ","price":0.85},{"type":"B","date":"2018-03-21T06:38:33.000Z","volume":400000,"label":" ","price":0.85},{"type":"B","date":"2018-03-21T06:38:33.000Z","volume":152000,"label":" ","price":0.85},{"type":"B","date":"2018-03-21T06:38:34.000Z","volume":100000,"label":" ","price":0.85},{"type":"B","date":"2018-03-21T06:38:36.000Z","volume":500000,"label":" ","price":0.85},{"type":"B","date":"2018-03-21T06:38:36.000Z","volume":40000,"label":" ","price":0.85},{"type":"B","date":"2018-03-21T06:38:37.000Z","volume":12000,"label":" ","price":0.85},{"type":"B","date":"2018-03-21T06:38:38.000Z","volume":100000,"label":" ","price":0.85},{"type":"B","date":"2018-03-21T06:38:41.000Z","volume":40000,"label":" ","price":0.85},{"type":"A","date":"2018-03-21T06:38:43.000Z","volume":8000,"label":" ","price":0.86},{"type":"B","date":"2018-03-21T06:38:43.000Z","volume":20000,"label":" ","price":0.85},{"type":"B","date":"2018-03-21T06:38:44.000Z","volume":100000,"label":" ","price":0.85},{"type":"B","date":"2018-03-21T06:38:44.000Z","volume":256000,"label":" ","price":0.85},{"type":"A","date":"2018-03-21T06:39:33.000Z","volume":8000,"label":" ","price":0.85},{"type":"B","date":"2018-03-21T06:39:56.000Z","volume":100000,"label":" ","price":0.84},{"type":"B","date":"2018-03-21T06:39:57.000Z","volume":36000,"label":" ","price":0.84},{"type":"A","date":"2018-03-21T06:40:22.000Z","volume":4000,"label":" ","price":0.85},{"type":"B","date":"2018-03-21T06:42:47.000Z","volume":100000,"label":" ","price":0.84},{"type":"A","date":"2018-03-21T06:42:48.000Z","volume":20000,"label":" ","price":0.85},{"type":"B","date":"2018-03-21T06:43:07.000Z","volume":44000,"label":"Y","price":0.84},{"type":"B","date":"2018-03-21T06:43:07.000Z","volume":956000,"label":" ","price":0.84},{"type":"B","date":"2018-03-21T06:43:12.000Z","volume":32000,"label":" ","price":0.84},{"type":"B","date":"2018-03-21T06:43:13.000Z","volume":8000,"label":" ","price":0.84},{"type":"A","date":"2018-03-21T06:43:17.000Z","volume":36000,"label":" ","price":0.84},{"type":"A","date":"2018-03-21T06:43:19.000Z","volume":56000,"label":" ","price":0.84},{"type":"B","date":"2018-03-21T06:43:20.000Z","volume":12000,"label":" ","price":0.84},{"type":"B","date":"2018-03-21T06:43:24.000Z","volume":40000,"label":" ","price":0.84},{"type":"B","date":"2018-03-21T06:43:37.000Z","volume":48000,"label":" ","price":0.84},{"type":"B","date":"2018-03-21T06:43:46.000Z","volume":100000,"label":" ","price":0.84},{"type":"B","date":"2018-03-21T06:43:48.000Z","volume":40000,"label":" ","price":0.84},{"type":"B","date":"2018-03-21T06:43:53.000Z","volume":12000,"label":" ","price":0.84},{"type":"A","date":"2018-03-21T06:43:54.000Z","volume":28000,"label":" ","price":0.84},{"type":"B","date":"2018-03-21T06:44:27.000Z","volume":172000,"label":" ","price":0.84},{"type":"A","date":"2018-03-21T06:44:29.000Z","volume":20000,"label":" ","price":0.84},{"type":"A","date":"2018-03-21T06:44:34.000Z","volume":48000,"label":" ","price":0.84},{"type":"B","date":"2018-03-21T06:44:34.000Z","volume":20000,"label":" ","price":0.84},{"type":"A","date":"2018-03-21T06:45:28.000Z","volume":20000,"label":" ","price":0.84},{"type":"A","date":"2018-03-21T06:45:30.000Z","volume":4000,"label":" ","price":0.84},{"type":"B","date":"2018-03-21T06:45:31.000Z","volume":24000,"label":" ","price":0.84},{"type":"B","date":"2018-03-21T06:47:21.000Z","volume":40000,"label":" ","price":0.84},{"type":"B","date":"2018-03-21T06:48:02.000Z","volume":32000,"label":" ","price":0.84},{"type":"B","date":"2018-03-21T06:48:08.000Z","volume":40000,"label":" ","price":0.84},{"type":"B","date":"2018-03-21T06:52:22.000Z","volume":52000,"label":" ","price":0.84},{"type":"A","date":"2018-03-21T06:53:42.000Z","volume":40000,"label":" ","price":0.85},{"type":"B","date":"2018-03-21T06:53:43.000Z","volume":88000,"label":" ","price":0.84},{"type":"B","date":"2018-03-21T06:55:53.000Z","volume":60000,"label":" ","price":0.84},{"type":"A","date":"2018-03-21T06:57:38.000Z","volume":4000,"label":" ","price":0.85},{"type":"A","date":"2018-03-21T06:59:27.000Z","volume":80000,"label":" ","price":0.85},{"type":"A","date":"2018-03-21T07:04:17.000Z","volume":100000,"label":" ","price":0.85},{"type":"A","date":"2018-03-21T07:05:12.000Z","volume":116000,"label":"Y","price":0.85},{"type":"A","date":"2018-03-21T07:05:12.000Z","volume":484000,"label":" ","price":0.85},{"type":"A","date":"2018-03-21T07:05:12.000Z","volume":12000,"label":" ","price":0.85},{"type":"B","date":"2018-03-21T07:05:49.000Z","volume":100000,"label":" ","price":0.85},{"type":"A","date":"2018-03-21T07:06:59.000Z","volume":40000,"label":" ","price":0.85},{"type":"A","date":"2018-03-21T07:08:49.000Z","volume":60000,"label":" ","price":0.85},{"type":"A","date":"2018-03-21T07:09:07.000Z","volume":4000,"label":"Y","price":0.85},{"type":"B","date":"2018-03-21T07:09:08.000Z","volume":16000,"label":" ","price":0.85},{"type":"B","date":"2018-03-21T07:09:41.000Z","volume":20000,"label":" ","price":0.85},{"type":"A","date":"2018-03-21T07:10:09.000Z","volume":8000,"label":" ","price":0.85},{"type":"A","date":"2018-03-21T07:10:19.000Z","volume":20000,"label":" ","price":0.85},{"type":"A","date":"2018-03-21T07:11:03.000Z","volume":52000,"label":" ","price":0.85},{"type":"U","date":"2018-03-21T07:11:34.000Z","volume":4000,"label":" ","price":0.85},{"type":"B","date":"2018-03-21T07:11:49.000Z","volume":4000,"label":" ","price":0.85},{"type":"B","date":"2018-03-21T07:12:08.000Z","volume":4000,"label":" ","price":0.85},{"type":"U","date":"2018-03-21T07:12:34.000Z","volume":20000,"label":" ","price":0.85},{"type":"B","date":"2018-03-21T07:13:34.000Z","volume":4000,"label":" ","price":0.85},{"type":"B","date":"2018-03-21T07:13:50.000Z","volume":16000,"label":" ","price":0.85},{"type":"A","date":"2018-03-21T07:14:27.000Z","volume":140000,"label":" ","price":0.85},{"type":"B","date":"2018-03-21T07:14:45.000Z","volume":8000,"label":" ","price":0.85},{"type":"A","date":"2018-03-21T07:15:10.000Z","volume":60000,"label":" ","price":0.85},{"type":"B","date":"2018-03-21T07:15:23.000Z","volume":40000,"label":" ","price":0.84},{"type":"A","date":"2018-03-21T07:15:54.000Z","volume":56000,"label":" ","price":0.85},{"type":"B","date":"2018-03-21T07:16:35.000Z","volume":4000,"label":" ","price":0.85},{"type":"A","date":"2018-03-21T07:18:31.000Z","volume":140000,"label":" ","price":0.85},{"type":"A","date":"2018-03-21T07:19:02.000Z","volume":200000,"label":" ","price":0.85},{"type":"A","date":"2018-03-21T07:19:42.000Z","volume":40000,"label":" ","price":0.85},{"type":"A","date":"2018-03-21T07:20:14.000Z","volume":4000,"label":" ","price":0.85},{"type":"A","date":"2018-03-21T07:23:01.000Z","volume":12000,"label":"Y","price":0.85},{"type":"A","date":"2018-03-21T07:23:01.000Z","volume":48000,"label":" ","price":0.85},{"type":"A","date":"2018-03-21T07:23:45.000Z","volume":4000,"label":"Y","price":0.85},{"type":"A","date":"2018-03-21T07:24:40.000Z","volume":152000,"label":" ","price":0.85},{"type":"B","date":"2018-03-21T07:25:30.000Z","volume":4000,"label":" ","price":0.85},{"type":"A","date":"2018-03-21T07:26:34.000Z","volume":196000,"label":" ","price":0.85},{"type":"B","date":"2018-03-21T07:27:03.000Z","volume":4000,"label":" ","price":0.85},{"type":"A","date":"2018-03-21T07:27:10.000Z","volume":4000,"label":" ","price":0.85},{"type":"A","date":"2018-03-21T07:28:24.000Z","volume":48000,"label":" ","price":0.85},{"type":"A","date":"2018-03-21T07:31:19.000Z","volume":20000,"label":" ","price":0.85},{"type":"A","date":"2018-03-21T07:31:31.000Z","volume":4000,"label":" ","price":0.85},{"type":"A","date":"2018-03-21T07:32:27.000Z","volume":4000,"label":" ","price":0.85},{"type":"A","date":"2018-03-21T07:32:37.000Z","volume":60000,"label":" ","price":0.85},{"type":"B","date":"2018-03-21T07:33:01.000Z","volume":20000,"label":" ","price":0.85},{"type":"B","date":"2018-03-21T07:35:29.000Z","volume":8000,"label":" ","price":0.85},{"type":"A","date":"2018-03-21T07:36:50.000Z","volume":100000,"label":" ","price":0.85},{"type":"A","date":"2018-03-21T07:38:08.000Z","volume":180000,"label":" ","price":0.85},{"type":"A","date":"2018-03-21T07:41:41.000Z","volume":4000,"label":"Y","price":0.85},{"type":"A","date":"2018-03-21T07:41:41.000Z","volume":24000,"label":" ","price":0.85},{"type":"A","date":"2018-03-21T07:46:33.000Z","volume":92000,"label":" ","price":0.85},{"type":"A","date":"2018-03-21T07:46:59.000Z","volume":40000,"label":" ","price":0.85},{"type":"A","date":"2018-03-21T07:48:41.000Z","volume":28000,"label":" ","price":0.85},{"type":"A","date":"2018-03-21T07:48:41.000Z","volume":72000,"label":" ","price":0.86},{"type":"A","date":"2018-03-21T07:51:31.000Z","volume":20000,"label":" ","price":0.86},{"type":"B","date":"2018-03-21T07:55:41.000Z","volume":20000,"label":" ","price":0.84},{"type":"B","date":"2018-03-21T07:56:21.000Z","volume":40000,"label":" ","price":0.84},{"type":"A","date":"2018-03-21T07:56:45.000Z","volume":400000,"label":" ","price":0.85},{"type":"A","date":"2018-03-21T07:56:48.000Z","volume":4000,"label":" ","price":0.85},{"type":"B","date":"2018-03-21T07:56:55.000Z","volume":4000,"label":" ","price":0.85},{"type":"B","date":"2018-03-21T07:58:24.000Z","volume":12000,"label":" ","price":0.84},{"type":"A","date":"2018-03-21T07:59:09.000Z","volume":4000,"label":" ","price":0.85},{"type":"A","date":"2018-03-21T07:59:21.000Z","volume":32000,"label":" ","price":0.85},{"type":"A","date":"2018-03-21T07:59:34.000Z","volume":8000,"label":" ","price":0.85},{"type":"A","date":"2018-03-21T07:59:41.000Z","volume":8000,"label":" ","price":0.85}]