[{"type":"U","date":"2018-03-20T01:57:43.000Z","volume":20000,"label":"X","price":30.7},{"type":"B","date":"2018-03-20T01:59:04.000Z","volume":500,"label":" ","price":30.65},{"type":"U","date":"2018-03-20T02:26:09.000Z","volume":52000,"label":"X","price":30.7},{"type":"A","date":"2018-03-20T02:27:00.000Z","volume":2000,"label":" ","price":30.75},{"type":"A","date":"2018-03-20T02:27:00.000Z","volume":2000,"label":" ","price":30.75},{"type":"A","date":"2018-03-20T02:27:00.000Z","volume":1000,"label":" ","price":30.75},{"type":"A","date":"2018-03-20T02:27:00.000Z","volume":1000,"label":" ","price":30.8},{"type":"A","date":"2018-03-20T02:27:00.000Z","volume":500,"label":" ","price":30.8},{"type":"B","date":"2018-03-20T02:27:39.000Z","volume":500,"label":" ","price":30.85},{"type":"U","date":"2018-03-20T02:28:18.000Z","volume":1000,"label":" ","price":30.85},{"type":"A","date":"2018-03-20T02:28:29.000Z","volume":500,"label":" ","price":30.9},{"type":"A","date":"2018-03-20T02:29:21.000Z","volume":500,"label":"Y","price":30.9},{"type":"A","date":"2018-03-20T02:29:21.000Z","volume":1000,"label":" ","price":30.9},{"type":"B","date":"2018-03-20T02:29:22.000Z","volume":1000,"label":" ","price":30.85},{"type":"B","date":"2018-03-20T02:29:22.000Z","volume":500,"label":" ","price":30.85},{"type":"B","date":"2018-03-20T02:29:24.000Z","volume":1000,"label":" ","price":30.85},{"type":"B","date":"2018-03-20T02:29:24.000Z","volume":500,"label":" ","price":30.85},{"type":"B","date":"2018-03-20T02:29:27.000Z","volume":500,"label":" ","price":30.8},{"type":"B","date":"2018-03-20T02:30:38.000Z","volume":500,"label":" ","price":30.75},{"type":"U","date":"2018-03-20T02:30:47.000Z","volume":500,"label":"X","price":30.7},{"type":"A","date":"2018-03-20T02:31:52.000Z","volume":2000,"label":" ","price":30.75},{"type":"B","date":"2018-03-20T02:31:52.000Z","volume":500,"label":" ","price":30.75},{"type":"B","date":"2018-03-20T02:31:52.000Z","volume":1000,"label":" ","price":30.75},{"type":"B","date":"2018-03-20T02:32:31.000Z","volume":1000,"label":" ","price":30.75},{"type":"A","date":"2018-03-20T02:36:15.000Z","volume":500,"label":" ","price":30.8},{"type":"B","date":"2018-03-20T02:43:04.000Z","volume":1000,"label":" ","price":30.75},{"type":"B","date":"2018-03-20T02:43:04.000Z","volume":4500,"label":" ","price":30.75},{"type":"B","date":"2018-03-20T02:43:04.000Z","volume":2500,"label":" ","price":30.75},{"type":"B","date":"2018-03-20T02:43:04.000Z","volume":7000,"label":" ","price":30.7},{"type":"B","date":"2018-03-20T02:43:04.000Z","volume":500,"label":"Y","price":30.65},{"type":"B","date":"2018-03-20T02:43:04.000Z","volume":2000,"label":" ","price":30.65},{"type":"B","date":"2018-03-20T02:43:05.000Z","volume":3000,"label":" ","price":30.7},{"type":"A","date":"2018-03-20T02:43:05.000Z","volume":500,"label":" ","price":30.75},{"type":"B","date":"2018-03-20T02:43:08.000Z","volume":3000,"label":" ","price":30.7},{"type":"U","date":"2018-03-20T02:43:08.000Z","volume":1000,"label":"X","price":30.7},{"type":"A","date":"2018-03-20T02:43:08.000Z","volume":3500,"label":" ","price":30.7},{"type":"B","date":"2018-03-20T02:43:08.000Z","volume":1000,"label":" ","price":30.7},{"type":"B","date":"2018-03-20T02:43:08.000Z","volume":1000,"label":" ","price":30.7},{"type":"A","date":"2018-03-20T02:43:08.000Z","volume":4500,"label":" ","price":30.7},{"type":"A","date":"2018-03-20T02:43:08.000Z","volume":500,"label":" ","price":30.75},{"type":"B","date":"2018-03-20T02:43:08.000Z","volume":2500,"label":" ","price":30.7},{"type":"B","date":"2018-03-20T02:43:12.000Z","volume":3000,"label":" ","price":30.7},{"type":"B","date":"2018-03-20T02:43:12.000Z","volume":500,"label":" ","price":30.7},{"type":"B","date":"2018-03-20T02:43:14.000Z","volume":500,"label":" ","price":30.7},{"type":"B","date":"2018-03-20T02:43:15.000Z","volume":4000,"label":" ","price":30.7},{"type":"B","date":"2018-03-20T02:43:15.000Z","volume":1000,"label":" ","price":30.7},{"type":"B","date":"2018-03-20T02:43:20.000Z","volume":1000,"label":" ","price":30.7},{"type":"A","date":"2018-03-20T02:43:21.000Z","volume":500,"label":" ","price":30.7},{"type":"U","date":"2018-03-20T02:44:50.000Z","volume":2000,"label":"X","price":30.7},{"type":"B","date":"2018-03-20T02:44:50.000Z","volume":3000,"label":" ","price":30.7},{"type":"B","date":"2018-03-20T02:44:50.000Z","volume":500,"label":" ","price":30.7},{"type":"B","date":"2018-03-20T02:44:50.000Z","volume":1000,"label":" ","price":30.7},{"type":"U","date":"2018-03-20T02:45:05.000Z","volume":500,"label":"X","price":30.7},{"type":"B","date":"2018-03-20T02:45:06.000Z","volume":1000,"label":" ","price":30.7},{"type":"B","date":"2018-03-20T02:45:06.000Z","volume":500,"label":" ","price":30.7},{"type":"B","date":"2018-03-20T02:45:39.000Z","volume":500,"label":" ","price":30.7},{"type":"B","date":"2018-03-20T02:45:39.000Z","volume":6500,"label":" ","price":30.65},{"type":"B","date":"2018-03-20T02:45:41.000Z","volume":1500,"label":" ","price":30.65},{"type":"B","date":"2018-03-20T02:46:12.000Z","volume":8000,"label":" ","price":30.6},{"type":"B","date":"2018-03-20T02:46:12.000Z","volume":500,"label":" ","price":30.6},{"type":"B","date":"2018-03-20T02:46:14.000Z","volume":2000,"label":" ","price":30.6},{"type":"B","date":"2018-03-20T02:46:14.000Z","volume":500,"label":" ","price":30.6},{"type":"B","date":"2018-03-20T02:46:15.000Z","volume":3500,"label":" ","price":30.6},{"type":"A","date":"2018-03-20T02:46:16.000Z","volume":7000,"label":" ","price":30.6},{"type":"B","date":"2018-03-20T02:46:16.000Z","volume":1500,"label":" ","price":30.6},{"type":"B","date":"2018-03-20T02:46:16.000Z","volume":500,"label":" ","price":30.6},{"type":"B","date":"2018-03-20T02:46:16.000Z","volume":1000,"label":" ","price":30.6},{"type":"B","date":"2018-03-20T02:46:16.000Z","volume":1000,"label":" ","price":30.6},{"type":"B","date":"2018-03-20T02:46:19.000Z","volume":2500,"label":" ","price":30.6},{"type":"B","date":"2018-03-20T02:46:20.000Z","volume":500,"label":" ","price":30.6},{"type":"B","date":"2018-03-20T02:46:29.000Z","volume":6000,"label":" ","price":30.55},{"type":"B","date":"2018-03-20T02:46:29.000Z","volume":500,"label":" ","price":30.5},{"type":"B","date":"2018-03-20T02:46:30.000Z","volume":1500,"label":" ","price":30.55},{"type":"B","date":"2018-03-20T02:46:31.000Z","volume":4000,"label":" ","price":30.55},{"type":"B","date":"2018-03-20T02:46:32.000Z","volume":1000,"label":" ","price":30.55},{"type":"B","date":"2018-03-20T02:46:36.000Z","volume":1000,"label":" ","price":30.55},{"type":"B","date":"2018-03-20T02:47:23.000Z","volume":5000,"label":" ","price":30.5},{"type":"A","date":"2018-03-20T02:50:41.000Z","volume":1000,"label":" ","price":30.5},{"type":"B","date":"2018-03-20T02:55:17.000Z","volume":7000,"label":" ","price":30.45},{"type":"B","date":"2018-03-20T02:55:17.000Z","volume":1000,"label":" ","price":30.4},{"type":"B","date":"2018-03-20T02:55:18.000Z","volume":3000,"label":" ","price":30.4},{"type":"B","date":"2018-03-20T02:55:18.000Z","volume":1000,"label":" ","price":30.4},{"type":"B","date":"2018-03-20T02:55:34.000Z","volume":1000,"label":" ","price":30.4},{"type":"B","date":"2018-03-20T02:58:25.000Z","volume":500,"label":" ","price":30.4},{"type":"U","date":"2018-03-20T02:58:25.000Z","volume":500,"label":"X","price":30.4},{"type":"U","date":"2018-03-20T03:02:04.000Z","volume":500,"label":"X","price":30.4},{"type":"U","date":"2018-03-20T03:03:56.000Z","volume":500,"label":"X","price":30.4},{"type":"B","date":"2018-03-20T03:04:14.000Z","volume":500,"label":" ","price":30.4},{"type":"B","date":"2018-03-20T03:04:17.000Z","volume":500,"label":" ","price":30.4},{"type":"B","date":"2018-03-20T03:04:28.000Z","volume":4500,"label":" ","price":30.4},{"type":"B","date":"2018-03-20T03:04:28.000Z","volume":1000,"label":" ","price":30.35},{"type":"B","date":"2018-03-20T03:04:32.000Z","volume":1000,"label":" ","price":30.35},{"type":"B","date":"2018-03-20T03:04:35.000Z","volume":500,"label":" ","price":30.35},{"type":"B","date":"2018-03-20T03:04:37.000Z","volume":2000,"label":" ","price":30.3},{"type":"U","date":"2018-03-20T03:05:11.000Z","volume":500,"label":" ","price":30.25},{"type":"B","date":"2018-03-20T03:05:11.000Z","volume":500,"label":" ","price":30.15},{"type":"U","date":"2018-03-20T03:05:37.000Z","volume":500,"label":" ","price":30.2},{"type":"U","date":"2018-03-20T03:05:37.000Z","volume":2000,"label":" ","price":30.2},{"type":"B","date":"2018-03-20T03:05:38.000Z","volume":500,"label":" ","price":30.15},{"type":"A","date":"2018-03-20T03:05:44.000Z","volume":2000,"label":" ","price":30.25},{"type":"A","date":"2018-03-20T03:05:44.000Z","volume":2500,"label":" ","price":30.25},{"type":"B","date":"2018-03-20T03:05:46.000Z","volume":500,"label":" ","price":30.2},{"type":"A","date":"2018-03-20T03:05:46.000Z","volume":1000,"label":" ","price":30.3},{"type":"A","date":"2018-03-20T03:07:29.000Z","volume":1500,"label":" ","price":30.3},{"type":"A","date":"2018-03-20T03:07:29.000Z","volume":500,"label":" ","price":30.3},{"type":"U","date":"2018-03-20T03:10:48.000Z","volume":175,"label":"D","price":30.5},{"type":"A","date":"2018-03-20T03:11:29.000Z","volume":5000,"label":" ","price":30.3},{"type":"U","date":"2018-03-20T03:19:27.000Z","volume":500,"label":"X","price":30.25},{"type":"U","date":"2018-03-20T03:20:59.000Z","volume":500,"label":"X","price":30.25},{"type":"B","date":"2018-03-20T03:24:34.000Z","volume":500,"label":" ","price":30.25},{"type":"A","date":"2018-03-20T03:24:38.000Z","volume":500,"label":" ","price":30.3},{"type":"B","date":"2018-03-20T03:27:43.000Z","volume":500,"label":" ","price":30.25},{"type":"B","date":"2018-03-20T03:27:43.000Z","volume":500,"label":" ","price":30.25},{"type":"B","date":"2018-03-20T03:27:45.000Z","volume":500,"label":" ","price":30.25},{"type":"B","date":"2018-03-20T03:29:37.000Z","volume":500,"label":" ","price":30.25},{"type":"A","date":"2018-03-20T03:31:36.000Z","volume":500,"label":" ","price":30.3},{"type":"B","date":"2018-03-20T03:31:36.000Z","volume":500,"label":" ","price":30.25},{"type":"B","date":"2018-03-20T03:31:37.000Z","volume":500,"label":" ","price":30.25},{"type":"B","date":"2018-03-20T03:33:36.000Z","volume":500,"label":" ","price":30.25},{"type":"B","date":"2018-03-20T03:38:26.000Z","volume":500,"label":" ","price":30.25},{"type":"A","date":"2018-03-20T03:38:51.000Z","volume":500,"label":" ","price":30.3},{"type":"B","date":"2018-03-20T03:45:17.000Z","volume":1000,"label":" ","price":30.25},{"type":"B","date":"2018-03-20T03:45:17.000Z","volume":2500,"label":" ","price":30.25},{"type":"B","date":"2018-03-20T03:45:19.000Z","volume":1000,"label":" ","price":30.25},{"type":"B","date":"2018-03-20T03:45:29.000Z","volume":500,"label":" ","price":30.25},{"type":"B","date":"2018-03-20T03:45:45.000Z","volume":2500,"label":" ","price":30.25},{"type":"B","date":"2018-03-20T03:45:45.000Z","volume":4500,"label":" ","price":30.25},{"type":"B","date":"2018-03-20T03:45:45.000Z","volume":500,"label":"Y","price":30.25},{"type":"B","date":"2018-03-20T03:45:45.000Z","volume":1000,"label":" ","price":30.25},{"type":"B","date":"2018-03-20T03:45:45.000Z","volume":500,"label":" ","price":30.25},{"type":"B","date":"2018-03-20T03:45:47.000Z","volume":1500,"label":" ","price":30.2},{"type":"A","date":"2018-03-20T03:46:19.000Z","volume":12000,"label":" ","price":30.25},{"type":"B","date":"2018-03-20T03:46:19.000Z","volume":3000,"label":" ","price":30.25},{"type":"B","date":"2018-03-20T03:47:02.000Z","volume":500,"label":" ","price":30.25},{"type":"A","date":"2018-03-20T03:49:36.000Z","volume":500,"label":" ","price":30.25},{"type":"A","date":"2018-03-20T03:50:00.000Z","volume":3000,"label":" ","price":30.25},{"type":"A","date":"2018-03-20T03:52:30.000Z","volume":9500,"label":" ","price":30.3},{"type":"B","date":"2018-03-20T03:52:30.000Z","volume":500,"label":" ","price":30.3},{"type":"B","date":"2018-03-20T03:52:30.000Z","volume":500,"label":" ","price":30.3},{"type":"A","date":"2018-03-20T05:00:34.000Z","volume":1000,"label":" ","price":30.3},{"type":"B","date":"2018-03-20T05:01:38.000Z","volume":1000,"label":" ","price":30.3},{"type":"B","date":"2018-03-20T05:01:38.000Z","volume":1500,"label":" ","price":30.25},{"type":"A","date":"2018-03-20T05:01:53.000Z","volume":1000,"label":" ","price":30.25},{"type":"A","date":"2018-03-20T05:01:53.000Z","volume":1000,"label":" ","price":30.25},{"type":"A","date":"2018-03-20T05:02:52.000Z","volume":500,"label":" ","price":30.25},{"type":"A","date":"2018-03-20T05:05:20.000Z","volume":500,"label":" ","price":30.25},{"type":"U","date":"2018-03-20T05:05:20.000Z","volume":500,"label":" ","price":30.25},{"type":"B","date":"2018-03-20T05:06:34.000Z","volume":500,"label":" ","price":30.25},{"type":"B","date":"2018-03-20T05:15:52.000Z","volume":500,"label":" ","price":30.2},{"type":"B","date":"2018-03-20T05:18:28.000Z","volume":500,"label":" ","price":30.2},{"type":"B","date":"2018-03-20T05:20:48.000Z","volume":500,"label":" ","price":30.2},{"type":"A","date":"2018-03-20T05:21:19.000Z","volume":500,"label":" ","price":30.25},{"type":"B","date":"2018-03-20T05:21:19.000Z","volume":500,"label":" ","price":30.2},{"type":"B","date":"2018-03-20T05:24:47.000Z","volume":500,"label":" ","price":30.2},{"type":"B","date":"2018-03-20T05:25:45.000Z","volume":500,"label":" ","price":30.2},{"type":"B","date":"2018-03-20T05:28:51.000Z","volume":500,"label":" ","price":30.2},{"type":"B","date":"2018-03-20T05:30:53.000Z","volume":500,"label":" ","price":30.2},{"type":"A","date":"2018-03-20T05:31:20.000Z","volume":500,"label":" ","price":30.25},{"type":"A","date":"2018-03-20T05:32:19.000Z","volume":500,"label":" ","price":30.25},{"type":"B","date":"2018-03-20T05:32:19.000Z","volume":500,"label":" ","price":30.2},{"type":"A","date":"2018-03-20T05:32:43.000Z","volume":500,"label":" ","price":30.25},{"type":"B","date":"2018-03-20T05:37:24.000Z","volume":500,"label":" ","price":30.2},{"type":"B","date":"2018-03-20T05:38:48.000Z","volume":500,"label":" ","price":30.2},{"type":"A","date":"2018-03-20T05:40:18.000Z","volume":500,"label":" ","price":30.25},{"type":"B","date":"2018-03-20T05:40:18.000Z","volume":500,"label":" ","price":30.2},{"type":"B","date":"2018-03-20T05:43:49.000Z","volume":500,"label":" ","price":30.2},{"type":"B","date":"2018-03-20T05:46:36.000Z","volume":500,"label":" ","price":30.2},{"type":"B","date":"2018-03-20T05:49:24.000Z","volume":11000,"label":" ","price":30.2},{"type":"U","date":"2018-03-20T05:49:24.000Z","volume":500,"label":" ","price":30.2},{"type":"B","date":"2018-03-20T05:49:24.000Z","volume":500,"label":" ","price":30.2},{"type":"B","date":"2018-03-20T05:49:24.000Z","volume":1000,"label":" ","price":30.15},{"type":"B","date":"2018-03-20T05:49:29.000Z","volume":2000,"label":" ","price":30.15},{"type":"B","date":"2018-03-20T05:49:29.000Z","volume":500,"label":" ","price":30.1},{"type":"B","date":"2018-03-20T05:49:32.000Z","volume":5000,"label":" ","price":30.1},{"type":"B","date":"2018-03-20T05:49:32.000Z","volume":1000,"label":" ","price":30.1},{"type":"B","date":"2018-03-20T05:49:37.000Z","volume":500,"label":" ","price":30.1},{"type":"B","date":"2018-03-20T05:49:41.000Z","volume":1000,"label":" ","price":30.1},{"type":"B","date":"2018-03-20T05:49:41.000Z","volume":500,"label":" ","price":30.05},{"type":"B","date":"2018-03-20T05:50:04.000Z","volume":5000,"label":" ","price":30.05},{"type":"B","date":"2018-03-20T05:50:04.000Z","volume":1000,"label":" ","price":30},{"type":"A","date":"2018-03-20T05:50:11.000Z","volume":6500,"label":" ","price":30.05},{"type":"A","date":"2018-03-20T05:50:11.000Z","volume":1000,"label":" ","price":30.1},{"type":"A","date":"2018-03-20T05:50:11.000Z","volume":3500,"label":" ","price":30.1},{"type":"B","date":"2018-03-20T05:51:00.000Z","volume":1000,"label":" ","price":30.05},{"type":"A","date":"2018-03-20T05:51:03.000Z","volume":3000,"label":" ","price":30.15},{"type":"A","date":"2018-03-20T05:51:03.000Z","volume":4000,"label":" ","price":30.2},{"type":"U","date":"2018-03-20T05:51:03.000Z","volume":2000,"label":" ","price":30.25},{"type":"B","date":"2018-03-20T05:51:07.000Z","volume":1000,"label":" ","price":30.3},{"type":"B","date":"2018-03-20T05:57:12.000Z","volume":1000,"label":" ","price":30.3},{"type":"A","date":"2018-03-20T06:01:13.000Z","volume":500,"label":" ","price":30.35},{"type":"B","date":"2018-03-20T06:01:13.000Z","volume":500,"label":" ","price":30.3},{"type":"B","date":"2018-03-20T06:01:16.000Z","volume":500,"label":" ","price":30.3},{"type":"A","date":"2018-03-20T06:02:10.000Z","volume":1000,"label":" ","price":30.35},{"type":"A","date":"2018-03-20T06:02:10.000Z","volume":500,"label":"Y","price":30.35},{"type":"B","date":"2018-03-20T06:02:11.000Z","volume":500,"label":" ","price":30.3},{"type":"B","date":"2018-03-20T06:05:04.000Z","volume":500,"label":" ","price":30.3},{"type":"B","date":"2018-03-20T06:08:22.000Z","volume":500,"label":" ","price":30.3},{"type":"A","date":"2018-03-20T06:08:39.000Z","volume":1000,"label":" ","price":30.35},{"type":"B","date":"2018-03-20T06:08:40.000Z","volume":500,"label":" ","price":30.3},{"type":"A","date":"2018-03-20T06:10:00.000Z","volume":500,"label":"Y","price":30.35},{"type":"A","date":"2018-03-20T06:10:11.000Z","volume":1500,"label":" ","price":30.35},{"type":"B","date":"2018-03-20T06:12:48.000Z","volume":500,"label":" ","price":30.35},{"type":"A","date":"2018-03-20T06:15:15.000Z","volume":500,"label":" ","price":30.4},{"type":"B","date":"2018-03-20T06:16:01.000Z","volume":500,"label":" ","price":30.35},{"type":"A","date":"2018-03-20T06:18:03.000Z","volume":500,"label":" ","price":30.4},{"type":"B","date":"2018-03-20T06:18:03.000Z","volume":500,"label":" ","price":30.35},{"type":"B","date":"2018-03-20T06:18:12.000Z","volume":5000,"label":" ","price":30.35},{"type":"B","date":"2018-03-20T06:19:59.000Z","volume":500,"label":" ","price":30.35},{"type":"B","date":"2018-03-20T06:20:18.000Z","volume":500,"label":"Y","price":30.35},{"type":"B","date":"2018-03-20T06:22:46.000Z","volume":500,"label":" ","price":30.35},{"type":"B","date":"2018-03-20T06:22:46.000Z","volume":500,"label":" ","price":30.35},{"type":"B","date":"2018-03-20T06:24:56.000Z","volume":500,"label":" ","price":30.35},{"type":"B","date":"2018-03-20T06:25:57.000Z","volume":500,"label":" ","price":30.35},{"type":"B","date":"2018-03-20T06:27:13.000Z","volume":500,"label":" ","price":30.35},{"type":"B","date":"2018-03-20T06:27:34.000Z","volume":500,"label":" ","price":30.35},{"type":"B","date":"2018-03-20T06:27:34.000Z","volume":500,"label":" ","price":30.35},{"type":"B","date":"2018-03-20T06:28:58.000Z","volume":500,"label":" ","price":30.35},{"type":"B","date":"2018-03-20T06:29:08.000Z","volume":500,"label":" ","price":30.35},{"type":"B","date":"2018-03-20T06:33:02.000Z","volume":1000,"label":" ","price":30.35},{"type":"B","date":"2018-03-20T06:33:02.000Z","volume":1000,"label":" ","price":30.35},{"type":"B","date":"2018-03-20T06:33:58.000Z","volume":500,"label":" ","price":30.3},{"type":"B","date":"2018-03-20T06:34:58.000Z","volume":500,"label":" ","price":30.3},{"type":"B","date":"2018-03-20T06:35:21.000Z","volume":7500,"label":" ","price":30.3},{"type":"B","date":"2018-03-20T06:36:38.000Z","volume":500,"label":" ","price":30.3},{"type":"A","date":"2018-03-20T06:38:55.000Z","volume":2000,"label":" ","price":30.35},{"type":"A","date":"2018-03-20T06:38:55.000Z","volume":3500,"label":" ","price":30.35},{"type":"A","date":"2018-03-20T06:43:17.000Z","volume":2500,"label":" ","price":30.4},{"type":"A","date":"2018-03-20T06:43:17.000Z","volume":2000,"label":" ","price":30.4},{"type":"B","date":"2018-03-20T06:43:17.000Z","volume":500,"label":" ","price":30.35},{"type":"A","date":"2018-03-20T06:46:07.000Z","volume":500,"label":" ","price":30.45},{"type":"B","date":"2018-03-20T06:50:18.000Z","volume":500,"label":" ","price":30.4},{"type":"B","date":"2018-03-20T06:50:31.000Z","volume":1500,"label":" ","price":30.4},{"type":"B","date":"2018-03-20T06:50:35.000Z","volume":2000,"label":" ","price":30.4},{"type":"B","date":"2018-03-20T06:53:23.000Z","volume":500,"label":" ","price":30.35},{"type":"B","date":"2018-03-20T06:55:29.000Z","volume":500,"label":" ","price":30.35},{"type":"B","date":"2018-03-20T06:55:53.000Z","volume":500,"label":" ","price":30.35},{"type":"B","date":"2018-03-20T06:57:02.000Z","volume":500,"label":" ","price":30.35},{"type":"B","date":"2018-03-20T06:57:02.000Z","volume":500,"label":" ","price":30.35},{"type":"B","date":"2018-03-20T06:57:31.000Z","volume":500,"label":" ","price":30.35},{"type":"B","date":"2018-03-20T06:58:08.000Z","volume":1000,"label":" ","price":30.35},{"type":"B","date":"2018-03-20T06:58:08.000Z","volume":500,"label":"Y","price":30.35},{"type":"B","date":"2018-03-20T06:59:23.000Z","volume":500,"label":" ","price":30.3},{"type":"A","date":"2018-03-20T06:59:24.000Z","volume":5000,"label":" ","price":30.35},{"type":"A","date":"2018-03-20T07:02:30.000Z","volume":1500,"label":" ","price":30.4},{"type":"B","date":"2018-03-20T07:02:30.000Z","volume":500,"label":" ","price":30.35},{"type":"B","date":"2018-03-20T07:08:29.000Z","volume":500,"label":" ","price":30.4},{"type":"B","date":"2018-03-20T07:09:06.000Z","volume":500,"label":" ","price":30.4},{"type":"A","date":"2018-03-20T07:09:54.000Z","volume":500,"label":" ","price":30.45},{"type":"B","date":"2018-03-20T07:10:35.000Z","volume":500,"label":" ","price":30.4},{"type":"A","date":"2018-03-20T07:11:51.000Z","volume":4500,"label":" ","price":30.45},{"type":"B","date":"2018-03-20T07:11:52.000Z","volume":1000,"label":" ","price":30.4},{"type":"A","date":"2018-03-20T07:12:19.000Z","volume":1000,"label":" ","price":30.45},{"type":"B","date":"2018-03-20T07:12:33.000Z","volume":500,"label":" ","price":30.4},{"type":"A","date":"2018-03-20T07:14:52.000Z","volume":3000,"label":" ","price":30.45},{"type":"B","date":"2018-03-20T07:14:52.000Z","volume":1000,"label":" ","price":30.4},{"type":"B","date":"2018-03-20T07:16:02.000Z","volume":500,"label":" ","price":30.4},{"type":"B","date":"2018-03-20T07:18:13.000Z","volume":1000,"label":" ","price":30.4},{"type":"U","date":"2018-03-20T07:18:15.000Z","volume":250,"label":"D","price":30.05},{"type":"A","date":"2018-03-20T07:18:29.000Z","volume":1000,"label":" ","price":30.45},{"type":"B","date":"2018-03-20T07:18:41.000Z","volume":500,"label":" ","price":30.4},{"type":"A","date":"2018-03-20T07:19:18.000Z","volume":500,"label":" ","price":30.45},{"type":"B","date":"2018-03-20T07:19:19.000Z","volume":500,"label":" ","price":30.4},{"type":"A","date":"2018-03-20T07:20:24.000Z","volume":500,"label":" ","price":30.45},{"type":"B","date":"2018-03-20T07:20:46.000Z","volume":500,"label":" ","price":30.4},{"type":"B","date":"2018-03-20T07:24:27.000Z","volume":1000,"label":" ","price":30.4},{"type":"B","date":"2018-03-20T07:27:29.000Z","volume":500,"label":" ","price":30.4},{"type":"B","date":"2018-03-20T07:30:16.000Z","volume":500,"label":" ","price":30.4},{"type":"B","date":"2018-03-20T07:30:19.000Z","volume":500,"label":" ","price":30.4},{"type":"A","date":"2018-03-20T07:30:39.000Z","volume":500,"label":" ","price":30.45},{"type":"B","date":"2018-03-20T07:30:39.000Z","volume":500,"label":" ","price":30.4},{"type":"B","date":"2018-03-20T07:30:46.000Z","volume":5000,"label":" ","price":30.4},{"type":"B","date":"2018-03-20T07:30:46.000Z","volume":1500,"label":" ","price":30.35},{"type":"B","date":"2018-03-20T07:32:27.000Z","volume":1000,"label":" ","price":30.35},{"type":"B","date":"2018-03-20T07:32:27.000Z","volume":500,"label":" ","price":30.3},{"type":"B","date":"2018-03-20T07:33:52.000Z","volume":2500,"label":" ","price":30.3},{"type":"B","date":"2018-03-20T07:33:53.000Z","volume":1000,"label":" ","price":30.3},{"type":"B","date":"2018-03-20T07:36:10.000Z","volume":500,"label":"Y","price":30.3},{"type":"B","date":"2018-03-20T07:36:10.000Z","volume":2000,"label":" ","price":30.3},{"type":"B","date":"2018-03-20T07:36:10.000Z","volume":1000,"label":" ","price":30.25},{"type":"B","date":"2018-03-20T07:36:10.000Z","volume":500,"label":" ","price":30.25},{"type":"B","date":"2018-03-20T07:36:14.000Z","volume":1000,"label":" ","price":30.25},{"type":"B","date":"2018-03-20T07:36:15.000Z","volume":500,"label":" ","price":30.25},{"type":"A","date":"2018-03-20T07:38:13.000Z","volume":500,"label":" ","price":30.3},{"type":"B","date":"2018-03-20T07:38:13.000Z","volume":1000,"label":" ","price":30.25},{"type":"B","date":"2018-03-20T07:38:16.000Z","volume":500,"label":" ","price":30.25},{"type":"A","date":"2018-03-20T07:40:15.000Z","volume":1000,"label":" ","price":30.3},{"type":"A","date":"2018-03-20T07:41:12.000Z","volume":1500,"label":" ","price":30.3},{"type":"A","date":"2018-03-20T07:41:12.000Z","volume":1000,"label":" ","price":30.3},{"type":"B","date":"2018-03-20T07:41:14.000Z","volume":500,"label":" ","price":30.25},{"type":"A","date":"2018-03-20T07:42:08.000Z","volume":1000,"label":" ","price":30.3},{"type":"A","date":"2018-03-20T07:42:10.000Z","volume":4500,"label":" ","price":30.3},{"type":"A","date":"2018-03-20T07:42:10.000Z","volume":500,"label":" ","price":30.3},{"type":"A","date":"2018-03-20T07:42:12.000Z","volume":500,"label":" ","price":30.35},{"type":"B","date":"2018-03-20T07:44:50.000Z","volume":2000,"label":" ","price":30.4},{"type":"B","date":"2018-03-20T07:44:50.000Z","volume":500,"label":" ","price":30.35},{"type":"B","date":"2018-03-20T07:46:11.000Z","volume":1000,"label":" ","price":30.35},{"type":"B","date":"2018-03-20T07:47:43.000Z","volume":500,"label":"Y","price":30.3},{"type":"B","date":"2018-03-20T07:47:43.000Z","volume":1000,"label":" ","price":30.3},{"type":"B","date":"2018-03-20T07:47:44.000Z","volume":500,"label":" ","price":30.25},{"type":"B","date":"2018-03-20T07:49:20.000Z","volume":1000,"label":" ","price":30.25},{"type":"B","date":"2018-03-20T07:49:20.000Z","volume":500,"label":" ","price":30.25},{"type":"A","date":"2018-03-20T07:50:00.000Z","volume":1000,"label":" ","price":30.25},{"type":"A","date":"2018-03-20T07:50:01.000Z","volume":2500,"label":" ","price":30.25},{"type":"A","date":"2018-03-20T07:50:01.000Z","volume":1000,"label":" ","price":30.25},{"type":"B","date":"2018-03-20T07:50:01.000Z","volume":500,"label":" ","price":30.2},{"type":"A","date":"2018-03-20T07:50:19.000Z","volume":500,"label":" ","price":30.35},{"type":"B","date":"2018-03-20T07:51:19.000Z","volume":500,"label":" ","price":30.3},{"type":"A","date":"2018-03-20T07:51:38.000Z","volume":1000,"label":" ","price":30.4},{"type":"B","date":"2018-03-20T07:51:39.000Z","volume":500,"label":" ","price":30.3},{"type":"A","date":"2018-03-20T07:53:30.000Z","volume":1500,"label":" ","price":30.35},{"type":"B","date":"2018-03-20T07:54:00.000Z","volume":500,"label":" ","price":30.3},{"type":"B","date":"2018-03-20T07:54:01.000Z","volume":500,"label":" ","price":30.3},{"type":"A","date":"2018-03-20T07:54:05.000Z","volume":3500,"label":" ","price":30.35},{"type":"B","date":"2018-03-20T07:54:05.000Z","volume":500,"label":" ","price":30.3},{"type":"A","date":"2018-03-20T07:55:07.000Z","volume":1000,"label":" ","price":30.35},{"type":"A","date":"2018-03-20T07:55:57.000Z","volume":3500,"label":" ","price":30.35},{"type":"A","date":"2018-03-20T07:55:57.000Z","volume":500,"label":" ","price":30.4},{"type":"B","date":"2018-03-20T07:57:14.000Z","volume":500,"label":" ","price":30.35},{"type":"B","date":"2018-03-20T07:57:33.000Z","volume":500,"label":" ","price":30.35},{"type":"B","date":"2018-03-20T07:57:56.000Z","volume":500,"label":" ","price":30.35},{"type":"B","date":"2018-03-20T07:57:59.000Z","volume":500,"label":" ","price":30.35},{"type":"B","date":"2018-03-20T07:58:04.000Z","volume":2000,"label":" ","price":30.35},{"type":"B","date":"2018-03-20T07:58:09.000Z","volume":3000,"label":" ","price":30.3},{"type":"B","date":"2018-03-20T07:58:09.000Z","volume":500,"label":" ","price":30.3},{"type":"B","date":"2018-03-20T07:58:19.000Z","volume":500,"label":" ","price":30.3},{"type":"B","date":"2018-03-20T07:58:20.000Z","volume":1000,"label":" ","price":30.3},{"type":"A","date":"2018-03-20T07:58:21.000Z","volume":1000,"label":" ","price":30.25},{"type":"B","date":"2018-03-20T07:58:34.000Z","volume":500,"label":" ","price":30.2},{"type":"A","date":"2018-03-20T07:58:48.000Z","volume":500,"label":" ","price":30.25},{"type":"B","date":"2018-03-20T07:58:48.000Z","volume":500,"label":" ","price":30.2},{"type":"B","date":"2018-03-20T07:58:59.000Z","volume":500,"label":" ","price":30.2},{"type":"A","date":"2018-03-20T07:58:59.000Z","volume":500,"label":" ","price":30.25},{"type":"A","date":"2018-03-20T07:59:03.000Z","volume":500,"label":" ","price":30.4},{"type":"A","date":"2018-03-20T07:59:21.000Z","volume":500,"label":" ","price":30.35},{"type":"B","date":"2018-03-20T07:59:21.000Z","volume":500,"label":" ","price":30.3},{"type":"B","date":"2018-03-20T07:59:38.000Z","volume":1000,"label":" ","price":30.2},{"type":"B","date":"2018-03-20T07:59:40.000Z","volume":500,"label":" ","price":30.2},{"type":"U","date":"2018-03-20T08:08:31.000Z","volume":23000,"label":"U","price":30.3}]