[{"type":"U","date":"2018-03-27T01:20:00.000Z","volume":12500,"label":"U","price":37.25},{"type":"A","date":"2018-03-27T01:30:01.000Z","volume":1000,"label":" ","price":37.25},{"type":"B","date":"2018-03-27T01:30:02.000Z","volume":500,"label":" ","price":37.2},{"type":"B","date":"2018-03-27T01:30:03.000Z","volume":500,"label":" ","price":37.2},{"type":"B","date":"2018-03-27T01:30:04.000Z","volume":500,"label":" ","price":37.2},{"type":"A","date":"2018-03-27T01:30:05.000Z","volume":500,"label":" ","price":37.25},{"type":"A","date":"2018-03-27T01:30:07.000Z","volume":2500,"label":" ","price":37.25},{"type":"A","date":"2018-03-27T01:30:07.000Z","volume":1000,"label":" ","price":37.25},{"type":"A","date":"2018-03-27T01:30:08.000Z","volume":5500,"label":" ","price":37.25},{"type":"B","date":"2018-03-27T01:30:08.000Z","volume":2000,"label":" ","price":37.2},{"type":"A","date":"2018-03-27T01:30:08.000Z","volume":500,"label":" ","price":37.3},{"type":"B","date":"2018-03-27T01:30:08.000Z","volume":500,"label":" ","price":37.2},{"type":"A","date":"2018-03-27T01:30:08.000Z","volume":500,"label":" ","price":37.3},{"type":"A","date":"2018-03-27T01:30:09.000Z","volume":2000,"label":" ","price":37.3},{"type":"A","date":"2018-03-27T01:30:09.000Z","volume":500,"label":" ","price":37.3},{"type":"A","date":"2018-03-27T01:30:09.000Z","volume":500,"label":" ","price":37.3},{"type":"A","date":"2018-03-27T01:30:10.000Z","volume":500,"label":" ","price":37.4},{"type":"B","date":"2018-03-27T01:30:10.000Z","volume":500,"label":" ","price":37.25},{"type":"B","date":"2018-03-27T01:30:11.000Z","volume":500,"label":" ","price":37.25},{"type":"A","date":"2018-03-27T01:30:13.000Z","volume":500,"label":" ","price":37.4},{"type":"A","date":"2018-03-27T01:30:13.000Z","volume":500,"label":" ","price":37.4},{"type":"A","date":"2018-03-27T01:30:13.000Z","volume":1000,"label":" ","price":37.4},{"type":"A","date":"2018-03-27T01:30:13.000Z","volume":500,"label":" ","price":37.45},{"type":"B","date":"2018-03-27T01:30:14.000Z","volume":500,"label":" ","price":37.25},{"type":"B","date":"2018-03-27T01:30:16.000Z","volume":500,"label":" ","price":37.3},{"type":"A","date":"2018-03-27T01:30:21.000Z","volume":1000,"label":" ","price":37.4},{"type":"A","date":"2018-03-27T01:30:21.000Z","volume":1000,"label":" ","price":37.45},{"type":"A","date":"2018-03-27T01:30:29.000Z","volume":7000,"label":" ","price":37.45},{"type":"A","date":"2018-03-27T01:30:29.000Z","volume":500,"label":" ","price":37.45},{"type":"A","date":"2018-03-27T01:30:29.000Z","volume":500,"label":" ","price":37.5},{"type":"A","date":"2018-03-27T01:30:29.000Z","volume":500,"label":" ","price":37.5},{"type":"A","date":"2018-03-27T01:30:29.000Z","volume":500,"label":" ","price":37.45},{"type":"A","date":"2018-03-27T01:30:29.000Z","volume":2000,"label":" ","price":37.5},{"type":"B","date":"2018-03-27T01:30:30.000Z","volume":500,"label":" ","price":37.45},{"type":"A","date":"2018-03-27T01:30:30.000Z","volume":1500,"label":" ","price":37.5},{"type":"A","date":"2018-03-27T01:30:30.000Z","volume":500,"label":" ","price":37.5},{"type":"B","date":"2018-03-27T01:30:40.000Z","volume":500,"label":"Y","price":37.45},{"type":"B","date":"2018-03-27T01:30:40.000Z","volume":25000,"label":" ","price":37.45},{"type":"A","date":"2018-03-27T01:30:40.000Z","volume":1000,"label":" ","price":37.45},{"type":"A","date":"2018-03-27T01:30:40.000Z","volume":1000,"label":" ","price":37.45},{"type":"A","date":"2018-03-27T01:30:40.000Z","volume":3000,"label":" ","price":37.45},{"type":"A","date":"2018-03-27T01:30:40.000Z","volume":500,"label":" ","price":37.45},{"type":"B","date":"2018-03-27T01:30:41.000Z","volume":3500,"label":" ","price":37.4},{"type":"B","date":"2018-03-27T01:30:42.000Z","volume":1000,"label":" ","price":37.45},{"type":"A","date":"2018-03-27T01:30:43.000Z","volume":1000,"label":" ","price":37.45},{"type":"A","date":"2018-03-27T01:30:43.000Z","volume":500,"label":" ","price":37.45},{"type":"B","date":"2018-03-27T01:30:44.000Z","volume":1500,"label":" ","price":37.4},{"type":"B","date":"2018-03-27T01:30:44.000Z","volume":500,"label":" ","price":37.35},{"type":"B","date":"2018-03-27T01:30:44.000Z","volume":500,"label":" ","price":37.3},{"type":"A","date":"2018-03-27T01:30:46.000Z","volume":3000,"label":" ","price":37.4},{"type":"A","date":"2018-03-27T01:30:46.000Z","volume":3000,"label":" ","price":37.45},{"type":"A","date":"2018-03-27T01:30:46.000Z","volume":1000,"label":" ","price":37.5},{"type":"A","date":"2018-03-27T01:30:47.000Z","volume":2000,"label":" ","price":37.5},{"type":"A","date":"2018-03-27T01:30:47.000Z","volume":500,"label":" ","price":37.5},{"type":"U","date":"2018-03-27T01:30:57.000Z","volume":4000,"label":" ","price":37.45},{"type":"B","date":"2018-03-27T01:30:57.000Z","volume":500,"label":" ","price":37.45},{"type":"B","date":"2018-03-27T01:30:57.000Z","volume":500,"label":" ","price":37.45},{"type":"B","date":"2018-03-27T01:30:57.000Z","volume":1000,"label":" ","price":37.45},{"type":"B","date":"2018-03-27T01:30:58.000Z","volume":500,"label":" ","price":37.45},{"type":"A","date":"2018-03-27T01:30:59.000Z","volume":500,"label":" ","price":37.5},{"type":"A","date":"2018-03-27T01:31:30.000Z","volume":1000,"label":" ","price":37.45},{"type":"B","date":"2018-03-27T01:31:41.000Z","volume":500,"label":" ","price":37.25},{"type":"B","date":"2018-03-27T01:31:51.000Z","volume":500,"label":" ","price":37.25},{"type":"B","date":"2018-03-27T01:32:01.000Z","volume":500,"label":" ","price":37.3},{"type":"U","date":"2018-03-27T01:32:06.000Z","volume":500,"label":"X","price":37.35},{"type":"U","date":"2018-03-27T01:32:09.000Z","volume":1000,"label":"X","price":37.35},{"type":"A","date":"2018-03-27T01:32:31.000Z","volume":3000,"label":" ","price":37.35},{"type":"B","date":"2018-03-27T01:32:31.000Z","volume":500,"label":" ","price":37.3},{"type":"B","date":"2018-03-27T01:32:32.000Z","volume":500,"label":" ","price":37.3},{"type":"B","date":"2018-03-27T01:32:32.000Z","volume":500,"label":" ","price":37.3},{"type":"A","date":"2018-03-27T01:32:32.000Z","volume":1000,"label":" ","price":37.35},{"type":"B","date":"2018-03-27T01:32:34.000Z","volume":1000,"label":" ","price":37.3},{"type":"A","date":"2018-03-27T01:32:34.000Z","volume":1000,"label":" ","price":37.35},{"type":"A","date":"2018-03-27T01:32:34.000Z","volume":2000,"label":" ","price":37.35},{"type":"A","date":"2018-03-27T01:32:34.000Z","volume":1000,"label":" ","price":37.35},{"type":"A","date":"2018-03-27T01:32:38.000Z","volume":500,"label":" ","price":37.35},{"type":"B","date":"2018-03-27T01:32:44.000Z","volume":5000,"label":" ","price":37.3},{"type":"A","date":"2018-03-27T01:32:44.000Z","volume":1000,"label":" ","price":37.35},{"type":"B","date":"2018-03-27T01:32:44.000Z","volume":1000,"label":" ","price":37.3},{"type":"B","date":"2018-03-27T01:32:57.000Z","volume":1000,"label":" ","price":37.3},{"type":"A","date":"2018-03-27T01:33:00.000Z","volume":5000,"label":" ","price":37.35},{"type":"A","date":"2018-03-27T01:33:00.000Z","volume":1000,"label":" ","price":37.35},{"type":"A","date":"2018-03-27T01:33:01.000Z","volume":1500,"label":" ","price":37.35},{"type":"A","date":"2018-03-27T01:33:12.000Z","volume":2000,"label":" ","price":37.35},{"type":"A","date":"2018-03-27T01:33:19.000Z","volume":500,"label":" ","price":37.35},{"type":"A","date":"2018-03-27T01:33:26.000Z","volume":2500,"label":" ","price":37.35},{"type":"A","date":"2018-03-27T01:33:27.000Z","volume":1000,"label":" ","price":37.35},{"type":"A","date":"2018-03-27T01:33:40.000Z","volume":500,"label":" ","price":37.35},{"type":"A","date":"2018-03-27T01:33:41.000Z","volume":4000,"label":" ","price":37.35},{"type":"A","date":"2018-03-27T01:33:41.000Z","volume":3500,"label":" ","price":37.4},{"type":"A","date":"2018-03-27T01:33:41.000Z","volume":1000,"label":" ","price":37.35},{"type":"A","date":"2018-03-27T01:33:43.000Z","volume":500,"label":" ","price":37.45},{"type":"A","date":"2018-03-27T01:33:45.000Z","volume":2000,"label":" ","price":37.5},{"type":"A","date":"2018-03-27T01:33:45.000Z","volume":500,"label":" ","price":37.5},{"type":"B","date":"2018-03-27T01:33:49.000Z","volume":2500,"label":" ","price":37.4},{"type":"A","date":"2018-03-27T01:34:09.000Z","volume":1000,"label":" ","price":37.4},{"type":"A","date":"2018-03-27T01:34:09.000Z","volume":500,"label":" ","price":37.4},{"type":"A","date":"2018-03-27T01:34:09.000Z","volume":8500,"label":" ","price":37.4},{"type":"A","date":"2018-03-27T01:34:09.000Z","volume":500,"label":" ","price":37.45},{"type":"A","date":"2018-03-27T01:34:09.000Z","volume":2500,"label":" ","price":37.45},{"type":"A","date":"2018-03-27T01:34:09.000Z","volume":500,"label":" ","price":37.45},{"type":"A","date":"2018-03-27T01:34:11.000Z","volume":1000,"label":" ","price":37.45},{"type":"B","date":"2018-03-27T01:34:30.000Z","volume":500,"label":" ","price":37.4},{"type":"A","date":"2018-03-27T01:34:34.000Z","volume":1500,"label":" ","price":37.45},{"type":"A","date":"2018-03-27T01:34:44.000Z","volume":500,"label":" ","price":37.45},{"type":"B","date":"2018-03-27T01:34:47.000Z","volume":500,"label":" ","price":37.4},{"type":"A","date":"2018-03-27T01:34:55.000Z","volume":1000,"label":" ","price":37.45},{"type":"A","date":"2018-03-27T01:34:55.000Z","volume":500,"label":" ","price":37.45},{"type":"A","date":"2018-03-27T01:35:00.000Z","volume":500,"label":" ","price":37.45},{"type":"U","date":"2018-03-27T01:35:00.000Z","volume":500,"label":"X","price":37.425},{"type":"A","date":"2018-03-27T01:35:01.000Z","volume":500,"label":" ","price":37.45},{"type":"A","date":"2018-03-27T01:35:17.000Z","volume":1000,"label":" ","price":37.45},{"type":"U","date":"2018-03-27T01:35:31.000Z","volume":500,"label":"X","price":37.425},{"type":"A","date":"2018-03-27T01:35:31.000Z","volume":1500,"label":" ","price":37.45},{"type":"B","date":"2018-03-27T01:35:33.000Z","volume":1000,"label":" ","price":37.4},{"type":"A","date":"2018-03-27T01:35:35.000Z","volume":1000,"label":" ","price":37.45},{"type":"A","date":"2018-03-27T01:35:35.000Z","volume":500,"label":" ","price":37.45},{"type":"A","date":"2018-03-27T01:36:04.000Z","volume":8500,"label":" ","price":37.45},{"type":"A","date":"2018-03-27T01:36:04.000Z","volume":4500,"label":" ","price":37.5},{"type":"A","date":"2018-03-27T01:36:04.000Z","volume":1500,"label":" ","price":37.45},{"type":"A","date":"2018-03-27T01:36:04.000Z","volume":1000,"label":" ","price":37.5},{"type":"B","date":"2018-03-27T01:36:04.000Z","volume":500,"label":" ","price":37.45},{"type":"U","date":"2018-03-27T01:36:05.000Z","volume":2000,"label":"Y","price":37.45},{"type":"U","date":"2018-03-27T01:36:05.000Z","volume":500,"label":" ","price":37.45},{"type":"U","date":"2018-03-27T01:36:05.000Z","volume":500,"label":" ","price":37.45},{"type":"U","date":"2018-03-27T01:36:05.000Z","volume":3000,"label":" ","price":37.45},{"type":"U","date":"2018-03-27T01:36:05.000Z","volume":500,"label":" ","price":37.45},{"type":"A","date":"2018-03-27T01:36:19.000Z","volume":5500,"label":" ","price":37.55},{"type":"A","date":"2018-03-27T01:36:19.000Z","volume":500,"label":" ","price":37.55},{"type":"A","date":"2018-03-27T01:36:19.000Z","volume":10000,"label":" ","price":37.55},{"type":"U","date":"2018-03-27T01:36:19.000Z","volume":500,"label":" ","price":37.5},{"type":"U","date":"2018-03-27T01:36:19.000Z","volume":4500,"label":" ","price":37.5},{"type":"B","date":"2018-03-27T01:36:20.000Z","volume":2500,"label":" ","price":37.4},{"type":"U","date":"2018-03-27T01:36:21.000Z","volume":20000,"label":" ","price":37.45},{"type":"B","date":"2018-03-27T01:36:21.000Z","volume":2500,"label":" ","price":37.4},{"type":"A","date":"2018-03-27T01:36:21.000Z","volume":500,"label":" ","price":37.55},{"type":"A","date":"2018-03-27T01:36:24.000Z","volume":6500,"label":" ","price":37.55},{"type":"U","date":"2018-03-27T01:36:25.000Z","volume":1000,"label":" ","price":37.5},{"type":"A","date":"2018-03-27T01:36:26.000Z","volume":2000,"label":" ","price":37.5},{"type":"A","date":"2018-03-27T01:36:28.000Z","volume":500,"label":" ","price":37.55},{"type":"U","date":"2018-03-27T01:36:49.000Z","volume":1000,"label":" ","price":37.5},{"type":"A","date":"2018-03-27T01:36:49.000Z","volume":2500,"label":" ","price":37.55},{"type":"U","date":"2018-03-27T01:36:59.000Z","volume":1000,"label":"Y","price":37.45},{"type":"U","date":"2018-03-27T01:36:59.000Z","volume":3000,"label":" ","price":37.45},{"type":"A","date":"2018-03-27T01:36:59.000Z","volume":3000,"label":" ","price":37.5},{"type":"B","date":"2018-03-27T01:37:00.000Z","volume":2000,"label":" ","price":37.4},{"type":"A","date":"2018-03-27T01:37:07.000Z","volume":1000,"label":" ","price":37.45},{"type":"A","date":"2018-03-27T01:37:07.000Z","volume":500,"label":" ","price":37.45},{"type":"A","date":"2018-03-27T01:37:07.000Z","volume":1000,"label":" ","price":37.45},{"type":"A","date":"2018-03-27T01:37:07.000Z","volume":2000,"label":" ","price":37.45},{"type":"A","date":"2018-03-27T01:37:49.000Z","volume":1500,"label":" ","price":37.45},{"type":"A","date":"2018-03-27T01:37:49.000Z","volume":3500,"label":" ","price":37.45},{"type":"A","date":"2018-03-27T01:37:51.000Z","volume":1000,"label":" ","price":37.45},{"type":"A","date":"2018-03-27T01:38:07.000Z","volume":1000,"label":" ","price":37.45},{"type":"A","date":"2018-03-27T01:38:09.000Z","volume":2500,"label":" ","price":37.45},{"type":"A","date":"2018-03-27T01:38:09.000Z","volume":12000,"label":" ","price":37.5},{"type":"A","date":"2018-03-27T01:38:09.000Z","volume":500,"label":" ","price":37.45},{"type":"A","date":"2018-03-27T01:38:09.000Z","volume":17500,"label":" ","price":37.45},{"type":"A","date":"2018-03-27T01:38:09.000Z","volume":1500,"label":" ","price":37.45},{"type":"A","date":"2018-03-27T01:38:10.000Z","volume":2500,"label":" ","price":37.5},{"type":"B","date":"2018-03-27T01:38:10.000Z","volume":3500,"label":" ","price":37.4},{"type":"U","date":"2018-03-27T01:38:12.000Z","volume":4000,"label":" ","price":37.45},{"type":"U","date":"2018-03-27T01:38:19.000Z","volume":20000,"label":" ","price":37.45},{"type":"A","date":"2018-03-27T01:38:20.000Z","volume":1500,"label":" ","price":37.5},{"type":"U","date":"2018-03-27T01:38:22.000Z","volume":2500,"label":" ","price":37.45},{"type":"B","date":"2018-03-27T01:38:23.000Z","volume":2500,"label":" ","price":37.4},{"type":"A","date":"2018-03-27T01:38:24.000Z","volume":1000,"label":" ","price":37.45},{"type":"A","date":"2018-03-27T01:38:26.000Z","volume":500,"label":" ","price":37.45},{"type":"A","date":"2018-03-27T01:38:30.000Z","volume":3000,"label":" ","price":37.45},{"type":"A","date":"2018-03-27T01:38:30.000Z","volume":3000,"label":" ","price":37.5},{"type":"A","date":"2018-03-27T01:38:30.000Z","volume":4000,"label":" ","price":37.5},{"type":"U","date":"2018-03-27T01:38:30.000Z","volume":1000,"label":" ","price":37.5},{"type":"U","date":"2018-03-27T01:38:34.000Z","volume":1500,"label":" ","price":37.45},{"type":"B","date":"2018-03-27T01:38:49.000Z","volume":2000,"label":"Y","price":37.5},{"type":"B","date":"2018-03-27T01:38:49.000Z","volume":7000,"label":" ","price":37.5},{"type":"U","date":"2018-03-27T01:38:49.000Z","volume":1000,"label":"X","price":37.525},{"type":"B","date":"2018-03-27T01:38:57.000Z","volume":7000,"label":" ","price":37.5},{"type":"B","date":"2018-03-27T01:38:58.000Z","volume":3500,"label":" ","price":37.45},{"type":"B","date":"2018-03-27T01:39:02.000Z","volume":500,"label":"Y","price":37.45},{"type":"B","date":"2018-03-27T01:39:02.000Z","volume":28000,"label":" ","price":37.45},{"type":"B","date":"2018-03-27T01:39:03.000Z","volume":3000,"label":" ","price":37.4},{"type":"A","date":"2018-03-27T01:39:04.000Z","volume":1000,"label":" ","price":37.45},{"type":"B","date":"2018-03-27T01:40:16.000Z","volume":500,"label":" ","price":37.4},{"type":"A","date":"2018-03-27T01:40:21.000Z","volume":1000,"label":" ","price":37.45},{"type":"B","date":"2018-03-27T01:40:26.000Z","volume":500,"label":" ","price":37.4},{"type":"A","date":"2018-03-27T01:40:26.000Z","volume":500,"label":" ","price":37.45},{"type":"B","date":"2018-03-27T01:40:36.000Z","volume":500,"label":" ","price":37.4},{"type":"A","date":"2018-03-27T01:40:36.000Z","volume":6500,"label":" ","price":37.45},{"type":"A","date":"2018-03-27T01:40:38.000Z","volume":1500,"label":" ","price":37.45},{"type":"A","date":"2018-03-27T01:40:38.000Z","volume":18000,"label":" ","price":37.45},{"type":"A","date":"2018-03-27T01:40:38.000Z","volume":1500,"label":"Y","price":37.45},{"type":"A","date":"2018-03-27T01:40:39.000Z","volume":1500,"label":" ","price":37.45},{"type":"A","date":"2018-03-27T01:40:40.000Z","volume":4500,"label":" ","price":37.5},{"type":"A","date":"2018-03-27T01:40:40.000Z","volume":500,"label":" ","price":37.5},{"type":"B","date":"2018-03-27T01:40:40.000Z","volume":500,"label":" ","price":37.45},{"type":"B","date":"2018-03-27T01:40:47.000Z","volume":1000,"label":" ","price":37.45},{"type":"A","date":"2018-03-27T01:40:50.000Z","volume":5500,"label":" ","price":37.55},{"type":"B","date":"2018-03-27T01:40:50.000Z","volume":1000,"label":" ","price":37.5},{"type":"A","date":"2018-03-27T01:40:50.000Z","volume":1000,"label":" ","price":37.6},{"type":"A","date":"2018-03-27T01:41:14.000Z","volume":3000,"label":" ","price":37.55},{"type":"A","date":"2018-03-27T01:41:14.000Z","volume":10000,"label":" ","price":37.6},{"type":"A","date":"2018-03-27T01:41:14.000Z","volume":500,"label":" ","price":37.55},{"type":"B","date":"2018-03-27T01:41:16.000Z","volume":16000,"label":" ","price":37.5},{"type":"U","date":"2018-03-27T01:41:26.000Z","volume":500,"label":" ","price":37.55},{"type":"U","date":"2018-03-27T01:41:30.000Z","volume":17000,"label":" ","price":37.5},{"type":"U","date":"2018-03-27T01:41:30.000Z","volume":3500,"label":" ","price":37.5},{"type":"U","date":"2018-03-27T01:41:30.000Z","volume":3000,"label":" ","price":37.5},{"type":"U","date":"2018-03-27T01:41:30.000Z","volume":5000,"label":" ","price":37.5},{"type":"U","date":"2018-03-27T01:41:30.000Z","volume":500,"label":" ","price":37.5},{"type":"B","date":"2018-03-27T01:41:31.000Z","volume":5500,"label":" ","price":37.45},{"type":"B","date":"2018-03-27T01:41:31.000Z","volume":500,"label":" ","price":37.45},{"type":"A","date":"2018-03-27T01:41:32.000Z","volume":1000,"label":" ","price":37.55},{"type":"A","date":"2018-03-27T01:41:32.000Z","volume":1500,"label":" ","price":37.55},{"type":"A","date":"2018-03-27T01:41:37.000Z","volume":5000,"label":" ","price":37.5},{"type":"B","date":"2018-03-27T01:41:52.000Z","volume":2000,"label":" ","price":37.45},{"type":"A","date":"2018-03-27T01:41:52.000Z","volume":500,"label":" ","price":37.5},{"type":"B","date":"2018-03-27T01:42:06.000Z","volume":500,"label":" ","price":37.45},{"type":"B","date":"2018-03-27T01:42:06.000Z","volume":30500,"label":" ","price":37.45},{"type":"B","date":"2018-03-27T01:42:06.000Z","volume":1000,"label":" ","price":37.45},{"type":"A","date":"2018-03-27T01:42:07.000Z","volume":1500,"label":" ","price":37.5},{"type":"B","date":"2018-03-27T01:42:07.000Z","volume":5000,"label":" ","price":37.45},{"type":"B","date":"2018-03-27T01:42:08.000Z","volume":500,"label":" ","price":37.45},{"type":"B","date":"2018-03-27T01:42:10.000Z","volume":5000,"label":" ","price":37.45},{"type":"A","date":"2018-03-27T01:42:10.000Z","volume":500,"label":" ","price":37.5},{"type":"A","date":"2018-03-27T01:42:17.000Z","volume":4000,"label":" ","price":37.45},{"type":"A","date":"2018-03-27T01:42:17.000Z","volume":500,"label":" ","price":37.45},{"type":"A","date":"2018-03-27T01:42:17.000Z","volume":2000,"label":" ","price":37.45},{"type":"A","date":"2018-03-27T01:42:17.000Z","volume":2000,"label":" ","price":37.45},{"type":"A","date":"2018-03-27T01:42:27.000Z","volume":500,"label":" ","price":37.45},{"type":"A","date":"2018-03-27T01:42:50.000Z","volume":2000,"label":" ","price":37.45},{"type":"A","date":"2018-03-27T01:42:50.000Z","volume":1000,"label":"Y","price":37.45},{"type":"A","date":"2018-03-27T01:42:50.000Z","volume":1000,"label":" ","price":37.45},{"type":"A","date":"2018-03-27T01:42:50.000Z","volume":2000,"label":"Y","price":37.45},{"type":"A","date":"2018-03-27T01:42:50.000Z","volume":2000,"label":"Y","price":37.45},{"type":"A","date":"2018-03-27T01:42:50.000Z","volume":4500,"label":" ","price":37.45},{"type":"A","date":"2018-03-27T01:42:50.000Z","volume":2000,"label":" ","price":37.45},{"type":"A","date":"2018-03-27T01:42:50.000Z","volume":1000,"label":" ","price":37.5},{"type":"B","date":"2018-03-27T01:42:54.000Z","volume":1000,"label":"Y","price":37.45},{"type":"B","date":"2018-03-27T01:42:54.000Z","volume":500,"label":" ","price":37.45},{"type":"A","date":"2018-03-27T01:42:54.000Z","volume":6500,"label":" ","price":37.5},{"type":"A","date":"2018-03-27T01:42:54.000Z","volume":4500,"label":" ","price":37.5},{"type":"A","date":"2018-03-27T01:42:54.000Z","volume":1500,"label":" ","price":37.5},{"type":"A","date":"2018-03-27T01:42:54.000Z","volume":1500,"label":" ","price":37.55},{"type":"B","date":"2018-03-27T01:42:54.000Z","volume":500,"label":" ","price":37.5},{"type":"B","date":"2018-03-27T01:42:54.000Z","volume":1000,"label":" ","price":37.5},{"type":"B","date":"2018-03-27T01:42:54.000Z","volume":500,"label":" ","price":37.5},{"type":"A","date":"2018-03-27T01:42:54.000Z","volume":1000,"label":" ","price":37.6},{"type":"U","date":"2018-03-27T01:42:54.000Z","volume":1500,"label":" ","price":37.5},{"type":"A","date":"2018-03-27T01:43:00.000Z","volume":1000,"label":" ","price":37.6},{"type":"U","date":"2018-03-27T01:43:01.000Z","volume":1000,"label":" ","price":37.55},{"type":"U","date":"2018-03-27T01:43:01.000Z","volume":500,"label":" ","price":37.55},{"type":"A","date":"2018-03-27T01:43:06.000Z","volume":1500,"label":" ","price":37.6},{"type":"U","date":"2018-03-27T01:43:17.000Z","volume":10000,"label":" ","price":37.5},{"type":"U","date":"2018-03-27T01:43:18.000Z","volume":2000,"label":" ","price":37.55},{"type":"B","date":"2018-03-27T01:43:20.000Z","volume":7000,"label":" ","price":37.45},{"type":"B","date":"2018-03-27T01:43:20.000Z","volume":1000,"label":"Y","price":37.4},{"type":"B","date":"2018-03-27T01:43:20.000Z","volume":48000,"label":" ","price":37.4},{"type":"B","date":"2018-03-27T01:43:20.000Z","volume":1500,"label":" ","price":37.4},{"type":"B","date":"2018-03-27T01:43:20.000Z","volume":1500,"label":" ","price":37.4},{"type":"B","date":"2018-03-27T01:43:20.000Z","volume":1000,"label":" ","price":37.4},{"type":"B","date":"2018-03-27T01:43:21.000Z","volume":500,"label":" ","price":37.45},{"type":"B","date":"2018-03-27T01:43:21.000Z","volume":4000,"label":" ","price":37.45},{"type":"B","date":"2018-03-27T01:43:21.000Z","volume":500,"label":"Y","price":37.4},{"type":"B","date":"2018-03-27T01:43:21.000Z","volume":1000,"label":" ","price":37.4},{"type":"B","date":"2018-03-27T01:43:21.000Z","volume":500,"label":" ","price":37.4},{"type":"B","date":"2018-03-27T01:43:21.000Z","volume":500,"label":" ","price":37.4},{"type":"B","date":"2018-03-27T01:43:21.000Z","volume":500,"label":" ","price":37.4},{"type":"A","date":"2018-03-27T01:43:26.000Z","volume":3500,"label":" ","price":37.5},{"type":"A","date":"2018-03-27T01:43:26.000Z","volume":500,"label":"Y","price":37.5},{"type":"A","date":"2018-03-27T01:43:26.000Z","volume":2000,"label":" ","price":37.5},{"type":"B","date":"2018-03-27T01:43:30.000Z","volume":2500,"label":" ","price":37.45},{"type":"A","date":"2018-03-27T01:44:14.000Z","volume":1500,"label":" ","price":37.5},{"type":"B","date":"2018-03-27T01:44:14.000Z","volume":1500,"label":" ","price":37.45},{"type":"B","date":"2018-03-27T01:44:16.000Z","volume":500,"label":"Y","price":37.45},{"type":"B","date":"2018-03-27T01:44:16.000Z","volume":2500,"label":" ","price":37.45},{"type":"U","date":"2018-03-27T01:44:23.000Z","volume":1000,"label":"X","price":37.475},{"type":"U","date":"2018-03-27T01:44:28.000Z","volume":1000,"label":"X","price":37.475},{"type":"U","date":"2018-03-27T01:44:28.000Z","volume":500,"label":"X","price":37.475},{"type":"A","date":"2018-03-27T01:44:35.000Z","volume":1000,"label":" ","price":37.5},{"type":"A","date":"2018-03-27T01:44:50.000Z","volume":10000,"label":" ","price":37.5},{"type":"A","date":"2018-03-27T01:44:50.000Z","volume":9500,"label":" ","price":37.5},{"type":"A","date":"2018-03-27T01:44:50.000Z","volume":500,"label":" ","price":37.5},{"type":"A","date":"2018-03-27T01:44:50.000Z","volume":10000,"label":" ","price":37.5},{"type":"A","date":"2018-03-27T01:44:50.000Z","volume":10000,"label":" ","price":37.5},{"type":"B","date":"2018-03-27T01:44:51.000Z","volume":500,"label":" ","price":37.45},{"type":"U","date":"2018-03-27T01:44:51.000Z","volume":2000,"label":" ","price":37.5},{"type":"U","date":"2018-03-27T01:44:51.000Z","volume":8000,"label":" ","price":37.5},{"type":"U","date":"2018-03-27T01:44:51.000Z","volume":1500,"label":" ","price":37.5},{"type":"U","date":"2018-03-27T01:44:51.000Z","volume":1500,"label":" ","price":37.5},{"type":"U","date":"2018-03-27T01:44:51.000Z","volume":2000,"label":" ","price":37.5},{"type":"U","date":"2018-03-27T01:44:51.000Z","volume":8000,"label":" ","price":37.5},{"type":"A","date":"2018-03-27T01:44:51.000Z","volume":2000,"label":" ","price":37.55},{"type":"U","date":"2018-03-27T01:44:51.000Z","volume":10000,"label":" ","price":37.5},{"type":"B","date":"2018-03-27T01:44:51.000Z","volume":500,"label":" ","price":37.45},{"type":"A","date":"2018-03-27T01:44:53.000Z","volume":2500,"label":" ","price":37.5},{"type":"A","date":"2018-03-27T01:44:53.000Z","volume":2000,"label":" ","price":37.5},{"type":"A","date":"2018-03-27T01:44:53.000Z","volume":1000,"label":"Y","price":37.5},{"type":"A","date":"2018-03-27T01:44:53.000Z","volume":5500,"label":" ","price":37.5},{"type":"A","date":"2018-03-27T01:44:53.000Z","volume":6500,"label":" ","price":37.5},{"type":"A","date":"2018-03-27T01:44:53.000Z","volume":500,"label":" ","price":37.5},{"type":"B","date":"2018-03-27T01:44:53.000Z","volume":500,"label":" ","price":37.45},{"type":"A","date":"2018-03-27T01:44:53.000Z","volume":1500,"label":" ","price":37.5},{"type":"A","date":"2018-03-27T01:44:55.000Z","volume":1000,"label":" ","price":37.5},{"type":"A","date":"2018-03-27T01:44:55.000Z","volume":11500,"label":" ","price":37.5},{"type":"A","date":"2018-03-27T01:44:57.000Z","volume":500,"label":" ","price":37.5},{"type":"A","date":"2018-03-27T01:44:57.000Z","volume":2000,"label":" ","price":37.5},{"type":"A","date":"2018-03-27T01:44:57.000Z","volume":3000,"label":" ","price":37.5},{"type":"A","date":"2018-03-27T01:44:57.000Z","volume":2000,"label":" ","price":37.5},{"type":"A","date":"2018-03-27T01:44:57.000Z","volume":2000,"label":" ","price":37.5},{"type":"A","date":"2018-03-27T01:44:57.000Z","volume":1500,"label":" ","price":37.5},{"type":"B","date":"2018-03-27T01:44:58.000Z","volume":1500,"label":" ","price":37.5},{"type":"B","date":"2018-03-27T01:44:58.000Z","volume":1500,"label":" ","price":37.5},{"type":"A","date":"2018-03-27T01:44:59.000Z","volume":1000,"label":" ","price":37.5},{"type":"A","date":"2018-03-27T01:44:59.000Z","volume":1500,"label":" ","price":37.5},{"type":"A","date":"2018-03-27T01:45:07.000Z","volume":10000,"label":" ","price":37.5},{"type":"A","date":"2018-03-27T01:45:07.000Z","volume":1000,"label":"Y","price":37.5},{"type":"A","date":"2018-03-27T01:45:07.000Z","volume":1000,"label":" ","price":37.5},{"type":"A","date":"2018-03-27T01:45:07.000Z","volume":2000,"label":" ","price":37.5},{"type":"A","date":"2018-03-27T01:45:07.000Z","volume":2000,"label":" ","price":37.5},{"type":"B","date":"2018-03-27T01:45:07.000Z","volume":1500,"label":" ","price":37.5},{"type":"A","date":"2018-03-27T01:45:08.000Z","volume":1500,"label":" ","price":37.5},{"type":"A","date":"2018-03-27T01:45:09.000Z","volume":1500,"label":" ","price":37.5},{"type":"A","date":"2018-03-27T01:45:29.000Z","volume":1000,"label":" ","price":37.5},{"type":"A","date":"2018-03-27T01:45:39.000Z","volume":14500,"label":" ","price":37.5},{"type":"A","date":"2018-03-27T01:45:39.000Z","volume":1500,"label":" ","price":37.5},{"type":"U","date":"2018-03-27T01:45:39.000Z","volume":500,"label":"X","price":37.475},{"type":"A","date":"2018-03-27T01:45:39.000Z","volume":1000,"label":" ","price":37.5},{"type":"A","date":"2018-03-27T01:45:41.000Z","volume":3500,"label":" ","price":37.5},{"type":"A","date":"2018-03-27T01:45:41.000Z","volume":2000,"label":" ","price":37.5},{"type":"A","date":"2018-03-27T01:45:41.000Z","volume":4500,"label":" ","price":37.5},{"type":"U","date":"2018-03-27T01:45:41.000Z","volume":500,"label":" ","price":37.55},{"type":"A","date":"2018-03-27T01:45:42.000Z","volume":500,"label":" ","price":37.5},{"type":"A","date":"2018-03-27T01:45:43.000Z","volume":1000,"label":" ","price":37.5},{"type":"A","date":"2018-03-27T01:45:43.000Z","volume":2000,"label":" ","price":37.5},{"type":"A","date":"2018-03-27T01:45:46.000Z","volume":500,"label":" ","price":37.5},{"type":"A","date":"2018-03-27T01:45:46.000Z","volume":6000,"label":" ","price":37.5},{"type":"U","date":"2018-03-27T01:45:47.000Z","volume":1000,"label":" ","price":37.55},{"type":"U","date":"2018-03-27T01:45:47.000Z","volume":1500,"label":" ","price":37.55},{"type":"A","date":"2018-03-27T01:45:48.000Z","volume":500,"label":" ","price":37.5},{"type":"A","date":"2018-03-27T01:45:49.000Z","volume":1000,"label":" ","price":37.5},{"type":"B","date":"2018-03-27T01:45:51.000Z","volume":500,"label":" ","price":37.45},{"type":"A","date":"2018-03-27T01:45:58.000Z","volume":9500,"label":" ","price":37.5},{"type":"B","date":"2018-03-27T01:45:58.000Z","volume":500,"label":" ","price":37.5},{"type":"A","date":"2018-03-27T01:45:58.000Z","volume":500,"label":" ","price":37.5},{"type":"A","date":"2018-03-27T01:45:59.000Z","volume":2000,"label":" ","price":37.5},{"type":"A","date":"2018-03-27T01:46:16.000Z","volume":2000,"label":" ","price":37.5},{"type":"A","date":"2018-03-27T01:46:16.000Z","volume":8000,"label":" ","price":37.5},{"type":"A","date":"2018-03-27T01:46:16.000Z","volume":2000,"label":" ","price":37.5},{"type":"U","date":"2018-03-27T01:46:17.000Z","volume":1500,"label":" ","price":37.55},{"type":"A","date":"2018-03-27T01:46:19.000Z","volume":500,"label":" ","price":37.6},{"type":"B","date":"2018-03-27T01:46:20.000Z","volume":2000,"label":" ","price":37.5},{"type":"B","date":"2018-03-27T01:46:52.000Z","volume":1000,"label":" ","price":37.45},{"type":"U","date":"2018-03-27T01:46:57.000Z","volume":500,"label":" ","price":37.5},{"type":"U","date":"2018-03-27T01:47:06.000Z","volume":500,"label":" ","price":37.55},{"type":"A","date":"2018-03-27T01:47:36.000Z","volume":1000,"label":" ","price":37.55},{"type":"A","date":"2018-03-27T01:47:43.000Z","volume":500,"label":" ","price":37.55},{"type":"U","date":"2018-03-27T01:47:46.000Z","volume":500,"label":"X","price":37.525},{"type":"A","date":"2018-03-27T01:47:57.000Z","volume":500,"label":" ","price":37.55},{"type":"A","date":"2018-03-27T01:48:14.000Z","volume":500,"label":" ","price":37.55},{"type":"A","date":"2018-03-27T01:48:16.000Z","volume":2500,"label":" ","price":37.55},{"type":"B","date":"2018-03-27T01:48:16.000Z","volume":500,"label":" ","price":37.55},{"type":"A","date":"2018-03-27T01:48:17.000Z","volume":1000,"label":" ","price":37.6},{"type":"A","date":"2018-03-27T01:48:17.000Z","volume":1000,"label":" ","price":37.65},{"type":"B","date":"2018-03-27T01:48:20.000Z","volume":500,"label":" ","price":37.6},{"type":"B","date":"2018-03-27T01:48:39.000Z","volume":1000,"label":" ","price":37.6},{"type":"A","date":"2018-03-27T01:48:46.000Z","volume":500,"label":" ","price":37.65},{"type":"B","date":"2018-03-27T01:48:47.000Z","volume":3000,"label":"Y","price":37.6},{"type":"B","date":"2018-03-27T01:48:47.000Z","volume":14500,"label":" ","price":37.6},{"type":"A","date":"2018-03-27T01:48:47.000Z","volume":500,"label":" ","price":37.6},{"type":"A","date":"2018-03-27T01:48:47.000Z","volume":2500,"label":" ","price":37.6},{"type":"A","date":"2018-03-27T01:48:49.000Z","volume":1500,"label":" ","price":37.65},{"type":"A","date":"2018-03-27T01:49:10.000Z","volume":1500,"label":" ","price":37.65},{"type":"A","date":"2018-03-27T01:49:17.000Z","volume":500,"label":" ","price":37.6},{"type":"A","date":"2018-03-27T01:49:43.000Z","volume":5000,"label":" ","price":37.6},{"type":"A","date":"2018-03-27T01:49:44.000Z","volume":1000,"label":" ","price":37.6},{"type":"U","date":"2018-03-27T01:50:09.000Z","volume":1000,"label":"X","price":37.575},{"type":"U","date":"2018-03-27T01:50:12.000Z","volume":500,"label":"X","price":37.575},{"type":"U","date":"2018-03-27T01:50:28.000Z","volume":500,"label":"X","price":37.575},{"type":"B","date":"2018-03-27T01:50:39.000Z","volume":2000,"label":" ","price":37.55},{"type":"A","date":"2018-03-27T01:50:55.000Z","volume":1500,"label":" ","price":37.6},{"type":"A","date":"2018-03-27T01:51:02.000Z","volume":1000,"label":" ","price":37.6},{"type":"A","date":"2018-03-27T01:51:02.000Z","volume":1000,"label":" ","price":37.6},{"type":"A","date":"2018-03-27T01:51:07.000Z","volume":1000,"label":" ","price":37.6},{"type":"A","date":"2018-03-27T01:51:16.000Z","volume":1000,"label":" ","price":37.6},{"type":"B","date":"2018-03-27T01:51:21.000Z","volume":500,"label":" ","price":37.55},{"type":"B","date":"2018-03-27T01:51:28.000Z","volume":500,"label":" ","price":37.55},{"type":"B","date":"2018-03-27T01:51:36.000Z","volume":500,"label":" ","price":37.55},{"type":"B","date":"2018-03-27T01:51:36.000Z","volume":1000,"label":" ","price":37.55},{"type":"A","date":"2018-03-27T01:51:36.000Z","volume":500,"label":" ","price":37.6},{"type":"A","date":"2018-03-27T01:51:38.000Z","volume":1000,"label":" ","price":37.6},{"type":"B","date":"2018-03-27T01:51:54.000Z","volume":500,"label":" ","price":37.55},{"type":"B","date":"2018-03-27T01:52:02.000Z","volume":500,"label":" ","price":37.55},{"type":"B","date":"2018-03-27T01:52:11.000Z","volume":500,"label":" ","price":37.55},{"type":"U","date":"2018-03-27T01:52:13.000Z","volume":500,"label":"X","price":37.575},{"type":"B","date":"2018-03-27T01:52:14.000Z","volume":2000,"label":" ","price":37.55},{"type":"A","date":"2018-03-27T01:52:18.000Z","volume":10000,"label":" ","price":37.6},{"type":"A","date":"2018-03-27T01:52:19.000Z","volume":1000,"label":" ","price":37.6},{"type":"A","date":"2018-03-27T01:52:29.000Z","volume":500,"label":" ","price":37.6},{"type":"A","date":"2018-03-27T01:52:30.000Z","volume":500,"label":" ","price":37.6},{"type":"A","date":"2018-03-27T01:52:30.000Z","volume":1500,"label":" ","price":37.6},{"type":"A","date":"2018-03-27T01:52:38.000Z","volume":500,"label":" ","price":37.6},{"type":"A","date":"2018-03-27T01:52:38.000Z","volume":500,"label":" ","price":37.6},{"type":"A","date":"2018-03-27T01:52:49.000Z","volume":1000,"label":" ","price":37.65},{"type":"A","date":"2018-03-27T01:52:50.000Z","volume":500,"label":" ","price":37.65},{"type":"A","date":"2018-03-27T01:52:50.000Z","volume":500,"label":" ","price":37.7},{"type":"A","date":"2018-03-27T01:53:20.000Z","volume":14500,"label":" ","price":37.65},{"type":"B","date":"2018-03-27T01:53:20.000Z","volume":500,"label":" ","price":37.65},{"type":"A","date":"2018-03-27T01:53:20.000Z","volume":500,"label":" ","price":37.65},{"type":"A","date":"2018-03-27T01:53:22.000Z","volume":1000,"label":" ","price":37.65},{"type":"A","date":"2018-03-27T01:53:23.000Z","volume":1000,"label":" ","price":37.7},{"type":"A","date":"2018-03-27T01:53:24.000Z","volume":1500,"label":" ","price":37.7},{"type":"A","date":"2018-03-27T01:53:31.000Z","volume":2000,"label":" ","price":37.7},{"type":"A","date":"2018-03-27T01:53:32.000Z","volume":500,"label":" ","price":37.7},{"type":"A","date":"2018-03-27T01:53:32.000Z","volume":4500,"label":" ","price":37.7},{"type":"A","date":"2018-03-27T01:54:27.000Z","volume":1500,"label":" ","price":37.7},{"type":"B","date":"2018-03-27T01:54:31.000Z","volume":2500,"label":"Y","price":37.65},{"type":"B","date":"2018-03-27T01:54:31.000Z","volume":38500,"label":" ","price":37.65},{"type":"B","date":"2018-03-27T01:54:31.000Z","volume":2000,"label":" ","price":37.65},{"type":"B","date":"2018-03-27T01:54:31.000Z","volume":1000,"label":" ","price":37.6},{"type":"A","date":"2018-03-27T01:54:39.000Z","volume":14500,"label":" ","price":37.65},{"type":"B","date":"2018-03-27T01:54:39.000Z","volume":500,"label":" ","price":37.65},{"type":"A","date":"2018-03-27T01:54:41.000Z","volume":2000,"label":" ","price":37.7},{"type":"B","date":"2018-03-27T01:54:42.000Z","volume":500,"label":" ","price":37.65},{"type":"B","date":"2018-03-27T01:54:48.000Z","volume":3500,"label":" ","price":37.65},{"type":"A","date":"2018-03-27T01:54:57.000Z","volume":1500,"label":" ","price":37.65},{"type":"A","date":"2018-03-27T01:54:57.000Z","volume":500,"label":"Y","price":37.7},{"type":"A","date":"2018-03-27T01:54:57.000Z","volume":2000,"label":" ","price":37.7},{"type":"A","date":"2018-03-27T01:55:05.000Z","volume":500,"label":" ","price":37.75},{"type":"B","date":"2018-03-27T01:55:34.000Z","volume":11500,"label":" ","price":37.7},{"type":"B","date":"2018-03-27T01:55:34.000Z","volume":1000,"label":" ","price":37.7},{"type":"B","date":"2018-03-27T01:55:35.000Z","volume":2000,"label":" ","price":37.7},{"type":"B","date":"2018-03-27T01:55:35.000Z","volume":1500,"label":" ","price":37.7},{"type":"A","date":"2018-03-27T01:55:47.000Z","volume":5000,"label":" ","price":37.75},{"type":"B","date":"2018-03-27T01:56:24.000Z","volume":1500,"label":" ","price":37.65},{"type":"B","date":"2018-03-27T01:56:44.000Z","volume":500,"label":" ","price":37.65},{"type":"A","date":"2018-03-27T01:56:44.000Z","volume":500,"label":" ","price":37.7},{"type":"U","date":"2018-03-27T01:56:44.000Z","volume":500,"label":"X","price":37.675},{"type":"U","date":"2018-03-27T01:56:44.000Z","volume":500,"label":"X","price":37.675},{"type":"U","date":"2018-03-27T01:56:46.000Z","volume":1000,"label":"X","price":37.675},{"type":"U","date":"2018-03-27T01:56:46.000Z","volume":500,"label":"X","price":37.675},{"type":"B","date":"2018-03-27T01:57:17.000Z","volume":500,"label":" ","price":37.65},{"type":"A","date":"2018-03-27T01:57:56.000Z","volume":500,"label":" ","price":37.7},{"type":"A","date":"2018-03-27T01:58:10.000Z","volume":6500,"label":" ","price":37.7},{"type":"A","date":"2018-03-27T01:58:10.000Z","volume":4000,"label":" ","price":37.7},{"type":"U","date":"2018-03-27T01:58:10.000Z","volume":2000,"label":" ","price":37.7},{"type":"U","date":"2018-03-27T01:58:10.000Z","volume":1000,"label":" ","price":37.7},{"type":"A","date":"2018-03-27T01:58:11.000Z","volume":500,"label":" ","price":37.75},{"type":"U","date":"2018-03-27T01:58:11.000Z","volume":2000,"label":" ","price":37.7},{"type":"A","date":"2018-03-27T01:58:16.000Z","volume":500,"label":" ","price":37.7},{"type":"A","date":"2018-03-27T01:58:16.000Z","volume":1000,"label":" ","price":37.7},{"type":"B","date":"2018-03-27T01:59:25.000Z","volume":500,"label":" ","price":37.65},{"type":"A","date":"2018-03-27T01:59:37.000Z","volume":3000,"label":" ","price":37.7},{"type":"A","date":"2018-03-27T01:59:38.000Z","volume":1000,"label":" ","price":37.7},{"type":"A","date":"2018-03-27T01:59:56.000Z","volume":4000,"label":" ","price":37.7},{"type":"A","date":"2018-03-27T01:59:56.000Z","volume":500,"label":" ","price":37.7},{"type":"B","date":"2018-03-27T02:00:17.000Z","volume":1000,"label":" ","price":37.65},{"type":"B","date":"2018-03-27T02:00:19.000Z","volume":4500,"label":"Y","price":37.65},{"type":"B","date":"2018-03-27T02:00:19.000Z","volume":35500,"label":" ","price":37.65},{"type":"A","date":"2018-03-27T02:00:20.000Z","volume":1500,"label":" ","price":37.65},{"type":"B","date":"2018-03-27T02:00:26.000Z","volume":500,"label":" ","price":37.6},{"type":"B","date":"2018-03-27T02:00:34.000Z","volume":500,"label":" ","price":37.6},{"type":"U","date":"2018-03-27T02:00:35.000Z","volume":500,"label":"X","price":37.657},{"type":"B","date":"2018-03-27T02:00:56.000Z","volume":500,"label":" ","price":37.6},{"type":"B","date":"2018-03-27T02:00:56.000Z","volume":500,"label":" ","price":37.6},{"type":"B","date":"2018-03-27T02:01:08.000Z","volume":2000,"label":" ","price":37.6},{"type":"B","date":"2018-03-27T02:01:08.000Z","volume":500,"label":" ","price":37.6},{"type":"A","date":"2018-03-27T02:01:09.000Z","volume":500,"label":" ","price":37.65},{"type":"B","date":"2018-03-27T02:01:12.000Z","volume":1500,"label":"Y","price":37.6},{"type":"B","date":"2018-03-27T02:01:12.000Z","volume":500,"label":" ","price":37.6},{"type":"B","date":"2018-03-27T02:01:13.000Z","volume":1000,"label":" ","price":37.6},{"type":"B","date":"2018-03-27T02:01:29.000Z","volume":18000,"label":" ","price":37.6},{"type":"B","date":"2018-03-27T02:01:33.000Z","volume":500,"label":" ","price":37.55},{"type":"A","date":"2018-03-27T02:01:36.000Z","volume":10000,"label":" ","price":37.6},{"type":"A","date":"2018-03-27T02:01:36.000Z","volume":500,"label":" ","price":37.6},{"type":"A","date":"2018-03-27T02:01:41.000Z","volume":1500,"label":" ","price":37.6},{"type":"A","date":"2018-03-27T02:01:41.000Z","volume":500,"label":" ","price":37.65},{"type":"U","date":"2018-03-27T02:02:11.000Z","volume":500,"label":"X","price":37.601},{"type":"B","date":"2018-03-27T02:03:04.000Z","volume":1000,"label":" ","price":37.6},{"type":"B","date":"2018-03-27T02:03:04.000Z","volume":13000,"label":" ","price":37.6},{"type":"A","date":"2018-03-27T02:03:04.000Z","volume":500,"label":" ","price":37.65},{"type":"A","date":"2018-03-27T02:04:12.000Z","volume":500,"label":" ","price":37.6},{"type":"A","date":"2018-03-27T02:04:12.000Z","volume":500,"label":" ","price":37.6},{"type":"A","date":"2018-03-27T02:04:12.000Z","volume":500,"label":" ","price":37.6},{"type":"B","date":"2018-03-27T02:04:16.000Z","volume":500,"label":" ","price":37.55},{"type":"A","date":"2018-03-27T02:04:21.000Z","volume":1000,"label":" ","price":37.6},{"type":"B","date":"2018-03-27T02:04:36.000Z","volume":500,"label":" ","price":37.55},{"type":"B","date":"2018-03-27T02:04:42.000Z","volume":2000,"label":" ","price":37.55},{"type":"B","date":"2018-03-27T02:04:46.000Z","volume":500,"label":" ","price":37.55},{"type":"B","date":"2018-03-27T02:05:06.000Z","volume":500,"label":" ","price":37.55},{"type":"B","date":"2018-03-27T02:05:20.000Z","volume":500,"label":" ","price":37.55},{"type":"B","date":"2018-03-27T02:05:24.000Z","volume":1000,"label":" ","price":37.55},{"type":"B","date":"2018-03-27T02:05:26.000Z","volume":500,"label":" ","price":37.55},{"type":"B","date":"2018-03-27T02:05:36.000Z","volume":500,"label":" ","price":37.55},{"type":"A","date":"2018-03-27T02:05:36.000Z","volume":500,"label":" ","price":37.6},{"type":"B","date":"2018-03-27T02:05:55.000Z","volume":500,"label":" ","price":37.55},{"type":"B","date":"2018-03-27T02:06:13.000Z","volume":500,"label":" ","price":37.55},{"type":"B","date":"2018-03-27T02:06:26.000Z","volume":500,"label":" ","price":37.55},{"type":"B","date":"2018-03-27T02:06:32.000Z","volume":500,"label":" ","price":37.55},{"type":"B","date":"2018-03-27T02:06:41.000Z","volume":500,"label":" ","price":37.55},{"type":"B","date":"2018-03-27T02:07:00.000Z","volume":500,"label":" ","price":37.55},{"type":"B","date":"2018-03-27T02:07:11.000Z","volume":500,"label":" ","price":37.55},{"type":"A","date":"2018-03-27T02:07:30.000Z","volume":1500,"label":" ","price":37.6},{"type":"B","date":"2018-03-27T02:07:39.000Z","volume":500,"label":" ","price":37.55},{"type":"B","date":"2018-03-27T02:07:53.000Z","volume":2000,"label":" ","price":37.55},{"type":"B","date":"2018-03-27T02:07:54.000Z","volume":1000,"label":" ","price":37.55},{"type":"A","date":"2018-03-27T02:07:55.000Z","volume":500,"label":" ","price":37.6},{"type":"B","date":"2018-03-27T02:07:58.000Z","volume":500,"label":" ","price":37.55},{"type":"B","date":"2018-03-27T02:08:06.000Z","volume":500,"label":" ","price":37.55},{"type":"B","date":"2018-03-27T02:08:20.000Z","volume":500,"label":" ","price":37.55},{"type":"A","date":"2018-03-27T02:08:39.000Z","volume":500,"label":" ","price":37.6},{"type":"B","date":"2018-03-27T02:08:46.000Z","volume":500,"label":" ","price":37.55},{"type":"U","date":"2018-03-27T02:08:51.000Z","volume":500,"label":"X","price":37.575},{"type":"B","date":"2018-03-27T02:08:57.000Z","volume":500,"label":" ","price":37.55},{"type":"U","date":"2018-03-27T02:08:59.000Z","volume":500,"label":"X","price":37.575},{"type":"U","date":"2018-03-27T02:08:59.000Z","volume":500,"label":"X","price":37.575},{"type":"U","date":"2018-03-27T02:09:00.000Z","volume":500,"label":"X","price":37.575},{"type":"U","date":"2018-03-27T02:09:00.000Z","volume":1000,"label":"X","price":37.575},{"type":"A","date":"2018-03-27T02:09:03.000Z","volume":500,"label":" ","price":37.6},{"type":"A","date":"2018-03-27T02:09:25.000Z","volume":1000,"label":" ","price":37.6},{"type":"B","date":"2018-03-27T02:09:28.000Z","volume":1000,"label":" ","price":37.55},{"type":"A","date":"2018-03-27T02:09:28.000Z","volume":19000,"label":" ","price":37.6},{"type":"A","date":"2018-03-27T02:09:28.000Z","volume":11500,"label":" ","price":37.6},{"type":"A","date":"2018-03-27T02:09:29.000Z","volume":2000,"label":" ","price":37.65},{"type":"A","date":"2018-03-27T02:09:29.000Z","volume":7000,"label":" ","price":37.65},{"type":"U","date":"2018-03-27T02:09:29.000Z","volume":500,"label":" ","price":37.6},{"type":"B","date":"2018-03-27T02:09:29.000Z","volume":500,"label":" ","price":37.6},{"type":"B","date":"2018-03-27T02:09:29.000Z","volume":1000,"label":" ","price":37.6},{"type":"A","date":"2018-03-27T02:09:31.000Z","volume":500,"label":" ","price":37.7},{"type":"A","date":"2018-03-27T02:09:32.000Z","volume":500,"label":" ","price":37.7},{"type":"A","date":"2018-03-27T02:09:34.000Z","volume":20500,"label":" ","price":37.7},{"type":"A","date":"2018-03-27T02:09:34.000Z","volume":5000,"label":" ","price":37.7},{"type":"A","date":"2018-03-27T02:09:34.000Z","volume":2000,"label":" ","price":37.75},{"type":"B","date":"2018-03-27T02:09:46.000Z","volume":500,"label":" ","price":37.7},{"type":"B","date":"2018-03-27T02:09:46.000Z","volume":500,"label":" ","price":37.7},{"type":"A","date":"2018-03-27T02:09:55.000Z","volume":500,"label":" ","price":37.75},{"type":"A","date":"2018-03-27T02:09:56.000Z","volume":500,"label":" ","price":37.75},{"type":"A","date":"2018-03-27T02:10:08.000Z","volume":500,"label":" ","price":37.75},{"type":"A","date":"2018-03-27T02:10:52.000Z","volume":500,"label":" ","price":37.75},{"type":"A","date":"2018-03-27T02:11:04.000Z","volume":500,"label":" ","price":37.75},{"type":"A","date":"2018-03-27T02:11:05.000Z","volume":500,"label":" ","price":37.75},{"type":"A","date":"2018-03-27T02:11:10.000Z","volume":500,"label":" ","price":37.75},{"type":"B","date":"2018-03-27T02:11:37.000Z","volume":1000,"label":" ","price":37.7},{"type":"B","date":"2018-03-27T02:11:37.000Z","volume":1000,"label":" ","price":37.7},{"type":"A","date":"2018-03-27T02:12:01.000Z","volume":500,"label":" ","price":37.75},{"type":"B","date":"2018-03-27T02:12:15.000Z","volume":500,"label":" ","price":37.7},{"type":"B","date":"2018-03-27T02:12:26.000Z","volume":500,"label":" ","price":37.7},{"type":"A","date":"2018-03-27T02:12:35.000Z","volume":500,"label":" ","price":37.75},{"type":"B","date":"2018-03-27T02:12:44.000Z","volume":500,"label":" ","price":37.7},{"type":"A","date":"2018-03-27T02:12:46.000Z","volume":500,"label":" ","price":37.75},{"type":"B","date":"2018-03-27T02:12:48.000Z","volume":1500,"label":"Y","price":37.7},{"type":"A","date":"2018-03-27T02:12:50.000Z","volume":500,"label":" ","price":37.75},{"type":"A","date":"2018-03-27T02:12:51.000Z","volume":2000,"label":" ","price":37.75},{"type":"B","date":"2018-03-27T02:12:56.000Z","volume":500,"label":" ","price":37.7},{"type":"A","date":"2018-03-27T02:12:57.000Z","volume":500,"label":" ","price":37.75},{"type":"A","date":"2018-03-27T02:13:08.000Z","volume":1000,"label":" ","price":37.75},{"type":"A","date":"2018-03-27T02:13:08.000Z","volume":500,"label":" ","price":37.75},{"type":"B","date":"2018-03-27T02:13:16.000Z","volume":500,"label":" ","price":37.7},{"type":"B","date":"2018-03-27T02:13:29.000Z","volume":1000,"label":" ","price":37.7},{"type":"B","date":"2018-03-27T02:13:36.000Z","volume":500,"label":" ","price":37.7},{"type":"B","date":"2018-03-27T02:13:36.000Z","volume":15500,"label":" ","price":37.7},{"type":"B","date":"2018-03-27T02:13:36.000Z","volume":500,"label":" ","price":37.7},{"type":"B","date":"2018-03-27T02:13:36.000Z","volume":20500,"label":" ","price":37.7},{"type":"A","date":"2018-03-27T02:13:36.000Z","volume":500,"label":" ","price":37.75},{"type":"A","date":"2018-03-27T02:13:36.000Z","volume":1500,"label":" ","price":37.75},{"type":"A","date":"2018-03-27T02:13:38.000Z","volume":500,"label":" ","price":37.7},{"type":"A","date":"2018-03-27T02:13:38.000Z","volume":500,"label":" ","price":37.7},{"type":"B","date":"2018-03-27T02:13:56.000Z","volume":500,"label":" ","price":37.65},{"type":"B","date":"2018-03-27T02:13:56.000Z","volume":31000,"label":" ","price":37.65},{"type":"A","date":"2018-03-27T02:14:04.000Z","volume":2000,"label":" ","price":37.7},{"type":"B","date":"2018-03-27T02:14:10.000Z","volume":1000,"label":" ","price":37.65},{"type":"B","date":"2018-03-27T02:14:48.000Z","volume":3000,"label":" ","price":37.65},{"type":"B","date":"2018-03-27T02:14:53.000Z","volume":500,"label":" ","price":37.65},{"type":"B","date":"2018-03-27T02:14:56.000Z","volume":500,"label":" ","price":37.65},{"type":"B","date":"2018-03-27T02:15:05.000Z","volume":500,"label":" ","price":37.65},{"type":"B","date":"2018-03-27T02:15:11.000Z","volume":3000,"label":" ","price":37.65},{"type":"A","date":"2018-03-27T02:15:11.000Z","volume":500,"label":" ","price":37.7},{"type":"B","date":"2018-03-27T02:15:16.000Z","volume":24500,"label":" ","price":37.65},{"type":"B","date":"2018-03-27T02:15:24.000Z","volume":15500,"label":" ","price":37.6},{"type":"B","date":"2018-03-27T02:15:24.000Z","volume":11500,"label":" ","price":37.55},{"type":"B","date":"2018-03-27T02:15:24.000Z","volume":2000,"label":" ","price":37.55},{"type":"A","date":"2018-03-27T02:15:24.000Z","volume":500,"label":" ","price":37.65},{"type":"B","date":"2018-03-27T02:15:26.000Z","volume":500,"label":" ","price":37.5},{"type":"B","date":"2018-03-27T02:15:46.000Z","volume":500,"label":" ","price":37.55},{"type":"B","date":"2018-03-27T02:15:56.000Z","volume":500,"label":" ","price":37.55},{"type":"U","date":"2018-03-27T02:16:07.000Z","volume":500,"label":"X","price":37.651},{"type":"B","date":"2018-03-27T02:16:16.000Z","volume":500,"label":" ","price":37.55},{"type":"B","date":"2018-03-27T02:16:19.000Z","volume":20500,"label":" ","price":37.55},{"type":"B","date":"2018-03-27T02:16:19.000Z","volume":500,"label":" ","price":37.5},{"type":"A","date":"2018-03-27T02:16:19.000Z","volume":500,"label":" ","price":37.6},{"type":"B","date":"2018-03-27T02:16:20.000Z","volume":500,"label":" ","price":37.5},{"type":"A","date":"2018-03-27T02:16:25.000Z","volume":500,"label":" ","price":37.55},{"type":"B","date":"2018-03-27T02:16:36.000Z","volume":500,"label":" ","price":37.5},{"type":"B","date":"2018-03-27T02:16:40.000Z","volume":1000,"label":" ","price":37.5},{"type":"B","date":"2018-03-27T02:16:43.000Z","volume":1000,"label":" ","price":37.5},{"type":"B","date":"2018-03-27T02:16:44.000Z","volume":38500,"label":" ","price":37.5},{"type":"A","date":"2018-03-27T02:16:44.000Z","volume":500,"label":" ","price":37.55},{"type":"U","date":"2018-03-27T02:16:50.000Z","volume":2500,"label":" ","price":37.5},{"type":"B","date":"2018-03-27T02:16:51.000Z","volume":500,"label":"Y","price":37.45},{"type":"B","date":"2018-03-27T02:16:56.000Z","volume":500,"label":" ","price":37.45},{"type":"A","date":"2018-03-27T02:16:57.000Z","volume":500,"label":" ","price":37.5},{"type":"B","date":"2018-03-27T02:17:21.000Z","volume":500,"label":" ","price":37.45},{"type":"B","date":"2018-03-27T02:17:34.000Z","volume":500,"label":" ","price":37.45},{"type":"B","date":"2018-03-27T02:17:40.000Z","volume":2000,"label":" ","price":37.45},{"type":"B","date":"2018-03-27T02:17:50.000Z","volume":500,"label":" ","price":37.45},{"type":"B","date":"2018-03-27T02:17:53.000Z","volume":11000,"label":" ","price":37.45},{"type":"A","date":"2018-03-27T02:17:53.000Z","volume":500,"label":" ","price":37.5},{"type":"B","date":"2018-03-27T02:18:00.000Z","volume":500,"label":" ","price":37.4},{"type":"A","date":"2018-03-27T02:18:24.000Z","volume":10000,"label":" ","price":37.5},{"type":"A","date":"2018-03-27T02:18:24.000Z","volume":1000,"label":" ","price":37.5},{"type":"A","date":"2018-03-27T02:18:26.000Z","volume":10000,"label":" ","price":37.5},{"type":"A","date":"2018-03-27T02:18:26.000Z","volume":1000,"label":" ","price":37.5},{"type":"A","date":"2018-03-27T02:18:26.000Z","volume":500,"label":" ","price":37.55},{"type":"U","date":"2018-03-27T02:18:27.000Z","volume":2500,"label":" ","price":37.5},{"type":"A","date":"2018-03-27T02:18:36.000Z","volume":1000,"label":" ","price":37.5},{"type":"B","date":"2018-03-27T02:18:40.000Z","volume":500,"label":" ","price":37.5},{"type":"U","date":"2018-03-27T02:18:41.000Z","volume":1500,"label":"X","price":37.475},{"type":"A","date":"2018-03-27T02:18:43.000Z","volume":2000,"label":" ","price":37.55},{"type":"A","date":"2018-03-27T02:19:05.000Z","volume":2000,"label":" ","price":37.55},{"type":"A","date":"2018-03-27T02:19:05.000Z","volume":1000,"label":" ","price":37.55},{"type":"A","date":"2018-03-27T02:19:10.000Z","volume":5000,"label":" ","price":37.55},{"type":"A","date":"2018-03-27T02:19:13.000Z","volume":500,"label":" ","price":37.6},{"type":"B","date":"2018-03-27T02:19:14.000Z","volume":5000,"label":" ","price":37.55},{"type":"A","date":"2018-03-27T02:19:14.000Z","volume":500,"label":" ","price":37.6},{"type":"A","date":"2018-03-27T02:19:15.000Z","volume":500,"label":" ","price":37.6},{"type":"B","date":"2018-03-27T02:19:33.000Z","volume":3500,"label":" ","price":37.55},{"type":"A","date":"2018-03-27T02:19:38.000Z","volume":2000,"label":" ","price":37.55},{"type":"A","date":"2018-03-27T02:19:44.000Z","volume":1000,"label":" ","price":37.55},{"type":"A","date":"2018-03-27T02:20:08.000Z","volume":1000,"label":" ","price":37.55},{"type":"A","date":"2018-03-27T02:20:30.000Z","volume":1000,"label":" ","price":37.55},{"type":"B","date":"2018-03-27T02:20:32.000Z","volume":1000,"label":" ","price":37.5},{"type":"B","date":"2018-03-27T02:22:36.000Z","volume":8500,"label":" ","price":37.5},{"type":"B","date":"2018-03-27T02:22:36.000Z","volume":500,"label":" ","price":37.5},{"type":"B","date":"2018-03-27T02:22:36.000Z","volume":17500,"label":" ","price":37.5},{"type":"A","date":"2018-03-27T02:22:36.000Z","volume":500,"label":" ","price":37.55},{"type":"A","date":"2018-03-27T02:22:48.000Z","volume":1000,"label":" ","price":37.5},{"type":"A","date":"2018-03-27T02:22:51.000Z","volume":5000,"label":" ","price":37.5},{"type":"A","date":"2018-03-27T02:22:52.000Z","volume":500,"label":" ","price":37.5},{"type":"A","date":"2018-03-27T02:23:01.000Z","volume":10000,"label":" ","price":37.5},{"type":"A","date":"2018-03-27T02:23:01.000Z","volume":500,"label":" ","price":37.5},{"type":"U","date":"2018-03-27T02:23:01.000Z","volume":500,"label":"X","price":37.509},{"type":"B","date":"2018-03-27T02:23:06.000Z","volume":1000,"label":" ","price":37.45},{"type":"A","date":"2018-03-27T02:23:11.000Z","volume":2500,"label":" ","price":37.5},{"type":"A","date":"2018-03-27T02:23:11.000Z","volume":500,"label":" ","price":37.5},{"type":"A","date":"2018-03-27T02:23:11.000Z","volume":1000,"label":" ","price":37.55},{"type":"B","date":"2018-03-27T02:24:09.000Z","volume":1000,"label":" ","price":37.5},{"type":"U","date":"2018-03-27T02:24:11.000Z","volume":500,"label":"X","price":37.525},{"type":"U","date":"2018-03-27T02:24:16.000Z","volume":500,"label":"X","price":37.525},{"type":"U","date":"2018-03-27T02:24:17.000Z","volume":500,"label":"X","price":37.525},{"type":"B","date":"2018-03-27T02:24:22.000Z","volume":2000,"label":"Y","price":37.5},{"type":"B","date":"2018-03-27T02:24:22.000Z","volume":24500,"label":" ","price":37.5},{"type":"B","date":"2018-03-27T02:24:22.000Z","volume":500,"label":" ","price":37.45},{"type":"B","date":"2018-03-27T02:24:22.000Z","volume":3000,"label":" ","price":37.45},{"type":"A","date":"2018-03-27T02:24:43.000Z","volume":1000,"label":" ","price":37.5},{"type":"U","date":"2018-03-27T02:25:54.000Z","volume":500,"label":"X","price":37.45},{"type":"A","date":"2018-03-27T02:26:33.000Z","volume":500,"label":" ","price":37.5},{"type":"A","date":"2018-03-27T02:26:33.000Z","volume":500,"label":" ","price":37.5},{"type":"B","date":"2018-03-27T02:26:35.000Z","volume":1000,"label":" ","price":37.45},{"type":"B","date":"2018-03-27T02:26:56.000Z","volume":500,"label":" ","price":37.45},{"type":"B","date":"2018-03-27T02:27:06.000Z","volume":500,"label":" ","price":37.45},{"type":"A","date":"2018-03-27T02:27:11.000Z","volume":1000,"label":" ","price":37.5},{"type":"B","date":"2018-03-27T02:27:26.000Z","volume":500,"label":" ","price":37.45},{"type":"B","date":"2018-03-27T02:27:41.000Z","volume":500,"label":" ","price":37.45},{"type":"B","date":"2018-03-27T02:27:46.000Z","volume":500,"label":" ","price":37.45},{"type":"B","date":"2018-03-27T02:27:56.000Z","volume":500,"label":" ","price":37.45},{"type":"B","date":"2018-03-27T02:28:06.000Z","volume":500,"label":" ","price":37.45},{"type":"B","date":"2018-03-27T02:28:16.000Z","volume":500,"label":" ","price":37.45},{"type":"A","date":"2018-03-27T02:28:30.000Z","volume":500,"label":" ","price":37.5},{"type":"B","date":"2018-03-27T02:28:36.000Z","volume":500,"label":" ","price":37.45},{"type":"B","date":"2018-03-27T02:28:45.000Z","volume":1000,"label":" ","price":37.45},{"type":"A","date":"2018-03-27T02:28:45.000Z","volume":500,"label":" ","price":37.5},{"type":"B","date":"2018-03-27T02:28:56.000Z","volume":500,"label":" ","price":37.45},{"type":"B","date":"2018-03-27T02:29:25.000Z","volume":500,"label":" ","price":37.45},{"type":"B","date":"2018-03-27T02:29:41.000Z","volume":500,"label":" ","price":37.45},{"type":"B","date":"2018-03-27T02:29:44.000Z","volume":500,"label":" ","price":37.45},{"type":"B","date":"2018-03-27T02:29:54.000Z","volume":1000,"label":" ","price":37.45},{"type":"B","date":"2018-03-27T02:30:06.000Z","volume":500,"label":" ","price":37.45},{"type":"B","date":"2018-03-27T02:30:06.000Z","volume":500,"label":" ","price":37.45},{"type":"B","date":"2018-03-27T02:30:26.000Z","volume":500,"label":" ","price":37.45},{"type":"A","date":"2018-03-27T02:30:45.000Z","volume":500,"label":" ","price":37.5},{"type":"B","date":"2018-03-27T02:30:45.000Z","volume":500,"label":" ","price":37.45},{"type":"B","date":"2018-03-27T02:30:53.000Z","volume":500,"label":" ","price":37.45},{"type":"B","date":"2018-03-27T02:30:56.000Z","volume":500,"label":" ","price":37.45},{"type":"B","date":"2018-03-27T02:31:10.000Z","volume":500,"label":" ","price":37.45},{"type":"B","date":"2018-03-27T02:31:19.000Z","volume":500,"label":" ","price":37.45},{"type":"A","date":"2018-03-27T02:31:19.000Z","volume":500,"label":" ","price":37.5},{"type":"B","date":"2018-03-27T02:31:46.000Z","volume":500,"label":" ","price":37.45},{"type":"B","date":"2018-03-27T02:32:01.000Z","volume":500,"label":" ","price":37.45},{"type":"A","date":"2018-03-27T02:32:27.000Z","volume":38000,"label":" ","price":37.5},{"type":"A","date":"2018-03-27T02:32:27.000Z","volume":2000,"label":" ","price":37.55},{"type":"A","date":"2018-03-27T02:32:27.000Z","volume":500,"label":" ","price":37.55},{"type":"A","date":"2018-03-27T02:32:27.000Z","volume":2500,"label":" ","price":37.55},{"type":"A","date":"2018-03-27T02:32:27.000Z","volume":500,"label":" ","price":37.55},{"type":"A","date":"2018-03-27T02:32:28.000Z","volume":4000,"label":" ","price":37.55},{"type":"B","date":"2018-03-27T02:32:34.000Z","volume":2500,"label":" ","price":37.5},{"type":"B","date":"2018-03-27T02:32:34.000Z","volume":500,"label":" ","price":37.5},{"type":"A","date":"2018-03-27T02:32:36.000Z","volume":1000,"label":" ","price":37.6},{"type":"B","date":"2018-03-27T02:32:36.000Z","volume":500,"label":" ","price":37.5},{"type":"B","date":"2018-03-27T02:32:46.000Z","volume":5500,"label":" ","price":37.55},{"type":"B","date":"2018-03-27T02:32:46.000Z","volume":8500,"label":" ","price":37.5},{"type":"B","date":"2018-03-27T02:32:46.000Z","volume":500,"label":" ","price":37.5},{"type":"B","date":"2018-03-27T02:32:46.000Z","volume":4500,"label":" ","price":37.45},{"type":"B","date":"2018-03-27T02:32:46.000Z","volume":1500,"label":" ","price":37.45},{"type":"B","date":"2018-03-27T02:32:48.000Z","volume":500,"label":" ","price":37.45},{"type":"A","date":"2018-03-27T02:32:53.000Z","volume":9500,"label":" ","price":37.5},{"type":"A","date":"2018-03-27T02:32:57.000Z","volume":1000,"label":" ","price":37.5},{"type":"A","date":"2018-03-27T02:33:00.000Z","volume":500,"label":" ","price":37.5},{"type":"U","date":"2018-03-27T02:33:01.000Z","volume":500,"label":"X","price":37.498},{"type":"A","date":"2018-03-27T02:33:02.000Z","volume":2000,"label":"Y","price":37.5},{"type":"A","date":"2018-03-27T02:33:12.000Z","volume":30000,"label":" ","price":37.5},{"type":"A","date":"2018-03-27T02:33:12.000Z","volume":2000,"label":" ","price":37.5},{"type":"A","date":"2018-03-27T02:33:12.000Z","volume":500,"label":" ","price":37.55},{"type":"A","date":"2018-03-27T02:33:12.000Z","volume":500,"label":" ","price":37.6},{"type":"A","date":"2018-03-27T02:33:36.000Z","volume":2000,"label":" ","price":37.55},{"type":"A","date":"2018-03-27T02:33:44.000Z","volume":500,"label":" ","price":37.55},{"type":"A","date":"2018-03-27T02:33:50.000Z","volume":500,"label":"Y","price":37.55},{"type":"A","date":"2018-03-27T02:33:52.000Z","volume":1000,"label":" ","price":37.55},{"type":"A","date":"2018-03-27T02:34:04.000Z","volume":1000,"label":" ","price":37.55},{"type":"A","date":"2018-03-27T02:34:04.000Z","volume":500,"label":" ","price":37.55},{"type":"A","date":"2018-03-27T02:34:11.000Z","volume":2500,"label":" ","price":37.55},{"type":"A","date":"2018-03-27T02:35:04.000Z","volume":500,"label":" ","price":37.6},{"type":"U","date":"2018-03-27T02:35:05.000Z","volume":500,"label":"X","price":37.55},{"type":"U","date":"2018-03-27T02:35:07.000Z","volume":500,"label":"X","price":37.55},{"type":"A","date":"2018-03-27T02:35:11.000Z","volume":11000,"label":" ","price":37.6},{"type":"U","date":"2018-03-27T02:35:11.000Z","volume":30000,"label":" ","price":37.6},{"type":"A","date":"2018-03-27T02:35:11.000Z","volume":500,"label":" ","price":37.65},{"type":"A","date":"2018-03-27T02:35:11.000Z","volume":32500,"label":" ","price":37.65},{"type":"A","date":"2018-03-27T02:35:11.000Z","volume":1000,"label":" ","price":37.7},{"type":"A","date":"2018-03-27T02:35:11.000Z","volume":1000,"label":" ","price":37.7},{"type":"U","date":"2018-03-27T02:35:12.000Z","volume":500,"label":" ","price":37.65},{"type":"B","date":"2018-03-27T02:35:18.000Z","volume":10500,"label":" ","price":37.6},{"type":"B","date":"2018-03-27T02:35:18.000Z","volume":9500,"label":" ","price":37.6},{"type":"A","date":"2018-03-27T02:35:20.000Z","volume":500,"label":" ","price":37.75},{"type":"A","date":"2018-03-27T02:35:31.000Z","volume":5000,"label":" ","price":37.75},{"type":"A","date":"2018-03-27T02:36:22.000Z","volume":500,"label":"Y","price":37.7},{"type":"A","date":"2018-03-27T02:36:23.000Z","volume":5000,"label":" ","price":37.7},{"type":"A","date":"2018-03-27T02:36:24.000Z","volume":500,"label":" ","price":37.75},{"type":"A","date":"2018-03-27T02:36:25.000Z","volume":500,"label":"Y","price":37.7},{"type":"A","date":"2018-03-27T02:36:28.000Z","volume":1000,"label":" ","price":37.7},{"type":"A","date":"2018-03-27T02:36:55.000Z","volume":500,"label":" ","price":37.75},{"type":"U","date":"2018-03-27T02:37:44.000Z","volume":500,"label":" ","price":37.7},{"type":"A","date":"2018-03-27T02:38:41.000Z","volume":4000,"label":"Y","price":37.75},{"type":"B","date":"2018-03-27T02:38:42.000Z","volume":1000,"label":" ","price":37.7},{"type":"A","date":"2018-03-27T02:38:42.000Z","volume":500,"label":" ","price":37.75},{"type":"A","date":"2018-03-27T02:38:50.000Z","volume":2000,"label":" ","price":37.75},{"type":"B","date":"2018-03-27T02:38:58.000Z","volume":2000,"label":" ","price":37.7},{"type":"B","date":"2018-03-27T02:39:29.000Z","volume":3500,"label":"Y","price":37.7},{"type":"B","date":"2018-03-27T02:39:29.000Z","volume":26500,"label":" ","price":37.7},{"type":"A","date":"2018-03-27T02:39:29.000Z","volume":1000,"label":" ","price":37.7},{"type":"A","date":"2018-03-27T02:39:29.000Z","volume":1000,"label":" ","price":37.7},{"type":"A","date":"2018-03-27T02:39:45.000Z","volume":1000,"label":" ","price":37.7},{"type":"B","date":"2018-03-27T02:40:50.000Z","volume":500,"label":" ","price":37.65},{"type":"B","date":"2018-03-27T02:41:14.000Z","volume":500,"label":" ","price":37.65},{"type":"B","date":"2018-03-27T02:41:16.000Z","volume":500,"label":" ","price":37.65},{"type":"A","date":"2018-03-27T02:41:17.000Z","volume":500,"label":" ","price":37.7},{"type":"B","date":"2018-03-27T02:41:30.000Z","volume":500,"label":" ","price":37.65},{"type":"B","date":"2018-03-27T02:41:34.000Z","volume":2000,"label":" ","price":37.65},{"type":"U","date":"2018-03-27T02:41:44.000Z","volume":500,"label":"X","price":37.675},{"type":"B","date":"2018-03-27T02:41:49.000Z","volume":1000,"label":" ","price":37.65},{"type":"B","date":"2018-03-27T02:41:53.000Z","volume":500,"label":" ","price":37.65},{"type":"B","date":"2018-03-27T02:41:53.000Z","volume":500,"label":" ","price":37.65},{"type":"B","date":"2018-03-27T02:41:53.000Z","volume":500,"label":" ","price":37.65},{"type":"B","date":"2018-03-27T02:41:53.000Z","volume":500,"label":" ","price":37.65},{"type":"B","date":"2018-03-27T02:42:36.000Z","volume":500,"label":" ","price":37.6},{"type":"A","date":"2018-03-27T02:42:43.000Z","volume":5000,"label":" ","price":37.7},{"type":"A","date":"2018-03-27T02:42:43.000Z","volume":500,"label":" ","price":37.7},{"type":"A","date":"2018-03-27T02:42:55.000Z","volume":500,"label":" ","price":37.65},{"type":"A","date":"2018-03-27T02:43:01.000Z","volume":2500,"label":" ","price":37.65},{"type":"A","date":"2018-03-27T02:44:09.000Z","volume":500,"label":" ","price":37.65},{"type":"B","date":"2018-03-27T02:44:38.000Z","volume":1000,"label":" ","price":37.6},{"type":"A","date":"2018-03-27T02:44:38.000Z","volume":500,"label":" ","price":37.65},{"type":"B","date":"2018-03-27T02:45:15.000Z","volume":1000,"label":" ","price":37.6},{"type":"B","date":"2018-03-27T02:45:29.000Z","volume":500,"label":" ","price":37.6},{"type":"B","date":"2018-03-27T02:46:14.000Z","volume":4500,"label":" ","price":37.6},{"type":"B","date":"2018-03-27T02:46:15.000Z","volume":1500,"label":" ","price":37.6},{"type":"B","date":"2018-03-27T02:46:16.000Z","volume":20500,"label":" ","price":37.6},{"type":"A","date":"2018-03-27T02:46:16.000Z","volume":1500,"label":" ","price":37.65},{"type":"B","date":"2018-03-27T02:46:17.000Z","volume":5500,"label":" ","price":37.55},{"type":"A","date":"2018-03-27T02:46:18.000Z","volume":500,"label":" ","price":37.55},{"type":"B","date":"2018-03-27T02:46:18.000Z","volume":1500,"label":" ","price":37.5},{"type":"A","date":"2018-03-27T02:46:27.000Z","volume":500,"label":" ","price":37.55},{"type":"A","date":"2018-03-27T02:46:36.000Z","volume":500,"label":" ","price":37.55},{"type":"B","date":"2018-03-27T02:46:37.000Z","volume":500,"label":" ","price":37.5},{"type":"A","date":"2018-03-27T02:46:52.000Z","volume":9500,"label":" ","price":37.55},{"type":"A","date":"2018-03-27T02:46:52.000Z","volume":500,"label":" ","price":37.55},{"type":"A","date":"2018-03-27T02:46:57.000Z","volume":1500,"label":" ","price":37.55},{"type":"A","date":"2018-03-27T02:47:54.000Z","volume":6000,"label":" ","price":37.6},{"type":"A","date":"2018-03-27T02:47:54.000Z","volume":500,"label":" ","price":37.6},{"type":"B","date":"2018-03-27T02:47:54.000Z","volume":1000,"label":" ","price":37.6},{"type":"B","date":"2018-03-27T02:47:55.000Z","volume":2500,"label":" ","price":37.6},{"type":"A","date":"2018-03-27T02:49:50.000Z","volume":1500,"label":" ","price":37.55},{"type":"A","date":"2018-03-27T02:49:59.000Z","volume":3500,"label":" ","price":37.55},{"type":"A","date":"2018-03-27T02:49:59.000Z","volume":500,"label":" ","price":37.55},{"type":"A","date":"2018-03-27T02:50:02.000Z","volume":1000,"label":" ","price":37.55},{"type":"U","date":"2018-03-27T02:50:34.000Z","volume":500,"label":"X","price":37.597},{"type":"B","date":"2018-03-27T02:51:08.000Z","volume":500,"label":" ","price":37.5},{"type":"A","date":"2018-03-27T02:51:37.000Z","volume":5000,"label":" ","price":37.55},{"type":"A","date":"2018-03-27T02:51:37.000Z","volume":1000,"label":" ","price":37.55},{"type":"A","date":"2018-03-27T02:51:37.000Z","volume":500,"label":" ","price":37.6},{"type":"A","date":"2018-03-27T02:52:25.000Z","volume":500,"label":" ","price":37.6},{"type":"B","date":"2018-03-27T02:52:57.000Z","volume":8500,"label":" ","price":37.55},{"type":"B","date":"2018-03-27T02:54:01.000Z","volume":78500,"label":" ","price":37.5},{"type":"B","date":"2018-03-27T02:54:01.000Z","volume":3500,"label":" ","price":37.45},{"type":"B","date":"2018-03-27T02:54:01.000Z","volume":2500,"label":" ","price":37.4},{"type":"A","date":"2018-03-27T02:54:01.000Z","volume":1500,"label":" ","price":37.55},{"type":"B","date":"2018-03-27T02:54:03.000Z","volume":3500,"label":" ","price":37.4},{"type":"U","date":"2018-03-27T02:54:13.000Z","volume":500,"label":" ","price":37.45},{"type":"A","date":"2018-03-27T02:54:20.000Z","volume":4500,"label":" ","price":37.5},{"type":"A","date":"2018-03-27T02:54:20.000Z","volume":3000,"label":" ","price":37.5},{"type":"A","date":"2018-03-27T02:54:21.000Z","volume":1500,"label":" ","price":37.5},{"type":"A","date":"2018-03-27T02:55:11.000Z","volume":2500,"label":" ","price":37.5},{"type":"B","date":"2018-03-27T02:55:11.000Z","volume":500,"label":" ","price":37.5},{"type":"A","date":"2018-03-27T02:55:11.000Z","volume":500,"label":" ","price":37.55},{"type":"U","date":"2018-03-27T02:55:43.000Z","volume":500,"label":"X","price":37.525},{"type":"A","date":"2018-03-27T02:55:54.000Z","volume":500,"label":" ","price":37.55},{"type":"U","date":"2018-03-27T02:56:08.000Z","volume":500,"label":"X","price":37.525},{"type":"U","date":"2018-03-27T02:56:08.000Z","volume":500,"label":"X","price":37.525},{"type":"A","date":"2018-03-27T02:56:09.000Z","volume":500,"label":"Y","price":37.55},{"type":"A","date":"2018-03-27T02:56:09.000Z","volume":8500,"label":" ","price":37.55},{"type":"A","date":"2018-03-27T02:56:09.000Z","volume":500,"label":" ","price":37.6},{"type":"U","date":"2018-03-27T02:56:33.000Z","volume":2000,"label":" ","price":37.55},{"type":"U","date":"2018-03-27T02:56:52.000Z","volume":500,"label":"X","price":37.55},{"type":"B","date":"2018-03-27T02:57:33.000Z","volume":10000,"label":" ","price":37.55},{"type":"A","date":"2018-03-27T02:57:33.000Z","volume":500,"label":" ","price":37.6},{"type":"B","date":"2018-03-27T02:57:39.000Z","volume":1500,"label":" ","price":37.55},{"type":"A","date":"2018-03-27T02:57:39.000Z","volume":500,"label":" ","price":37.6},{"type":"B","date":"2018-03-27T02:58:29.000Z","volume":10000,"label":" ","price":37.55},{"type":"B","date":"2018-03-27T02:59:13.000Z","volume":1000,"label":" ","price":37.55},{"type":"B","date":"2018-03-27T02:59:33.000Z","volume":1000,"label":" ","price":37.55},{"type":"B","date":"2018-03-27T03:00:16.000Z","volume":500,"label":" ","price":37.55},{"type":"B","date":"2018-03-27T03:00:23.000Z","volume":3000,"label":" ","price":37.55},{"type":"B","date":"2018-03-27T03:00:30.000Z","volume":500,"label":" ","price":37.55},{"type":"B","date":"2018-03-27T03:00:30.000Z","volume":21000,"label":" ","price":37.55},{"type":"A","date":"2018-03-27T03:00:30.000Z","volume":500,"label":" ","price":37.55},{"type":"A","date":"2018-03-27T03:00:32.000Z","volume":500,"label":" ","price":37.55},{"type":"B","date":"2018-03-27T03:01:01.000Z","volume":500,"label":" ","price":37.5},{"type":"B","date":"2018-03-27T03:01:31.000Z","volume":500,"label":" ","price":37.5},{"type":"B","date":"2018-03-27T03:01:46.000Z","volume":500,"label":" ","price":37.5},{"type":"B","date":"2018-03-27T03:01:51.000Z","volume":13500,"label":" ","price":37.5},{"type":"B","date":"2018-03-27T03:01:51.000Z","volume":58500,"label":" ","price":37.5},{"type":"B","date":"2018-03-27T03:01:51.000Z","volume":500,"label":" ","price":37.5},{"type":"B","date":"2018-03-27T03:01:51.000Z","volume":46500,"label":" ","price":37.5},{"type":"A","date":"2018-03-27T03:01:51.000Z","volume":7500,"label":" ","price":37.55},{"type":"B","date":"2018-03-27T03:01:54.000Z","volume":2500,"label":" ","price":37.45},{"type":"B","date":"2018-03-27T03:02:14.000Z","volume":1000,"label":" ","price":37.45},{"type":"B","date":"2018-03-27T03:02:14.000Z","volume":500,"label":" ","price":37.45},{"type":"B","date":"2018-03-27T03:02:19.000Z","volume":11000,"label":" ","price":37.45},{"type":"A","date":"2018-03-27T03:02:19.000Z","volume":500,"label":" ","price":37.5},{"type":"B","date":"2018-03-27T03:02:26.000Z","volume":10000,"label":" ","price":37.45},{"type":"A","date":"2018-03-27T03:02:26.000Z","volume":1000,"label":" ","price":37.5},{"type":"U","date":"2018-03-27T03:02:36.000Z","volume":500,"label":"X","price":37.51},{"type":"B","date":"2018-03-27T03:03:04.000Z","volume":1500,"label":" ","price":37.45},{"type":"B","date":"2018-03-27T03:03:04.000Z","volume":500,"label":" ","price":37.45},{"type":"B","date":"2018-03-27T03:03:04.000Z","volume":2000,"label":" ","price":37.45},{"type":"B","date":"2018-03-27T03:05:15.000Z","volume":1000,"label":" ","price":37.4},{"type":"B","date":"2018-03-27T03:05:22.000Z","volume":500,"label":" ","price":37.4},{"type":"B","date":"2018-03-27T03:05:29.000Z","volume":500,"label":" ","price":37.4},{"type":"A","date":"2018-03-27T03:05:29.000Z","volume":500,"label":" ","price":37.5},{"type":"B","date":"2018-03-27T03:06:27.000Z","volume":20000,"label":" ","price":37.4},{"type":"B","date":"2018-03-27T03:06:27.000Z","volume":1000,"label":" ","price":37.4},{"type":"A","date":"2018-03-27T03:06:27.000Z","volume":1000,"label":" ","price":37.45},{"type":"A","date":"2018-03-27T03:06:27.000Z","volume":500,"label":" ","price":37.45},{"type":"B","date":"2018-03-27T03:06:27.000Z","volume":1000,"label":" ","price":37.35},{"type":"B","date":"2018-03-27T03:07:21.000Z","volume":500,"label":" ","price":37.35},{"type":"B","date":"2018-03-27T03:07:30.000Z","volume":500,"label":" ","price":37.35},{"type":"A","date":"2018-03-27T03:07:30.000Z","volume":500,"label":" ","price":37.4},{"type":"B","date":"2018-03-27T03:07:41.000Z","volume":500,"label":" ","price":37.35},{"type":"B","date":"2018-03-27T03:08:01.000Z","volume":500,"label":" ","price":37.35},{"type":"B","date":"2018-03-27T03:08:11.000Z","volume":500,"label":" ","price":37.35},{"type":"B","date":"2018-03-27T03:08:14.000Z","volume":1000,"label":" ","price":37.35},{"type":"B","date":"2018-03-27T03:08:16.000Z","volume":1000,"label":" ","price":37.35},{"type":"B","date":"2018-03-27T03:08:31.000Z","volume":500,"label":" ","price":37.35},{"type":"B","date":"2018-03-27T03:08:51.000Z","volume":500,"label":" ","price":37.35},{"type":"B","date":"2018-03-27T03:08:58.000Z","volume":500,"label":" ","price":37.35},{"type":"B","date":"2018-03-27T03:09:16.000Z","volume":500,"label":" ","price":37.35},{"type":"B","date":"2018-03-27T03:09:31.000Z","volume":500,"label":" ","price":37.35},{"type":"B","date":"2018-03-27T03:09:41.000Z","volume":500,"label":" ","price":37.35},{"type":"B","date":"2018-03-27T03:09:51.000Z","volume":3000,"label":" ","price":37.35},{"type":"A","date":"2018-03-27T03:09:51.000Z","volume":500,"label":" ","price":37.4},{"type":"A","date":"2018-03-27T03:10:04.000Z","volume":500,"label":" ","price":37.4},{"type":"B","date":"2018-03-27T03:10:35.000Z","volume":500,"label":" ","price":37.35},{"type":"B","date":"2018-03-27T03:10:46.000Z","volume":500,"label":" ","price":37.35},{"type":"B","date":"2018-03-27T03:11:01.000Z","volume":500,"label":" ","price":37.35},{"type":"B","date":"2018-03-27T03:11:07.000Z","volume":1000,"label":" ","price":37.35},{"type":"A","date":"2018-03-27T03:11:08.000Z","volume":13500,"label":" ","price":37.4},{"type":"B","date":"2018-03-27T03:11:08.000Z","volume":1500,"label":" ","price":37.4},{"type":"A","date":"2018-03-27T03:11:08.000Z","volume":5000,"label":" ","price":37.45},{"type":"A","date":"2018-03-27T03:11:09.000Z","volume":2500,"label":" ","price":37.5},{"type":"A","date":"2018-03-27T03:11:09.000Z","volume":500,"label":" ","price":37.55},{"type":"A","date":"2018-03-27T03:11:09.000Z","volume":22000,"label":" ","price":37.55},{"type":"A","date":"2018-03-27T03:11:09.000Z","volume":1500,"label":" ","price":37.6},{"type":"A","date":"2018-03-27T03:11:09.000Z","volume":500,"label":" ","price":37.55},{"type":"A","date":"2018-03-27T03:11:09.000Z","volume":500,"label":" ","price":37.55},{"type":"B","date":"2018-03-27T03:11:10.000Z","volume":12000,"label":" ","price":37.5},{"type":"B","date":"2018-03-27T03:11:27.000Z","volume":8000,"label":" ","price":37.5},{"type":"A","date":"2018-03-27T03:11:27.000Z","volume":3000,"label":" ","price":37.6},{"type":"A","date":"2018-03-27T03:11:27.000Z","volume":500,"label":" ","price":37.6},{"type":"B","date":"2018-03-27T03:11:41.000Z","volume":6500,"label":" ","price":37.5},{"type":"U","date":"2018-03-27T03:12:32.000Z","volume":500,"label":"X","price":37.482},{"type":"B","date":"2018-03-27T03:13:51.000Z","volume":1500,"label":" ","price":37.45},{"type":"B","date":"2018-03-27T03:13:53.000Z","volume":1000,"label":" ","price":37.45},{"type":"A","date":"2018-03-27T03:15:05.000Z","volume":1000,"label":" ","price":37.5},{"type":"B","date":"2018-03-27T03:15:19.000Z","volume":3000,"label":" ","price":37.45},{"type":"U","date":"2018-03-27T03:15:21.000Z","volume":500,"label":"X","price":37.475},{"type":"B","date":"2018-03-27T03:15:31.000Z","volume":500,"label":" ","price":37.45},{"type":"B","date":"2018-03-27T03:15:46.000Z","volume":500,"label":" ","price":37.45},{"type":"B","date":"2018-03-27T03:16:19.000Z","volume":500,"label":" ","price":37.45},{"type":"B","date":"2018-03-27T03:16:56.000Z","volume":500,"label":" ","price":37.45},{"type":"B","date":"2018-03-27T03:17:18.000Z","volume":1000,"label":" ","price":37.45},{"type":"B","date":"2018-03-27T03:17:41.000Z","volume":500,"label":" ","price":37.45},{"type":"B","date":"2018-03-27T03:18:21.000Z","volume":500,"label":" ","price":37.45},{"type":"B","date":"2018-03-27T03:18:35.000Z","volume":500,"label":" ","price":37.45},{"type":"B","date":"2018-03-27T03:18:54.000Z","volume":3000,"label":" ","price":37.45},{"type":"B","date":"2018-03-27T03:19:05.000Z","volume":500,"label":" ","price":37.45},{"type":"B","date":"2018-03-27T03:19:19.000Z","volume":500,"label":" ","price":37.45},{"type":"B","date":"2018-03-27T03:19:44.000Z","volume":500,"label":" ","price":37.45},{"type":"U","date":"2018-03-27T03:19:48.000Z","volume":500,"label":"X","price":37.475},{"type":"B","date":"2018-03-27T03:19:54.000Z","volume":500,"label":" ","price":37.45},{"type":"A","date":"2018-03-27T03:20:12.000Z","volume":500,"label":" ","price":37.5},{"type":"B","date":"2018-03-27T03:20:21.000Z","volume":500,"label":" ","price":37.45},{"type":"B","date":"2018-03-27T03:20:38.000Z","volume":1000,"label":" ","price":37.45},{"type":"B","date":"2018-03-27T03:21:01.000Z","volume":500,"label":" ","price":37.45},{"type":"B","date":"2018-03-27T03:21:20.000Z","volume":2500,"label":" ","price":37.45},{"type":"B","date":"2018-03-27T03:21:31.000Z","volume":500,"label":" ","price":37.45},{"type":"U","date":"2018-03-27T03:21:32.000Z","volume":500,"label":"X","price":37.475},{"type":"U","date":"2018-03-27T03:21:33.000Z","volume":500,"label":"X","price":37.475},{"type":"U","date":"2018-03-27T03:21:33.000Z","volume":1000,"label":"X","price":37.475},{"type":"U","date":"2018-03-27T03:21:33.000Z","volume":1000,"label":"X","price":37.475},{"type":"B","date":"2018-03-27T03:21:52.000Z","volume":3000,"label":" ","price":37.45},{"type":"B","date":"2018-03-27T03:22:47.000Z","volume":5000,"label":" ","price":37.45},{"type":"A","date":"2018-03-27T03:22:47.000Z","volume":500,"label":" ","price":37.5},{"type":"B","date":"2018-03-27T03:23:00.000Z","volume":1000,"label":" ","price":37.45},{"type":"B","date":"2018-03-27T03:23:09.000Z","volume":500,"label":" ","price":37.45},{"type":"B","date":"2018-03-27T03:23:10.000Z","volume":500,"label":" ","price":37.45},{"type":"B","date":"2018-03-27T03:24:29.000Z","volume":1000,"label":" ","price":37.45},{"type":"B","date":"2018-03-27T03:24:58.000Z","volume":500,"label":" ","price":37.45},{"type":"B","date":"2018-03-27T03:25:13.000Z","volume":1500,"label":" ","price":37.45},{"type":"A","date":"2018-03-27T03:25:13.000Z","volume":500,"label":" ","price":37.5},{"type":"B","date":"2018-03-27T03:25:21.000Z","volume":500,"label":" ","price":37.45},{"type":"B","date":"2018-03-27T03:25:36.000Z","volume":500,"label":" ","price":37.45},{"type":"B","date":"2018-03-27T03:26:04.000Z","volume":500,"label":" ","price":37.45},{"type":"B","date":"2018-03-27T03:26:06.000Z","volume":500,"label":" ","price":37.45},{"type":"B","date":"2018-03-27T03:26:26.000Z","volume":500,"label":" ","price":37.45},{"type":"B","date":"2018-03-27T03:26:40.000Z","volume":1000,"label":" ","price":37.45},{"type":"B","date":"2018-03-27T03:26:54.000Z","volume":500,"label":" ","price":37.45},{"type":"B","date":"2018-03-27T03:27:06.000Z","volume":500,"label":" ","price":37.45},{"type":"B","date":"2018-03-27T03:27:08.000Z","volume":500,"label":" ","price":37.45},{"type":"U","date":"2018-03-27T03:27:15.000Z","volume":500,"label":"X","price":37.475},{"type":"B","date":"2018-03-27T03:27:25.000Z","volume":2500,"label":"Y","price":37.45},{"type":"A","date":"2018-03-27T03:27:25.000Z","volume":500,"label":" ","price":37.5},{"type":"U","date":"2018-03-27T03:27:44.000Z","volume":500,"label":"X","price":37.475},{"type":"A","date":"2018-03-27T03:27:48.000Z","volume":5000,"label":" ","price":37.5},{"type":"B","date":"2018-03-27T03:27:56.000Z","volume":500,"label":" ","price":37.45},{"type":"B","date":"2018-03-27T03:28:34.000Z","volume":500,"label":" ","price":37.45},{"type":"B","date":"2018-03-27T03:28:37.000Z","volume":1000,"label":" ","price":37.45},{"type":"A","date":"2018-03-27T03:28:37.000Z","volume":500,"label":" ","price":37.5},{"type":"A","date":"2018-03-27T03:29:04.000Z","volume":6500,"label":" ","price":37.5},{"type":"A","date":"2018-03-27T03:29:05.000Z","volume":500,"label":" ","price":37.5},{"type":"B","date":"2018-03-27T03:29:14.000Z","volume":500,"label":" ","price":37.45},{"type":"B","date":"2018-03-27T03:29:19.000Z","volume":1000,"label":" ","price":37.45},{"type":"A","date":"2018-03-27T03:29:19.000Z","volume":500,"label":" ","price":37.5},{"type":"B","date":"2018-03-27T03:29:41.000Z","volume":500,"label":" ","price":37.45},{"type":"B","date":"2018-03-27T03:30:12.000Z","volume":500,"label":" ","price":37.45},{"type":"B","date":"2018-03-27T03:30:46.000Z","volume":500,"label":" ","price":37.45},{"type":"B","date":"2018-03-27T03:31:11.000Z","volume":5000,"label":" ","price":37.45},{"type":"B","date":"2018-03-27T03:31:19.000Z","volume":500,"label":" ","price":37.45},{"type":"B","date":"2018-03-27T03:31:27.000Z","volume":6000,"label":" ","price":37.45},{"type":"A","date":"2018-03-27T03:31:27.000Z","volume":500,"label":" ","price":37.5},{"type":"B","date":"2018-03-27T03:31:46.000Z","volume":500,"label":" ","price":37.45},{"type":"B","date":"2018-03-27T03:32:08.000Z","volume":500,"label":" ","price":37.45},{"type":"B","date":"2018-03-27T03:32:29.000Z","volume":500,"label":" ","price":37.45},{"type":"B","date":"2018-03-27T03:33:01.000Z","volume":500,"label":" ","price":37.45},{"type":"A","date":"2018-03-27T03:33:01.000Z","volume":500,"label":" ","price":37.5},{"type":"B","date":"2018-03-27T03:33:51.000Z","volume":500,"label":" ","price":37.45},{"type":"B","date":"2018-03-27T03:34:07.000Z","volume":500,"label":" ","price":37.45},{"type":"B","date":"2018-03-27T03:34:28.000Z","volume":500,"label":" ","price":37.45},{"type":"B","date":"2018-03-27T03:34:30.000Z","volume":1000,"label":" ","price":37.45},{"type":"U","date":"2018-03-27T03:34:33.000Z","volume":500,"label":"X","price":37.466},{"type":"B","date":"2018-03-27T03:34:41.000Z","volume":500,"label":" ","price":37.45},{"type":"B","date":"2018-03-27T03:34:41.000Z","volume":500,"label":" ","price":37.45},{"type":"A","date":"2018-03-27T03:34:49.000Z","volume":500,"label":" ","price":37.5},{"type":"A","date":"2018-03-27T03:35:07.000Z","volume":500,"label":" ","price":37.5},{"type":"B","date":"2018-03-27T03:35:08.000Z","volume":1500,"label":" ","price":37.45},{"type":"B","date":"2018-03-27T03:35:35.000Z","volume":3000,"label":" ","price":37.45},{"type":"A","date":"2018-03-27T03:35:35.000Z","volume":500,"label":" ","price":37.5},{"type":"B","date":"2018-03-27T03:35:40.000Z","volume":500,"label":" ","price":37.45},{"type":"B","date":"2018-03-27T03:36:02.000Z","volume":1000,"label":" ","price":37.45},{"type":"B","date":"2018-03-27T03:36:51.000Z","volume":500,"label":" ","price":37.45},{"type":"B","date":"2018-03-27T03:37:24.000Z","volume":500,"label":" ","price":37.45},{"type":"B","date":"2018-03-27T03:37:24.000Z","volume":500,"label":" ","price":37.45},{"type":"U","date":"2018-03-27T03:37:35.000Z","volume":500,"label":"X","price":37.475},{"type":"B","date":"2018-03-27T03:37:54.000Z","volume":8500,"label":" ","price":37.45},{"type":"B","date":"2018-03-27T03:37:54.000Z","volume":500,"label":" ","price":37.4},{"type":"A","date":"2018-03-27T03:37:54.000Z","volume":500,"label":" ","price":37.5},{"type":"A","date":"2018-03-27T03:37:54.000Z","volume":500,"label":" ","price":37.45},{"type":"A","date":"2018-03-27T03:38:05.000Z","volume":5500,"label":" ","price":37.45},{"type":"A","date":"2018-03-27T03:38:07.000Z","volume":500,"label":" ","price":37.45},{"type":"B","date":"2018-03-27T03:39:21.000Z","volume":500,"label":" ","price":37.4},{"type":"A","date":"2018-03-27T03:40:14.000Z","volume":2000,"label":" ","price":37.45},{"type":"B","date":"2018-03-27T03:40:24.000Z","volume":3000,"label":" ","price":37.4},{"type":"A","date":"2018-03-27T03:40:24.000Z","volume":500,"label":" ","price":37.45},{"type":"B","date":"2018-03-27T03:40:46.000Z","volume":500,"label":" ","price":37.4},{"type":"B","date":"2018-03-27T03:41:02.000Z","volume":6000,"label":" ","price":37.4},{"type":"A","date":"2018-03-27T03:41:02.000Z","volume":500,"label":" ","price":37.45},{"type":"A","date":"2018-03-27T03:41:03.000Z","volume":500,"label":" ","price":37.45},{"type":"B","date":"2018-03-27T03:41:31.000Z","volume":500,"label":" ","price":37.4},{"type":"B","date":"2018-03-27T03:41:39.000Z","volume":1000,"label":" ","price":37.4},{"type":"B","date":"2018-03-27T03:42:21.000Z","volume":500,"label":" ","price":37.4},{"type":"A","date":"2018-03-27T03:42:23.000Z","volume":4000,"label":" ","price":37.45},{"type":"B","date":"2018-03-27T03:44:28.000Z","volume":500,"label":" ","price":37.4},{"type":"B","date":"2018-03-27T03:44:28.000Z","volume":500,"label":" ","price":37.4},{"type":"U","date":"2018-03-27T03:44:33.000Z","volume":1000,"label":"X","price":37.438},{"type":"B","date":"2018-03-27T03:45:02.000Z","volume":500,"label":" ","price":37.4},{"type":"A","date":"2018-03-27T03:45:02.000Z","volume":500,"label":" ","price":37.45},{"type":"B","date":"2018-03-27T03:45:06.000Z","volume":500,"label":" ","price":37.4},{"type":"B","date":"2018-03-27T03:45:07.000Z","volume":500,"label":" ","price":37.4},{"type":"A","date":"2018-03-27T03:45:31.000Z","volume":1000,"label":" ","price":37.45},{"type":"U","date":"2018-03-27T03:45:57.000Z","volume":1000,"label":"X","price":37.425},{"type":"U","date":"2018-03-27T03:46:02.000Z","volume":1500,"label":"X","price":37.425},{"type":"U","date":"2018-03-27T03:46:02.000Z","volume":500,"label":"X","price":37.425},{"type":"U","date":"2018-03-27T03:46:02.000Z","volume":500,"label":"X","price":37.425},{"type":"B","date":"2018-03-27T03:46:08.000Z","volume":3000,"label":" ","price":37.4},{"type":"B","date":"2018-03-27T03:46:41.000Z","volume":1000,"label":" ","price":37.4},{"type":"B","date":"2018-03-27T03:47:03.000Z","volume":500,"label":" ","price":37.4},{"type":"B","date":"2018-03-27T03:47:28.000Z","volume":500,"label":" ","price":37.4},{"type":"B","date":"2018-03-27T03:47:36.000Z","volume":13000,"label":" ","price":37.4},{"type":"A","date":"2018-03-27T03:47:36.000Z","volume":500,"label":" ","price":37.45},{"type":"A","date":"2018-03-27T03:47:36.000Z","volume":1000,"label":" ","price":37.45},{"type":"B","date":"2018-03-27T03:48:53.000Z","volume":500,"label":" ","price":37.4},{"type":"B","date":"2018-03-27T03:49:17.000Z","volume":1500,"label":" ","price":37.4},{"type":"U","date":"2018-03-27T03:49:23.000Z","volume":500,"label":"X","price":37.425},{"type":"B","date":"2018-03-27T03:49:28.000Z","volume":500,"label":" ","price":37.4},{"type":"U","date":"2018-03-27T03:49:33.000Z","volume":500,"label":"X","price":37.406},{"type":"B","date":"2018-03-27T03:49:36.000Z","volume":500,"label":" ","price":37.4},{"type":"A","date":"2018-03-27T03:49:36.000Z","volume":500,"label":" ","price":37.45},{"type":"B","date":"2018-03-27T03:49:48.000Z","volume":500,"label":" ","price":37.4},{"type":"B","date":"2018-03-27T03:50:06.000Z","volume":500,"label":" ","price":37.4},{"type":"B","date":"2018-03-27T03:50:26.000Z","volume":500,"label":" ","price":37.4},{"type":"B","date":"2018-03-27T03:50:33.000Z","volume":500,"label":" ","price":37.4},{"type":"B","date":"2018-03-27T03:50:36.000Z","volume":500,"label":" ","price":37.4},{"type":"B","date":"2018-03-27T03:50:39.000Z","volume":500,"label":" ","price":37.4},{"type":"B","date":"2018-03-27T03:50:54.000Z","volume":500,"label":" ","price":37.4},{"type":"B","date":"2018-03-27T03:50:56.000Z","volume":500,"label":" ","price":37.4},{"type":"B","date":"2018-03-27T03:51:03.000Z","volume":4000,"label":" ","price":37.4},{"type":"A","date":"2018-03-27T03:51:04.000Z","volume":500,"label":" ","price":37.45},{"type":"B","date":"2018-03-27T03:51:26.000Z","volume":500,"label":" ","price":37.4},{"type":"B","date":"2018-03-27T03:51:52.000Z","volume":1500,"label":" ","price":37.4},{"type":"B","date":"2018-03-27T03:51:54.000Z","volume":500,"label":" ","price":37.4},{"type":"B","date":"2018-03-27T03:51:56.000Z","volume":500,"label":" ","price":37.4},{"type":"B","date":"2018-03-27T03:52:02.000Z","volume":10000,"label":" ","price":37.4},{"type":"U","date":"2018-03-27T03:52:02.000Z","volume":500,"label":"X","price":37.425},{"type":"A","date":"2018-03-27T03:52:02.000Z","volume":500,"label":" ","price":37.45},{"type":"A","date":"2018-03-27T03:52:06.000Z","volume":500,"label":" ","price":37.45},{"type":"B","date":"2018-03-27T03:52:16.000Z","volume":500,"label":" ","price":37.4},{"type":"A","date":"2018-03-27T03:52:36.000Z","volume":1000,"label":" ","price":37.45},{"type":"B","date":"2018-03-27T03:52:56.000Z","volume":500,"label":" ","price":37.4},{"type":"A","date":"2018-03-27T03:52:56.000Z","volume":500,"label":" ","price":37.45},{"type":"B","date":"2018-03-27T03:53:09.000Z","volume":2000,"label":" ","price":37.4},{"type":"B","date":"2018-03-27T03:53:18.000Z","volume":500,"label":" ","price":37.4},{"type":"B","date":"2018-03-27T03:53:24.000Z","volume":500,"label":" ","price":37.4},{"type":"B","date":"2018-03-27T03:53:26.000Z","volume":3000,"label":" ","price":37.4},{"type":"B","date":"2018-03-27T03:53:28.000Z","volume":500,"label":" ","price":37.4},{"type":"B","date":"2018-03-27T03:53:35.000Z","volume":500,"label":" ","price":37.4},{"type":"B","date":"2018-03-27T03:53:52.000Z","volume":10000,"label":" ","price":37.4},{"type":"B","date":"2018-03-27T03:53:52.000Z","volume":500,"label":" ","price":37.4},{"type":"A","date":"2018-03-27T03:53:52.000Z","volume":1000,"label":" ","price":37.45},{"type":"A","date":"2018-03-27T03:53:52.000Z","volume":500,"label":" ","price":37.45},{"type":"B","date":"2018-03-27T03:54:21.000Z","volume":500,"label":" ","price":37.4},{"type":"B","date":"2018-03-27T03:54:36.000Z","volume":500,"label":" ","price":37.4},{"type":"B","date":"2018-03-27T03:55:04.000Z","volume":500,"label":" ","price":37.4},{"type":"A","date":"2018-03-27T03:55:10.000Z","volume":10000,"label":" ","price":37.45},{"type":"A","date":"2018-03-27T03:55:10.000Z","volume":1500,"label":" ","price":37.45},{"type":"A","date":"2018-03-27T03:55:10.000Z","volume":500,"label":" ","price":37.45},{"type":"A","date":"2018-03-27T03:55:10.000Z","volume":4500,"label":" ","price":37.45},{"type":"A","date":"2018-03-27T03:55:10.000Z","volume":1000,"label":" ","price":37.45},{"type":"A","date":"2018-03-27T03:55:12.000Z","volume":500,"label":" ","price":37.45},{"type":"B","date":"2018-03-27T03:56:36.000Z","volume":3000,"label":" ","price":37.4},{"type":"A","date":"2018-03-27T03:56:36.000Z","volume":500,"label":" ","price":37.45},{"type":"A","date":"2018-03-27T03:56:49.000Z","volume":5000,"label":" ","price":37.45},{"type":"A","date":"2018-03-27T03:56:51.000Z","volume":500,"label":" ","price":37.45},{"type":"B","date":"2018-03-27T03:56:54.000Z","volume":500,"label":" ","price":37.4},{"type":"A","date":"2018-03-27T03:56:58.000Z","volume":1000,"label":"Y","price":37.45},{"type":"A","date":"2018-03-27T03:56:58.000Z","volume":9000,"label":" ","price":37.45},{"type":"A","date":"2018-03-27T03:56:59.000Z","volume":1000,"label":" ","price":37.45},{"type":"A","date":"2018-03-27T03:57:17.000Z","volume":10000,"label":" ","price":37.45},{"type":"A","date":"2018-03-27T03:57:17.000Z","volume":500,"label":" ","price":37.45},{"type":"A","date":"2018-03-27T03:57:20.000Z","volume":500,"label":" ","price":37.45},{"type":"A","date":"2018-03-27T03:57:20.000Z","volume":3500,"label":" ","price":37.45},{"type":"A","date":"2018-03-27T03:57:20.000Z","volume":2500,"label":"Y","price":37.45},{"type":"A","date":"2018-03-27T03:57:20.000Z","volume":7000,"label":" ","price":37.45},{"type":"A","date":"2018-03-27T03:57:20.000Z","volume":1000,"label":" ","price":37.5},{"type":"B","date":"2018-03-27T03:58:15.000Z","volume":1000,"label":" ","price":37.45},{"type":"B","date":"2018-03-27T03:59:02.000Z","volume":1000,"label":" ","price":37.45},{"type":"U","date":"2018-03-27T03:59:33.000Z","volume":500,"label":"X","price":37.43},{"type":"A","date":"2018-03-27T05:00:00.000Z","volume":2000,"label":" ","price":37.5},{"type":"A","date":"2018-03-27T05:00:00.000Z","volume":3000,"label":" ","price":37.5},{"type":"A","date":"2018-03-27T05:00:01.000Z","volume":2000,"label":" ","price":37.5},{"type":"A","date":"2018-03-27T05:00:01.000Z","volume":500,"label":" ","price":37.5},{"type":"A","date":"2018-03-27T05:00:02.000Z","volume":500,"label":" ","price":37.5},{"type":"B","date":"2018-03-27T05:00:13.000Z","volume":500,"label":" ","price":37.45},{"type":"A","date":"2018-03-27T05:00:30.000Z","volume":500,"label":" ","price":37.5},{"type":"A","date":"2018-03-27T05:01:13.000Z","volume":1000,"label":" ","price":37.5},{"type":"B","date":"2018-03-27T05:01:16.000Z","volume":500,"label":" ","price":37.45},{"type":"A","date":"2018-03-27T05:01:29.000Z","volume":1000,"label":" ","price":37.5},{"type":"U","date":"2018-03-27T05:01:36.000Z","volume":500,"label":"X","price":37.475},{"type":"B","date":"2018-03-27T05:01:36.000Z","volume":500,"label":" ","price":37.45},{"type":"B","date":"2018-03-27T05:01:56.000Z","volume":500,"label":" ","price":37.45},{"type":"B","date":"2018-03-27T05:01:56.000Z","volume":31000,"label":" ","price":37.45},{"type":"B","date":"2018-03-27T05:01:56.000Z","volume":1500,"label":" ","price":37.45},{"type":"A","date":"2018-03-27T05:01:56.000Z","volume":500,"label":" ","price":37.5},{"type":"A","date":"2018-03-27T05:01:57.000Z","volume":1000,"label":" ","price":37.5},{"type":"B","date":"2018-03-27T05:02:05.000Z","volume":500,"label":" ","price":37.45},{"type":"A","date":"2018-03-27T05:02:06.000Z","volume":500,"label":" ","price":37.5},{"type":"U","date":"2018-03-27T05:02:08.000Z","volume":500,"label":"X","price":37.456},{"type":"B","date":"2018-03-27T05:02:16.000Z","volume":500,"label":" ","price":37.45},{"type":"B","date":"2018-03-27T05:02:26.000Z","volume":500,"label":" ","price":37.45},{"type":"B","date":"2018-03-27T05:02:35.000Z","volume":500,"label":" ","price":37.45},{"type":"B","date":"2018-03-27T05:02:46.000Z","volume":500,"label":" ","price":37.45},{"type":"A","date":"2018-03-27T05:02:50.000Z","volume":500,"label":" ","price":37.5},{"type":"B","date":"2018-03-27T05:02:51.000Z","volume":500,"label":" ","price":37.45},{"type":"B","date":"2018-03-27T05:02:51.000Z","volume":1000,"label":" ","price":37.45},{"type":"B","date":"2018-03-27T05:02:51.000Z","volume":500,"label":" ","price":37.45},{"type":"B","date":"2018-03-27T05:02:51.000Z","volume":500,"label":" ","price":37.45},{"type":"B","date":"2018-03-27T05:02:53.000Z","volume":3000,"label":" ","price":37.45},{"type":"A","date":"2018-03-27T05:02:53.000Z","volume":500,"label":" ","price":37.5},{"type":"B","date":"2018-03-27T05:02:56.000Z","volume":500,"label":" ","price":37.45},{"type":"B","date":"2018-03-27T05:03:36.000Z","volume":500,"label":" ","price":37.45},{"type":"B","date":"2018-03-27T05:04:12.000Z","volume":500,"label":" ","price":37.45},{"type":"B","date":"2018-03-27T05:04:12.000Z","volume":500,"label":" ","price":37.45},{"type":"B","date":"2018-03-27T05:04:41.000Z","volume":500,"label":" ","price":37.45},{"type":"B","date":"2018-03-27T05:04:55.000Z","volume":500,"label":" ","price":37.45},{"type":"U","date":"2018-03-27T05:04:56.000Z","volume":500,"label":"X","price":37.475},{"type":"B","date":"2018-03-27T05:05:31.000Z","volume":500,"label":" ","price":37.45},{"type":"A","date":"2018-03-27T05:05:51.000Z","volume":500,"label":" ","price":37.5},{"type":"B","date":"2018-03-27T05:05:56.000Z","volume":1500,"label":" ","price":37.45},{"type":"B","date":"2018-03-27T05:06:02.000Z","volume":500,"label":" ","price":37.45},{"type":"B","date":"2018-03-27T05:06:16.000Z","volume":500,"label":" ","price":37.45},{"type":"B","date":"2018-03-27T05:06:21.000Z","volume":500,"label":" ","price":37.45},{"type":"B","date":"2018-03-27T05:06:56.000Z","volume":500,"label":" ","price":37.45},{"type":"A","date":"2018-03-27T05:06:56.000Z","volume":500,"label":" ","price":37.5},{"type":"B","date":"2018-03-27T05:07:00.000Z","volume":500,"label":" ","price":37.45},{"type":"U","date":"2018-03-27T05:07:08.000Z","volume":500,"label":"X","price":37.456},{"type":"B","date":"2018-03-27T05:07:26.000Z","volume":500,"label":" ","price":37.45},{"type":"B","date":"2018-03-27T05:07:41.000Z","volume":500,"label":" ","price":37.45},{"type":"B","date":"2018-03-27T05:07:57.000Z","volume":9500,"label":" ","price":37.45},{"type":"B","date":"2018-03-27T05:07:57.000Z","volume":500,"label":" ","price":37.45},{"type":"B","date":"2018-03-27T05:07:57.000Z","volume":500,"label":"Y","price":37.45},{"type":"B","date":"2018-03-27T05:07:57.000Z","volume":9500,"label":" ","price":37.45},{"type":"B","date":"2018-03-27T05:07:57.000Z","volume":1500,"label":" ","price":37.45},{"type":"B","date":"2018-03-27T05:07:57.000Z","volume":18000,"label":" ","price":37.45},{"type":"A","date":"2018-03-27T05:07:58.000Z","volume":2500,"label":" ","price":37.5},{"type":"A","date":"2018-03-27T05:08:05.000Z","volume":500,"label":" ","price":37.5},{"type":"B","date":"2018-03-27T05:08:11.000Z","volume":500,"label":"Y","price":37.4},{"type":"B","date":"2018-03-27T05:08:16.000Z","volume":500,"label":" ","price":37.4},{"type":"B","date":"2018-03-27T05:08:36.000Z","volume":1000,"label":" ","price":37.4},{"type":"B","date":"2018-03-27T05:08:46.000Z","volume":500,"label":" ","price":37.4},{"type":"B","date":"2018-03-27T05:09:03.000Z","volume":10000,"label":" ","price":37.4},{"type":"B","date":"2018-03-27T05:09:03.000Z","volume":2000,"label":" ","price":37.4},{"type":"A","date":"2018-03-27T05:09:03.000Z","volume":1000,"label":" ","price":37.45},{"type":"B","date":"2018-03-27T05:09:29.000Z","volume":500,"label":" ","price":37.35},{"type":"B","date":"2018-03-27T05:09:56.000Z","volume":500,"label":" ","price":37.35}