[{"type":"B","date":"2018-03-27T01:30:01.000Z","volume":2000,"label":" ","price":5.56},{"type":"A","date":"2018-03-27T01:30:03.000Z","volume":2000,"label":" ","price":5.5},{"type":"B","date":"2018-03-27T01:30:04.000Z","volume":2000,"label":" ","price":5.56},{"type":"B","date":"2018-03-27T01:30:04.000Z","volume":12000,"label":" ","price":5.56},{"type":"B","date":"2018-03-27T01:30:06.000Z","volume":12000,"label":" ","price":5.56},{"type":"B","date":"2018-03-27T01:30:07.000Z","volume":36000,"label":" ","price":5.56},{"type":"B","date":"2018-03-27T01:30:07.000Z","volume":32000,"label":" ","price":5.56},{"type":"B","date":"2018-03-27T01:30:08.000Z","volume":4000,"label":" ","price":5.56},{"type":"B","date":"2018-03-27T01:30:08.000Z","volume":2000,"label":" ","price":5.56},{"type":"A","date":"2018-03-27T01:30:42.000Z","volume":6000,"label":" ","price":5.53},{"type":"B","date":"2018-03-27T01:31:00.000Z","volume":6000,"label":" ","price":5.5},{"type":"U","date":"2018-03-27T01:31:00.000Z","volume":4000,"label":" ","price":5.51},{"type":"B","date":"2018-03-27T01:31:31.000Z","volume":2000,"label":" ","price":5.46},{"type":"B","date":"2018-03-27T01:32:31.000Z","volume":4000,"label":" ","price":5.48},{"type":"B","date":"2018-03-27T01:32:45.000Z","volume":4000,"label":" ","price":5.48},{"type":"B","date":"2018-03-27T01:32:46.000Z","volume":16000,"label":" ","price":5.48},{"type":"B","date":"2018-03-27T01:34:21.000Z","volume":10000,"label":" ","price":5.46},{"type":"B","date":"2018-03-27T01:34:21.000Z","volume":8000,"label":" ","price":5.46},{"type":"B","date":"2018-03-27T01:34:21.000Z","volume":2000,"label":" ","price":5.45},{"type":"B","date":"2018-03-27T01:34:35.000Z","volume":6000,"label":" ","price":5.44},{"type":"B","date":"2018-03-27T01:36:01.000Z","volume":2000,"label":" ","price":5.44},{"type":"B","date":"2018-03-27T01:36:01.000Z","volume":8000,"label":" ","price":5.44},{"type":"B","date":"2018-03-27T01:37:01.000Z","volume":2000,"label":" ","price":5.43},{"type":"B","date":"2018-03-27T01:37:07.000Z","volume":10000,"label":" ","price":5.43},{"type":"B","date":"2018-03-27T01:37:10.000Z","volume":4000,"label":" ","price":5.43},{"type":"B","date":"2018-03-27T01:37:12.000Z","volume":2000,"label":" ","price":5.43},{"type":"B","date":"2018-03-27T01:37:12.000Z","volume":4000,"label":" ","price":5.43},{"type":"B","date":"2018-03-27T01:37:17.000Z","volume":10000,"label":" ","price":5.43},{"type":"B","date":"2018-03-27T01:37:31.000Z","volume":2000,"label":" ","price":5.43},{"type":"B","date":"2018-03-27T01:42:34.000Z","volume":4000,"label":" ","price":5.46},{"type":"B","date":"2018-03-27T01:43:53.000Z","volume":10000,"label":" ","price":5.45},{"type":"B","date":"2018-03-27T01:50:41.000Z","volume":2000,"label":" ","price":5.45},{"type":"B","date":"2018-03-27T01:51:17.000Z","volume":4000,"label":" ","price":5.45},{"type":"B","date":"2018-03-27T01:51:19.000Z","volume":2000,"label":" ","price":5.45},{"type":"B","date":"2018-03-27T01:51:23.000Z","volume":2000,"label":" ","price":5.45},{"type":"B","date":"2018-03-27T01:52:47.000Z","volume":6000,"label":" ","price":5.45},{"type":"B","date":"2018-03-27T01:54:27.000Z","volume":6000,"label":" ","price":5.45},{"type":"B","date":"2018-03-27T01:54:27.000Z","volume":10000,"label":" ","price":5.44},{"type":"B","date":"2018-03-27T01:54:27.000Z","volume":2000,"label":" ","price":5.43},{"type":"B","date":"2018-03-27T02:03:42.000Z","volume":8000,"label":" ","price":5.44},{"type":"B","date":"2018-03-27T02:03:42.000Z","volume":6000,"label":" ","price":5.44},{"type":"B","date":"2018-03-27T02:03:44.000Z","volume":2000,"label":" ","price":5.43},{"type":"B","date":"2018-03-27T02:04:16.000Z","volume":22000,"label":" ","price":5.43},{"type":"A","date":"2018-03-27T02:08:02.000Z","volume":10000,"label":" ","price":5.43},{"type":"A","date":"2018-03-27T02:13:22.000Z","volume":4000,"label":" ","price":5.44},{"type":"A","date":"2018-03-27T02:16:48.000Z","volume":10000,"label":" ","price":5.46},{"type":"B","date":"2018-03-27T02:28:07.000Z","volume":28000,"label":" ","price":5.45},{"type":"B","date":"2018-03-27T02:28:07.000Z","volume":2000,"label":" ","price":5.45},{"type":"B","date":"2018-03-27T02:28:09.000Z","volume":2000,"label":" ","price":5.44},{"type":"A","date":"2018-03-27T02:28:11.000Z","volume":2000,"label":" ","price":5.45},{"type":"B","date":"2018-03-27T02:29:14.000Z","volume":8000,"label":" ","price":5.44},{"type":"A","date":"2018-03-27T02:31:24.000Z","volume":6000,"label":" ","price":5.44},{"type":"A","date":"2018-03-27T02:34:00.000Z","volume":12000,"label":" ","price":5.44},{"type":"A","date":"2018-03-27T02:34:56.000Z","volume":4000,"label":" ","price":5.45},{"type":"A","date":"2018-03-27T02:34:56.000Z","volume":14000,"label":" ","price":5.46},{"type":"B","date":"2018-03-27T02:38:45.000Z","volume":2000,"label":"Y","price":5.43},{"type":"B","date":"2018-03-27T02:41:45.000Z","volume":2000,"label":"Y","price":5.43},{"type":"B","date":"2018-03-27T02:42:45.000Z","volume":2000,"label":" ","price":5.44},{"type":"B","date":"2018-03-27T02:44:40.000Z","volume":2000,"label":" ","price":5.43},{"type":"B","date":"2018-03-27T02:45:32.000Z","volume":4000,"label":"Y","price":5.43},{"type":"B","date":"2018-03-27T02:47:46.000Z","volume":2000,"label":"Y","price":5.41},{"type":"A","date":"2018-03-27T03:01:07.000Z","volume":2000,"label":" ","price":5.45},{"type":"A","date":"2018-03-27T03:03:42.000Z","volume":28000,"label":"Y","price":5.45},{"type":"A","date":"2018-03-27T03:03:42.000Z","volume":16000,"label":" ","price":5.45},{"type":"A","date":"2018-03-27T03:04:28.000Z","volume":8000,"label":" ","price":5.45},{"type":"A","date":"2018-03-27T03:04:28.000Z","volume":22000,"label":" ","price":5.46},{"type":"B","date":"2018-03-27T03:10:41.000Z","volume":2000,"label":" ","price":5.44},{"type":"A","date":"2018-03-27T03:14:13.000Z","volume":130000,"label":" ","price":5.46},{"type":"A","date":"2018-03-27T03:14:13.000Z","volume":2000,"label":" ","price":5.46},{"type":"A","date":"2018-03-27T03:15:05.000Z","volume":4000,"label":" ","price":5.47},{"type":"A","date":"2018-03-27T03:15:19.000Z","volume":66000,"label":" ","price":5.48},{"type":"A","date":"2018-03-27T03:15:26.000Z","volume":10000,"label":" ","price":5.49},{"type":"A","date":"2018-03-27T03:15:30.000Z","volume":56000,"label":" ","price":5.49},{"type":"A","date":"2018-03-27T03:15:41.000Z","volume":18000,"label":" ","price":5.5},{"type":"A","date":"2018-03-27T03:17:04.000Z","volume":2000,"label":" ","price":5.51},{"type":"A","date":"2018-03-27T03:17:20.000Z","volume":2000,"label":" ","price":5.52},{"type":"A","date":"2018-03-27T03:17:23.000Z","volume":30000,"label":" ","price":5.52},{"type":"A","date":"2018-03-27T03:18:24.000Z","volume":10000,"label":" ","price":5.53},{"type":"A","date":"2018-03-27T03:18:24.000Z","volume":2000,"label":" ","price":5.54},{"type":"B","date":"2018-03-27T03:18:33.000Z","volume":4000,"label":" ","price":5.53},{"type":"A","date":"2018-03-27T03:19:31.000Z","volume":2000,"label":" ","price":5.55},{"type":"A","date":"2018-03-27T03:19:55.000Z","volume":2000,"label":" ","price":5.55},{"type":"B","date":"2018-03-27T03:20:17.000Z","volume":42000,"label":" ","price":5.54},{"type":"B","date":"2018-03-27T03:20:17.000Z","volume":2000,"label":" ","price":5.53},{"type":"B","date":"2018-03-27T03:20:19.000Z","volume":2000,"label":" ","price":5.53},{"type":"B","date":"2018-03-27T03:20:42.000Z","volume":2000,"label":" ","price":5.53},{"type":"A","date":"2018-03-27T03:23:10.000Z","volume":20000,"label":" ","price":5.54},{"type":"B","date":"2018-03-27T03:23:12.000Z","volume":2000,"label":" ","price":5.53},{"type":"B","date":"2018-03-27T03:23:13.000Z","volume":20000,"label":" ","price":5.53},{"type":"A","date":"2018-03-27T03:23:57.000Z","volume":20000,"label":" ","price":5.54},{"type":"A","date":"2018-03-27T03:24:55.000Z","volume":26000,"label":" ","price":5.54},{"type":"A","date":"2018-03-27T03:28:12.000Z","volume":20000,"label":" ","price":5.55},{"type":"B","date":"2018-03-27T03:31:34.000Z","volume":6000,"label":" ","price":5.51},{"type":"B","date":"2018-03-27T03:35:08.000Z","volume":6000,"label":" ","price":5.5},{"type":"B","date":"2018-03-27T03:36:21.000Z","volume":20000,"label":" ","price":5.5},{"type":"A","date":"2018-03-27T03:44:32.000Z","volume":42000,"label":" ","price":5.53},{"type":"A","date":"2018-03-27T03:45:22.000Z","volume":16000,"label":" ","price":5.54},{"type":"A","date":"2018-03-27T03:45:22.000Z","volume":6000,"label":" ","price":5.55},{"type":"A","date":"2018-03-27T03:46:06.000Z","volume":2000,"label":" ","price":5.55},{"type":"A","date":"2018-03-27T03:47:11.000Z","volume":40000,"label":" ","price":5.55},{"type":"A","date":"2018-03-27T03:48:50.000Z","volume":6000,"label":" ","price":5.55},{"type":"B","date":"2018-03-27T03:49:58.000Z","volume":10000,"label":" ","price":5.55},{"type":"A","date":"2018-03-27T03:56:35.000Z","volume":6000,"label":" ","price":5.54},{"type":"B","date":"2018-03-27T03:57:40.000Z","volume":2000,"label":" ","price":5.54},{"type":"B","date":"2018-03-27T05:00:00.000Z","volume":2000,"label":" ","price":5.54},{"type":"A","date":"2018-03-27T05:00:12.000Z","volume":2000,"label":" ","price":5.54},{"type":"B","date":"2018-03-27T05:00:53.000Z","volume":14000,"label":" ","price":5.54},{"type":"B","date":"2018-03-27T05:03:27.000Z","volume":18000,"label":" ","price":5.53},{"type":"B","date":"2018-03-27T05:03:27.000Z","volume":10000,"label":" ","price":5.52},{"type":"A","date":"2018-03-27T05:04:11.000Z","volume":4000,"label":" ","price":5.52},{"type":"A","date":"2018-03-27T05:05:01.000Z","volume":16000,"label":" ","price":5.52},{"type":"B","date":"2018-03-27T05:09:08.000Z","volume":12000,"label":" ","price":5.5},{"type":"B","date":"2018-03-27T05:09:08.000Z","volume":10000,"label":" ","price":5.49},{"type":"A","date":"2018-03-27T05:12:48.000Z","volume":2000,"label":"Y","price":5.52},{"type":"A","date":"2018-03-27T05:16:20.000Z","volume":60000,"label":" ","price":5.52},{"type":"A","date":"2018-03-27T05:17:42.000Z","volume":10000,"label":" ","price":5.53},{"type":"B","date":"2018-03-27T05:33:41.000Z","volume":2000,"label":" ","price":5.5},{"type":"B","date":"2018-03-27T05:37:11.000Z","volume":2000,"label":" ","price":5.5},{"type":"A","date":"2018-03-27T05:39:53.000Z","volume":6000,"label":" ","price":5.54},{"type":"B","date":"2018-03-27T05:41:11.000Z","volume":2000,"label":" ","price":5.52},{"type":"A","date":"2018-03-27T05:42:07.000Z","volume":6000,"label":" ","price":5.54},{"type":"B","date":"2018-03-27T05:45:32.000Z","volume":14000,"label":" ","price":5.52},{"type":"A","date":"2018-03-27T05:53:42.000Z","volume":96000,"label":" ","price":5.55},{"type":"A","date":"2018-03-27T05:53:42.000Z","volume":4000,"label":" ","price":5.56},{"type":"A","date":"2018-03-27T05:54:43.000Z","volume":10000,"label":" ","price":5.56},{"type":"A","date":"2018-03-27T05:54:43.000Z","volume":6000,"label":" ","price":5.57},{"type":"A","date":"2018-03-27T05:54:43.000Z","volume":2000,"label":" ","price":5.57},{"type":"A","date":"2018-03-27T05:54:43.000Z","volume":2000,"label":" ","price":5.57},{"type":"A","date":"2018-03-27T05:55:36.000Z","volume":40000,"label":" ","price":5.57},{"type":"A","date":"2018-03-27T05:56:11.000Z","volume":4000,"label":" ","price":5.57},{"type":"B","date":"2018-03-27T05:56:23.000Z","volume":6000,"label":" ","price":5.57},{"type":"B","date":"2018-03-27T05:56:52.000Z","volume":14000,"label":" ","price":5.56},{"type":"A","date":"2018-03-27T06:11:22.000Z","volume":16000,"label":" ","price":5.56},{"type":"A","date":"2018-03-27T06:12:27.000Z","volume":12000,"label":" ","price":5.57},{"type":"A","date":"2018-03-27T06:13:16.000Z","volume":22000,"label":" ","price":5.58},{"type":"A","date":"2018-03-27T06:18:55.000Z","volume":10000,"label":" ","price":5.59},{"type":"A","date":"2018-03-27T06:18:57.000Z","volume":2000,"label":" ","price":5.59},{"type":"A","date":"2018-03-27T06:19:58.000Z","volume":8000,"label":" ","price":5.59},{"type":"A","date":"2018-03-27T06:23:08.000Z","volume":10000,"label":" ","price":5.59},{"type":"A","date":"2018-03-27T06:23:44.000Z","volume":16000,"label":" ","price":5.59},{"type":"A","date":"2018-03-27T06:23:58.000Z","volume":6000,"label":" ","price":5.59},{"type":"B","date":"2018-03-27T06:24:10.000Z","volume":2000,"label":" ","price":5.55},{"type":"A","date":"2018-03-27T06:24:24.000Z","volume":8000,"label":"Y","price":5.59},{"type":"A","date":"2018-03-27T06:24:24.000Z","volume":2000,"label":" ","price":5.59},{"type":"A","date":"2018-03-27T06:31:13.000Z","volume":6000,"label":" ","price":5.59},{"type":"B","date":"2018-03-27T06:33:40.000Z","volume":2000,"label":" ","price":5.55},{"type":"B","date":"2018-03-27T06:33:44.000Z","volume":6000,"label":"Y","price":5.55},{"type":"B","date":"2018-03-27T06:33:44.000Z","volume":26000,"label":" ","price":5.55},{"type":"A","date":"2018-03-27T06:35:23.000Z","volume":4000,"label":" ","price":5.55},{"type":"A","date":"2018-03-27T06:37:42.000Z","volume":2000,"label":" ","price":5.58},{"type":"A","date":"2018-03-27T06:39:43.000Z","volume":10000,"label":" ","price":5.58},{"type":"A","date":"2018-03-27T06:39:55.000Z","volume":2000,"label":" ","price":5.58},{"type":"B","date":"2018-03-27T06:41:05.000Z","volume":10000,"label":" ","price":5.55},{"type":"B","date":"2018-03-27T06:47:53.000Z","volume":16000,"label":" ","price":5.55},{"type":"A","date":"2018-03-27T06:48:07.000Z","volume":10000,"label":" ","price":5.55},{"type":"A","date":"2018-03-27T07:02:13.000Z","volume":22000,"label":" ","price":5.55},{"type":"A","date":"2018-03-27T07:03:25.000Z","volume":2000,"label":" ","price":5.55},{"type":"A","date":"2018-03-27T07:09:10.000Z","volume":10000,"label":" ","price":5.57},{"type":"A","date":"2018-03-27T07:15:42.000Z","volume":4000,"label":" ","price":5.58},{"type":"A","date":"2018-03-27T07:18:10.000Z","volume":40000,"label":" ","price":5.58},{"type":"A","date":"2018-03-27T07:18:47.000Z","volume":2000,"label":" ","price":5.57},{"type":"A","date":"2018-03-27T07:27:09.000Z","volume":20000,"label":" ","price":5.57},{"type":"A","date":"2018-03-27T07:28:37.000Z","volume":10000,"label":" ","price":5.57},{"type":"A","date":"2018-03-27T07:29:19.000Z","volume":2000,"label":" ","price":5.57},{"type":"A","date":"2018-03-27T07:33:39.000Z","volume":8000,"label":" ","price":5.6},{"type":"B","date":"2018-03-27T07:33:46.000Z","volume":2000,"label":" ","price":5.56},{"type":"B","date":"2018-03-27T07:37:16.000Z","volume":2000,"label":" ","price":5.56},{"type":"B","date":"2018-03-27T07:40:46.000Z","volume":2000,"label":" ","price":5.56},{"type":"B","date":"2018-03-27T07:44:16.000Z","volume":2000,"label":" ","price":5.56},{"type":"A","date":"2018-03-27T07:48:36.000Z","volume":10000,"label":" ","price":5.59},{"type":"A","date":"2018-03-27T07:50:42.000Z","volume":10000,"label":" ","price":5.6},{"type":"A","date":"2018-03-27T07:50:52.000Z","volume":6000,"label":"Y","price":5.6},{"type":"A","date":"2018-03-27T07:50:52.000Z","volume":2000,"label":" ","price":5.6},{"type":"A","date":"2018-03-27T07:53:30.000Z","volume":30000,"label":" ","price":5.6},{"type":"B","date":"2018-03-27T07:53:46.000Z","volume":20000,"label":" ","price":5.59},{"type":"B","date":"2018-03-27T07:55:35.000Z","volume":4000,"label":" ","price":5.57},{"type":"A","date":"2018-03-27T07:55:48.000Z","volume":30000,"label":" ","price":5.59},{"type":"A","date":"2018-03-27T07:57:10.000Z","volume":6000,"label":" ","price":5.59},{"type":"A","date":"2018-03-27T07:58:48.000Z","volume":10000,"label":" ","price":5.6},{"type":"B","date":"2018-03-27T07:59:00.000Z","volume":2000,"label":" ","price":5.59},{"type":"B","date":"2018-03-27T07:59:09.000Z","volume":2000,"label":" ","price":5.59},{"type":"B","date":"2018-03-27T07:59:10.000Z","volume":2000,"label":" ","price":5.59},{"type":"B","date":"2018-03-27T07:59:19.000Z","volume":2000,"label":" ","price":5.59},{"type":"A","date":"2018-03-27T07:59:20.000Z","volume":2000,"label":" ","price":5.6},{"type":"B","date":"2018-03-27T07:59:34.000Z","volume":2000,"label":" ","price":5.59},{"type":"B","date":"2018-03-27T07:59:36.000Z","volume":2000,"label":" ","price":5.59},{"type":"A","date":"2018-03-27T07:59:44.000Z","volume":10000,"label":" ","price":5.6}]