[{"type":"U","date":"2018-03-26T01:20:00.000Z","volume":80000,"label":"U","price":4.37},{"type":"A","date":"2018-03-26T01:30:01.000Z","volume":10000,"label":" ","price":4.35},{"type":"A","date":"2018-03-26T01:30:04.000Z","volume":2000,"label":" ","price":4.35},{"type":"A","date":"2018-03-26T01:30:05.000Z","volume":2000,"label":" ","price":4.35},{"type":"B","date":"2018-03-26T01:30:07.000Z","volume":2000,"label":"Y","price":4.32},{"type":"B","date":"2018-03-26T01:30:07.000Z","volume":14000,"label":" ","price":4.32},{"type":"A","date":"2018-03-26T01:30:07.000Z","volume":2000,"label":" ","price":4.35},{"type":"A","date":"2018-03-26T01:30:09.000Z","volume":2000,"label":" ","price":4.35},{"type":"B","date":"2018-03-26T01:30:19.000Z","volume":2000,"label":" ","price":4.31},{"type":"B","date":"2018-03-26T01:30:19.000Z","volume":2000,"label":" ","price":4.31},{"type":"A","date":"2018-03-26T01:30:19.000Z","volume":2000,"label":"Y","price":4.35},{"type":"A","date":"2018-03-26T01:32:40.000Z","volume":18000,"label":" ","price":4.35},{"type":"A","date":"2018-03-26T01:32:40.000Z","volume":2000,"label":"Y","price":4.35},{"type":"A","date":"2018-03-26T01:32:40.000Z","volume":2000,"label":" ","price":4.35},{"type":"A","date":"2018-03-26T01:32:42.000Z","volume":4000,"label":" ","price":4.35},{"type":"A","date":"2018-03-26T01:32:43.000Z","volume":2000,"label":" ","price":4.35},{"type":"B","date":"2018-03-26T01:32:44.000Z","volume":2000,"label":" ","price":4.34},{"type":"B","date":"2018-03-26T01:33:01.000Z","volume":40000,"label":" ","price":4.34},{"type":"B","date":"2018-03-26T01:33:03.000Z","volume":10000,"label":" ","price":4.34},{"type":"A","date":"2018-03-26T01:33:03.000Z","volume":2000,"label":" ","price":4.35},{"type":"B","date":"2018-03-26T01:33:03.000Z","volume":2000,"label":"Y","price":4.34},{"type":"B","date":"2018-03-26T01:33:03.000Z","volume":2000,"label":" ","price":4.34},{"type":"A","date":"2018-03-26T01:34:47.000Z","volume":2000,"label":" ","price":4.35},{"type":"B","date":"2018-03-26T01:36:23.000Z","volume":2000,"label":"Y","price":4.33},{"type":"B","date":"2018-03-26T01:36:23.000Z","volume":2000,"label":" ","price":4.33},{"type":"A","date":"2018-03-26T01:36:23.000Z","volume":2000,"label":" ","price":4.35},{"type":"A","date":"2018-03-26T01:36:24.000Z","volume":26000,"label":" ","price":4.35},{"type":"A","date":"2018-03-26T01:36:24.000Z","volume":2000,"label":" ","price":4.35},{"type":"B","date":"2018-03-26T01:36:25.000Z","volume":6000,"label":" ","price":4.34},{"type":"A","date":"2018-03-26T01:36:25.000Z","volume":4000,"label":" ","price":4.35},{"type":"B","date":"2018-03-26T01:36:25.000Z","volume":2000,"label":" ","price":4.34},{"type":"B","date":"2018-03-26T01:36:27.000Z","volume":2000,"label":" ","price":4.34},{"type":"A","date":"2018-03-26T01:36:27.000Z","volume":2000,"label":" ","price":4.35},{"type":"B","date":"2018-03-26T01:36:29.000Z","volume":2000,"label":" ","price":4.34},{"type":"A","date":"2018-03-26T01:36:29.000Z","volume":2000,"label":" ","price":4.35},{"type":"B","date":"2018-03-26T01:36:46.000Z","volume":22000,"label":" ","price":4.34},{"type":"A","date":"2018-03-26T01:36:46.000Z","volume":8000,"label":" ","price":4.35},{"type":"B","date":"2018-03-26T01:36:46.000Z","volume":6000,"label":" ","price":4.34},{"type":"B","date":"2018-03-26T01:36:48.000Z","volume":4000,"label":"Y","price":4.34},{"type":"B","date":"2018-03-26T01:36:48.000Z","volume":20000,"label":" ","price":4.34},{"type":"B","date":"2018-03-26T01:36:48.000Z","volume":2000,"label":" ","price":4.34},{"type":"B","date":"2018-03-26T01:36:48.000Z","volume":2000,"label":"Y","price":4.34},{"type":"A","date":"2018-03-26T01:36:48.000Z","volume":8000,"label":" ","price":4.35},{"type":"B","date":"2018-03-26T01:36:48.000Z","volume":2000,"label":"Y","price":4.34},{"type":"B","date":"2018-03-26T01:36:48.000Z","volume":6000,"label":" ","price":4.34},{"type":"A","date":"2018-03-26T01:37:07.000Z","volume":2000,"label":" ","price":4.35},{"type":"B","date":"2018-03-26T01:37:07.000Z","volume":2000,"label":"Y","price":4.34},{"type":"B","date":"2018-03-26T01:37:08.000Z","volume":4000,"label":" ","price":4.34},{"type":"A","date":"2018-03-26T01:39:08.000Z","volume":18000,"label":" ","price":4.35},{"type":"B","date":"2018-03-26T01:39:09.000Z","volume":4000,"label":" ","price":4.34},{"type":"A","date":"2018-03-26T01:40:49.000Z","volume":20000,"label":" ","price":4.35},{"type":"B","date":"2018-03-26T01:40:49.000Z","volume":4000,"label":" ","price":4.34},{"type":"A","date":"2018-03-26T01:40:49.000Z","volume":4000,"label":" ","price":4.35},{"type":"B","date":"2018-03-26T01:40:50.000Z","volume":4000,"label":" ","price":4.34},{"type":"B","date":"2018-03-26T01:40:51.000Z","volume":2000,"label":"Y","price":4.34},{"type":"A","date":"2018-03-26T01:40:51.000Z","volume":4000,"label":" ","price":4.35},{"type":"B","date":"2018-03-26T01:40:51.000Z","volume":4000,"label":"Y","price":4.34},{"type":"B","date":"2018-03-26T01:40:53.000Z","volume":2000,"label":" ","price":4.34},{"type":"A","date":"2018-03-26T01:42:17.000Z","volume":18000,"label":" ","price":4.35},{"type":"B","date":"2018-03-26T01:42:19.000Z","volume":4000,"label":" ","price":4.34},{"type":"A","date":"2018-03-26T01:42:21.000Z","volume":2000,"label":" ","price":4.35},{"type":"A","date":"2018-03-26T01:44:03.000Z","volume":20000,"label":" ","price":4.35},{"type":"A","date":"2018-03-26T01:44:05.000Z","volume":4000,"label":"Y","price":4.35},{"type":"A","date":"2018-03-26T01:44:09.000Z","volume":4000,"label":" ","price":4.35},{"type":"A","date":"2018-03-26T01:44:20.000Z","volume":2000,"label":" ","price":4.35},{"type":"A","date":"2018-03-26T01:45:19.000Z","volume":2000,"label":" ","price":4.35},{"type":"B","date":"2018-03-26T01:45:41.000Z","volume":4000,"label":" ","price":4.34},{"type":"B","date":"2018-03-26T01:46:28.000Z","volume":4000,"label":" ","price":4.34},{"type":"B","date":"2018-03-26T01:46:28.000Z","volume":4000,"label":" ","price":4.34},{"type":"A","date":"2018-03-26T01:46:30.000Z","volume":4000,"label":"Y","price":4.35},{"type":"B","date":"2018-03-26T01:47:44.000Z","volume":4000,"label":" ","price":4.34},{"type":"B","date":"2018-03-26T01:48:16.000Z","volume":2000,"label":"Y","price":4.34},{"type":"B","date":"2018-03-26T01:48:16.000Z","volume":2000,"label":" ","price":4.34},{"type":"A","date":"2018-03-26T01:48:47.000Z","volume":4000,"label":" ","price":4.35},{"type":"A","date":"2018-03-26T01:49:10.000Z","volume":24000,"label":" ","price":4.35},{"type":"B","date":"2018-03-26T01:49:10.000Z","volume":2000,"label":" ","price":4.34},{"type":"A","date":"2018-03-26T01:49:12.000Z","volume":4000,"label":" ","price":4.35},{"type":"B","date":"2018-03-26T01:50:30.000Z","volume":2000,"label":"Y","price":4.34},{"type":"A","date":"2018-03-26T01:50:50.000Z","volume":20000,"label":" ","price":4.35},{"type":"A","date":"2018-03-26T01:50:52.000Z","volume":4000,"label":" ","price":4.35},{"type":"B","date":"2018-03-26T01:51:03.000Z","volume":4000,"label":"Y","price":4.34},{"type":"B","date":"2018-03-26T01:51:04.000Z","volume":4000,"label":" ","price":4.34},{"type":"U","date":"2018-03-26T01:51:36.000Z","volume":8000,"label":"X","price":4.34},{"type":"U","date":"2018-03-26T01:51:36.000Z","volume":18000,"label":"X","price":4.34},{"type":"A","date":"2018-03-26T01:51:36.000Z","volume":4000,"label":" ","price":4.35},{"type":"U","date":"2018-03-26T01:51:36.000Z","volume":18000,"label":"X","price":4.345},{"type":"B","date":"2018-03-26T01:51:37.000Z","volume":2000,"label":"Y","price":4.34},{"type":"B","date":"2018-03-26T01:51:37.000Z","volume":2000,"label":" ","price":4.34},{"type":"B","date":"2018-03-26T01:51:39.000Z","volume":20000,"label":" ","price":4.34},{"type":"U","date":"2018-03-26T01:51:40.000Z","volume":8000,"label":"X","price":4.34},{"type":"U","date":"2018-03-26T01:51:52.000Z","volume":32000,"label":"X","price":4.34},{"type":"U","date":"2018-03-26T01:53:12.000Z","volume":32000,"label":"X","price":4.34},{"type":"U","date":"2018-03-26T01:53:17.000Z","volume":32000,"label":"X","price":4.34},{"type":"A","date":"2018-03-26T01:53:46.000Z","volume":26000,"label":" ","price":4.35},{"type":"B","date":"2018-03-26T01:53:47.000Z","volume":6000,"label":" ","price":4.34},{"type":"B","date":"2018-03-26T01:53:47.000Z","volume":2000,"label":"Y","price":4.34},{"type":"B","date":"2018-03-26T01:53:47.000Z","volume":42000,"label":" ","price":4.34},{"type":"B","date":"2018-03-26T01:53:48.000Z","volume":12000,"label":" ","price":4.34},{"type":"B","date":"2018-03-26T01:53:52.000Z","volume":6000,"label":" ","price":4.34},{"type":"B","date":"2018-03-26T01:54:13.000Z","volume":28000,"label":" ","price":4.34},{"type":"B","date":"2018-03-26T01:54:14.000Z","volume":2000,"label":" ","price":4.34},{"type":"A","date":"2018-03-26T01:54:16.000Z","volume":10000,"label":" ","price":4.34},{"type":"B","date":"2018-03-26T01:54:16.000Z","volume":4000,"label":" ","price":4.33},{"type":"A","date":"2018-03-26T01:54:18.000Z","volume":4000,"label":" ","price":4.34},{"type":"B","date":"2018-03-26T01:54:18.000Z","volume":2000,"label":"Y","price":4.33},{"type":"B","date":"2018-03-26T01:54:18.000Z","volume":2000,"label":" ","price":4.33},{"type":"B","date":"2018-03-26T01:54:19.000Z","volume":2000,"label":" ","price":4.33},{"type":"A","date":"2018-03-26T01:59:34.000Z","volume":40000,"label":" ","price":4.34},{"type":"B","date":"2018-03-26T01:59:34.000Z","volume":2000,"label":"Y","price":4.33},{"type":"B","date":"2018-03-26T01:59:34.000Z","volume":2000,"label":" ","price":4.33},{"type":"A","date":"2018-03-26T01:59:34.000Z","volume":2000,"label":" ","price":4.34},{"type":"B","date":"2018-03-26T01:59:35.000Z","volume":4000,"label":" ","price":4.33},{"type":"B","date":"2018-03-26T01:59:36.000Z","volume":6000,"label":" ","price":4.33},{"type":"A","date":"2018-03-26T01:59:36.000Z","volume":4000,"label":" ","price":4.34},{"type":"B","date":"2018-03-26T01:59:38.000Z","volume":2000,"label":" ","price":4.33},{"type":"A","date":"2018-03-26T01:59:38.000Z","volume":2000,"label":" ","price":4.34},{"type":"B","date":"2018-03-26T01:59:39.000Z","volume":4000,"label":" ","price":4.33},{"type":"A","date":"2018-03-26T01:59:40.000Z","volume":2000,"label":" ","price":4.34},{"type":"B","date":"2018-03-26T01:59:42.000Z","volume":2000,"label":"Y","price":4.33},{"type":"B","date":"2018-03-26T02:02:37.000Z","volume":2000,"label":" ","price":4.33},{"type":"B","date":"2018-03-26T02:02:57.000Z","volume":2000,"label":" ","price":4.33},{"type":"A","date":"2018-03-26T02:05:21.000Z","volume":10000,"label":" ","price":4.34},{"type":"A","date":"2018-03-26T02:05:23.000Z","volume":2000,"label":" ","price":4.34},{"type":"B","date":"2018-03-26T02:05:23.000Z","volume":2000,"label":" ","price":4.33},{"type":"A","date":"2018-03-26T02:10:13.000Z","volume":14000,"label":" ","price":4.34},{"type":"A","date":"2018-03-26T02:10:13.000Z","volume":2000,"label":" ","price":4.34},{"type":"B","date":"2018-03-26T02:10:13.000Z","volume":2000,"label":" ","price":4.33},{"type":"B","date":"2018-03-26T02:10:14.000Z","volume":2000,"label":" ","price":4.33},{"type":"B","date":"2018-03-26T02:10:14.000Z","volume":2000,"label":" ","price":4.33},{"type":"B","date":"2018-03-26T02:10:15.000Z","volume":4000,"label":" ","price":4.33},{"type":"A","date":"2018-03-26T02:10:15.000Z","volume":2000,"label":" ","price":4.34},{"type":"U","date":"2018-03-26T02:10:27.000Z","volume":12000,"label":"X","price":4.34},{"type":"B","date":"2018-03-26T02:10:55.000Z","volume":2000,"label":" ","price":4.33},{"type":"A","date":"2018-03-26T02:10:55.000Z","volume":2000,"label":" ","price":4.34},{"type":"A","date":"2018-03-26T02:13:54.000Z","volume":2000,"label":" ","price":4.34},{"type":"A","date":"2018-03-26T02:16:25.000Z","volume":26000,"label":" ","price":4.34},{"type":"A","date":"2018-03-26T02:16:27.000Z","volume":2000,"label":"Y","price":4.34},{"type":"B","date":"2018-03-26T02:16:28.000Z","volume":2000,"label":" ","price":4.33},{"type":"A","date":"2018-03-26T02:16:29.000Z","volume":2000,"label":"Y","price":4.34},{"type":"B","date":"2018-03-26T02:16:30.000Z","volume":2000,"label":" ","price":4.33},{"type":"B","date":"2018-03-26T02:16:30.000Z","volume":2000,"label":" ","price":4.33},{"type":"A","date":"2018-03-26T02:16:31.000Z","volume":2000,"label":"Y","price":4.34},{"type":"A","date":"2018-03-26T02:20:02.000Z","volume":2000,"label":" ","price":4.34},{"type":"A","date":"2018-03-26T02:20:02.000Z","volume":2000,"label":" ","price":4.34},{"type":"A","date":"2018-03-26T02:20:02.000Z","volume":2000,"label":" ","price":4.34},{"type":"A","date":"2018-03-26T02:20:02.000Z","volume":2000,"label":" ","price":4.34},{"type":"A","date":"2018-03-26T02:20:04.000Z","volume":2000,"label":"Y","price":4.34},{"type":"B","date":"2018-03-26T02:20:27.000Z","volume":2000,"label":" ","price":4.33},{"type":"B","date":"2018-03-26T02:20:27.000Z","volume":2000,"label":" ","price":4.33},{"type":"B","date":"2018-03-26T02:20:28.000Z","volume":2000,"label":" ","price":4.33},{"type":"A","date":"2018-03-26T02:22:00.000Z","volume":2000,"label":"Y","price":4.34},{"type":"A","date":"2018-03-26T02:24:04.000Z","volume":2000,"label":" ","price":4.34},{"type":"A","date":"2018-03-26T02:24:04.000Z","volume":2000,"label":" ","price":4.34},{"type":"A","date":"2018-03-26T02:25:35.000Z","volume":24000,"label":" ","price":4.34},{"type":"A","date":"2018-03-26T02:25:35.000Z","volume":2000,"label":" ","price":4.34},{"type":"A","date":"2018-03-26T02:27:47.000Z","volume":4000,"label":" ","price":4.34},{"type":"A","date":"2018-03-26T02:27:49.000Z","volume":2000,"label":" ","price":4.34},{"type":"B","date":"2018-03-26T02:29:31.000Z","volume":2000,"label":" ","price":4.33},{"type":"B","date":"2018-03-26T02:29:33.000Z","volume":2000,"label":" ","price":4.33},{"type":"A","date":"2018-03-26T02:29:33.000Z","volume":2000,"label":" ","price":4.34},{"type":"A","date":"2018-03-26T02:30:01.000Z","volume":2000,"label":"Y","price":4.34},{"type":"A","date":"2018-03-26T02:32:47.000Z","volume":2000,"label":" ","price":4.34},{"type":"A","date":"2018-03-26T02:32:47.000Z","volume":26000,"label":" ","price":4.34},{"type":"B","date":"2018-03-26T02:32:48.000Z","volume":2000,"label":" ","price":4.33},{"type":"A","date":"2018-03-26T02:32:49.000Z","volume":6000,"label":" ","price":4.34},{"type":"A","date":"2018-03-26T02:32:51.000Z","volume":2000,"label":" ","price":4.34},{"type":"A","date":"2018-03-26T02:32:53.000Z","volume":2000,"label":"Y","price":4.34},{"type":"A","date":"2018-03-26T02:33:19.000Z","volume":8000,"label":" ","price":4.34},{"type":"A","date":"2018-03-26T02:33:21.000Z","volume":2000,"label":"Y","price":4.34},{"type":"A","date":"2018-03-26T02:33:21.000Z","volume":2000,"label":"Y","price":4.34},{"type":"A","date":"2018-03-26T02:36:32.000Z","volume":4000,"label":" ","price":4.34},{"type":"A","date":"2018-03-26T02:36:47.000Z","volume":2000,"label":" ","price":4.34},{"type":"A","date":"2018-03-26T02:36:47.000Z","volume":2000,"label":" ","price":4.34},{"type":"A","date":"2018-03-26T02:36:49.000Z","volume":2000,"label":"Y","price":4.34},{"type":"A","date":"2018-03-26T02:36:49.000Z","volume":2000,"label":"Y","price":4.34},{"type":"A","date":"2018-03-26T02:36:51.000Z","volume":2000,"label":"Y","price":4.34},{"type":"A","date":"2018-03-26T02:38:43.000Z","volume":26000,"label":" ","price":4.34},{"type":"A","date":"2018-03-26T02:38:45.000Z","volume":6000,"label":" ","price":4.34},{"type":"A","date":"2018-03-26T02:40:40.000Z","volume":2000,"label":" ","price":4.34},{"type":"A","date":"2018-03-26T02:40:40.000Z","volume":2000,"label":" ","price":4.34},{"type":"B","date":"2018-03-26T02:42:18.000Z","volume":2000,"label":" ","price":4.33},{"type":"B","date":"2018-03-26T02:42:41.000Z","volume":2000,"label":" ","price":4.33},{"type":"U","date":"2018-03-26T02:43:36.000Z","volume":2000,"label":"X","price":4.335},{"type":"A","date":"2018-03-26T02:44:21.000Z","volume":2000,"label":" ","price":4.34},{"type":"A","date":"2018-03-26T02:45:39.000Z","volume":26000,"label":" ","price":4.34},{"type":"A","date":"2018-03-26T02:45:39.000Z","volume":2000,"label":" ","price":4.34},{"type":"A","date":"2018-03-26T02:45:41.000Z","volume":4000,"label":" ","price":4.34},{"type":"A","date":"2018-03-26T02:46:32.000Z","volume":2000,"label":" ","price":4.34},{"type":"A","date":"2018-03-26T02:46:32.000Z","volume":2000,"label":" ","price":4.34},{"type":"A","date":"2018-03-26T02:46:34.000Z","volume":2000,"label":" ","price":4.34},{"type":"B","date":"2018-03-26T02:47:04.000Z","volume":2000,"label":" ","price":4.33},{"type":"A","date":"2018-03-26T02:47:30.000Z","volume":2000,"label":" ","price":4.34},{"type":"A","date":"2018-03-26T02:54:20.000Z","volume":2000,"label":" ","price":4.34},{"type":"A","date":"2018-03-26T02:54:32.000Z","volume":2000,"label":" ","price":4.34},{"type":"A","date":"2018-03-26T02:54:32.000Z","volume":2000,"label":" ","price":4.34},{"type":"A","date":"2018-03-26T02:54:34.000Z","volume":2000,"label":" ","price":4.34},{"type":"A","date":"2018-03-26T02:55:21.000Z","volume":24000,"label":" ","price":4.34},{"type":"A","date":"2018-03-26T02:55:21.000Z","volume":6000,"label":" ","price":4.34},{"type":"B","date":"2018-03-26T02:55:21.000Z","volume":4000,"label":" ","price":4.33},{"type":"B","date":"2018-03-26T02:55:23.000Z","volume":2000,"label":" ","price":4.33},{"type":"A","date":"2018-03-26T02:57:03.000Z","volume":2000,"label":" ","price":4.34},{"type":"A","date":"2018-03-26T02:57:05.000Z","volume":2000,"label":" ","price":4.34},{"type":"A","date":"2018-03-26T03:01:40.000Z","volume":2000,"label":" ","price":4.34},{"type":"A","date":"2018-03-26T03:02:58.000Z","volume":120000,"label":" ","price":4.34},{"type":"A","date":"2018-03-26T03:02:58.000Z","volume":2000,"label":" ","price":4.34},{"type":"B","date":"2018-03-26T03:02:58.000Z","volume":4000,"label":" ","price":4.33},{"type":"A","date":"2018-03-26T03:03:00.000Z","volume":10000,"label":"Y","price":4.34},{"type":"A","date":"2018-03-26T03:03:00.000Z","volume":16000,"label":" ","price":4.34},{"type":"B","date":"2018-03-26T03:03:00.000Z","volume":24000,"label":" ","price":4.33},{"type":"A","date":"2018-03-26T03:03:02.000Z","volume":6000,"label":"Y","price":4.34},{"type":"B","date":"2018-03-26T03:03:31.000Z","volume":16000,"label":" ","price":4.33},{"type":"A","date":"2018-03-26T03:03:31.000Z","volume":2000,"label":"Y","price":4.34},{"type":"A","date":"2018-03-26T03:03:33.000Z","volume":2000,"label":"Y","price":4.34},{"type":"A","date":"2018-03-26T03:04:02.000Z","volume":2000,"label":" ","price":4.34},{"type":"A","date":"2018-03-26T03:04:02.000Z","volume":2000,"label":" ","price":4.34},{"type":"A","date":"2018-03-26T03:04:02.000Z","volume":2000,"label":" ","price":4.34},{"type":"A","date":"2018-03-26T03:04:04.000Z","volume":2000,"label":"Y","price":4.34},{"type":"A","date":"2018-03-26T03:04:44.000Z","volume":24000,"label":" ","price":4.34},{"type":"A","date":"2018-03-26T03:04:46.000Z","volume":6000,"label":"Y","price":4.34},{"type":"B","date":"2018-03-26T03:05:43.000Z","volume":4000,"label":" ","price":4.33},{"type":"A","date":"2018-03-26T03:08:14.000Z","volume":2000,"label":" ","price":4.34},{"type":"A","date":"2018-03-26T03:10:03.000Z","volume":26000,"label":" ","price":4.34},{"type":"A","date":"2018-03-26T03:10:03.000Z","volume":2000,"label":"Y","price":4.34},{"type":"B","date":"2018-03-26T03:11:03.000Z","volume":4000,"label":" ","price":4.33},{"type":"A","date":"2018-03-26T03:12:33.000Z","volume":2000,"label":" ","price":4.34},{"type":"A","date":"2018-03-26T03:15:44.000Z","volume":26000,"label":" ","price":4.34},{"type":"A","date":"2018-03-26T03:15:46.000Z","volume":2000,"label":" ","price":4.34},{"type":"A","date":"2018-03-26T03:15:47.000Z","volume":2000,"label":" ","price":4.34},{"type":"A","date":"2018-03-26T03:15:47.000Z","volume":2000,"label":" ","price":4.34},{"type":"A","date":"2018-03-26T03:15:47.000Z","volume":2000,"label":" ","price":4.34},{"type":"A","date":"2018-03-26T03:15:48.000Z","volume":2000,"label":" ","price":4.34},{"type":"B","date":"2018-03-26T03:16:48.000Z","volume":4000,"label":" ","price":4.33},{"type":"A","date":"2018-03-26T03:23:34.000Z","volume":2000,"label":" ","price":4.34},{"type":"A","date":"2018-03-26T03:24:44.000Z","volume":26000,"label":" ","price":4.34},{"type":"A","date":"2018-03-26T03:24:46.000Z","volume":2000,"label":" ","price":4.34},{"type":"A","date":"2018-03-26T03:25:04.000Z","volume":2000,"label":" ","price":4.34},{"type":"A","date":"2018-03-26T03:26:34.000Z","volume":2000,"label":" ","price":4.34},{"type":"A","date":"2018-03-26T03:26:36.000Z","volume":2000,"label":" ","price":4.34},{"type":"B","date":"2018-03-26T03:26:44.000Z","volume":4000,"label":" ","price":4.33},{"type":"A","date":"2018-03-26T03:28:23.000Z","volume":2000,"label":" ","price":4.34},{"type":"A","date":"2018-03-26T03:29:02.000Z","volume":2000,"label":" ","price":4.34},{"type":"A","date":"2018-03-26T03:29:02.000Z","volume":2000,"label":" ","price":4.34},{"type":"A","date":"2018-03-26T03:29:02.000Z","volume":2000,"label":" ","price":4.34},{"type":"A","date":"2018-03-26T03:30:04.000Z","volume":2000,"label":" ","price":4.34},{"type":"B","date":"2018-03-26T03:30:59.000Z","volume":20000,"label":" ","price":4.33},{"type":"B","date":"2018-03-26T03:33:00.000Z","volume":2000,"label":" ","price":4.33},{"type":"A","date":"2018-03-26T03:33:18.000Z","volume":26000,"label":" ","price":4.34},{"type":"A","date":"2018-03-26T03:35:32.000Z","volume":2000,"label":" ","price":4.34},{"type":"A","date":"2018-03-26T03:35:32.000Z","volume":2000,"label":" ","price":4.34},{"type":"A","date":"2018-03-26T03:35:34.000Z","volume":2000,"label":" ","price":4.34},{"type":"A","date":"2018-03-26T03:36:09.000Z","volume":2000,"label":" ","price":4.34},{"type":"A","date":"2018-03-26T03:41:17.000Z","volume":2000,"label":" ","price":4.34},{"type":"A","date":"2018-03-26T03:41:17.000Z","volume":2000,"label":" ","price":4.34},{"type":"A","date":"2018-03-26T03:41:27.000Z","volume":22000,"label":"Y","price":4.34},{"type":"A","date":"2018-03-26T03:41:27.000Z","volume":4000,"label":" ","price":4.34},{"type":"A","date":"2018-03-26T03:41:29.000Z","volume":6000,"label":" ","price":4.34},{"type":"A","date":"2018-03-26T03:42:05.000Z","volume":2000,"label":" ","price":4.34},{"type":"A","date":"2018-03-26T03:43:24.000Z","volume":2000,"label":" ","price":4.34},{"type":"A","date":"2018-03-26T03:46:47.000Z","volume":2000,"label":" ","price":4.34},{"type":"A","date":"2018-03-26T03:48:48.000Z","volume":26000,"label":" ","price":4.34},{"type":"A","date":"2018-03-26T03:48:50.000Z","volume":2000,"label":"Y","price":4.34},{"type":"A","date":"2018-03-26T03:48:50.000Z","volume":4000,"label":" ","price":4.34},{"type":"A","date":"2018-03-26T03:49:32.000Z","volume":2000,"label":" ","price":4.34},{"type":"A","date":"2018-03-26T03:49:34.000Z","volume":2000,"label":" ","price":4.34},{"type":"U","date":"2018-03-26T03:51:45.000Z","volume":2000,"label":"X","price":4.335},{"type":"A","date":"2018-03-26T03:52:47.000Z","volume":2000,"label":" ","price":4.34},{"type":"A","date":"2018-03-26T03:55:25.000Z","volume":2000,"label":" ","price":4.34},{"type":"B","date":"2018-03-26T03:55:32.000Z","volume":2000,"label":" ","price":4.33},{"type":"A","date":"2018-03-26T03:55:48.000Z","volume":26000,"label":" ","price":4.34},{"type":"A","date":"2018-03-26T03:55:48.000Z","volume":6000,"label":" ","price":4.34},{"type":"A","date":"2018-03-26T03:56:02.000Z","volume":2000,"label":" ","price":4.34},{"type":"A","date":"2018-03-26T03:56:04.000Z","volume":2000,"label":"Y","price":4.34},{"type":"A","date":"2018-03-26T03:58:02.000Z","volume":2000,"label":" ","price":4.34},{"type":"A","date":"2018-03-26T03:58:04.000Z","volume":2000,"label":" ","price":4.34},{"type":"A","date":"2018-03-26T03:59:20.000Z","volume":2000,"label":" ","price":4.34},{"type":"B","date":"2018-03-26T05:00:00.000Z","volume":2000,"label":" ","price":4.33},{"type":"A","date":"2018-03-26T05:00:00.000Z","volume":2000,"label":" ","price":4.34},{"type":"A","date":"2018-03-26T05:00:01.000Z","volume":2000,"label":"Y","price":4.34},{"type":"A","date":"2018-03-26T05:01:37.000Z","volume":26000,"label":" ","price":4.34},{"type":"A","date":"2018-03-26T05:01:37.000Z","volume":4000,"label":" ","price":4.34},{"type":"A","date":"2018-03-26T05:01:39.000Z","volume":2000,"label":" ","price":4.34},{"type":"A","date":"2018-03-26T05:04:32.000Z","volume":8000,"label":" ","price":4.34},{"type":"A","date":"2018-03-26T05:04:34.000Z","volume":2000,"label":" ","price":4.34},{"type":"A","date":"2018-03-26T05:05:17.000Z","volume":26000,"label":" ","price":4.34},{"type":"A","date":"2018-03-26T05:05:19.000Z","volume":6000,"label":" ","price":4.34},{"type":"B","date":"2018-03-26T05:05:47.000Z","volume":146000,"label":" ","price":4.33},{"type":"A","date":"2018-03-26T05:05:47.000Z","volume":38000,"label":" ","price":4.33},{"type":"A","date":"2018-03-26T05:05:47.000Z","volume":18000,"label":" ","price":4.33},{"type":"A","date":"2018-03-26T05:19:15.000Z","volume":2000,"label":" ","price":4.33},{"type":"A","date":"2018-03-26T05:24:38.000Z","volume":2000,"label":" ","price":4.33},{"type":"A","date":"2018-03-26T05:25:38.000Z","volume":2000,"label":" ","price":4.33},{"type":"A","date":"2018-03-26T05:31:32.000Z","volume":2000,"label":" ","price":4.33},{"type":"A","date":"2018-03-26T05:31:32.000Z","volume":2000,"label":" ","price":4.33},{"type":"A","date":"2018-03-26T05:31:32.000Z","volume":2000,"label":" ","price":4.33},{"type":"A","date":"2018-03-26T05:31:32.000Z","volume":2000,"label":" ","price":4.33},{"type":"A","date":"2018-03-26T05:33:09.000Z","volume":2000,"label":" ","price":4.33},{"type":"U","date":"2018-03-26T05:33:46.000Z","volume":2000,"label":"X","price":4.325},{"type":"A","date":"2018-03-26T05:37:26.000Z","volume":26000,"label":" ","price":4.33},{"type":"B","date":"2018-03-26T05:37:26.000Z","volume":4000,"label":" ","price":4.32},{"type":"A","date":"2018-03-26T05:39:09.000Z","volume":2000,"label":" ","price":4.33},{"type":"B","date":"2018-03-26T05:39:09.000Z","volume":2000,"label":" ","price":4.32},{"type":"A","date":"2018-03-26T05:39:32.000Z","volume":2000,"label":" ","price":4.33},{"type":"A","date":"2018-03-26T05:39:32.000Z","volume":2000,"label":" ","price":4.33},{"type":"A","date":"2018-03-26T05:39:32.000Z","volume":2000,"label":" ","price":4.33},{"type":"U","date":"2018-03-26T05:40:25.000Z","volume":2000,"label":"X","price":4.32},{"type":"A","date":"2018-03-26T05:42:49.000Z","volume":2000,"label":"Y","price":4.33},{"type":"B","date":"2018-03-26T05:42:49.000Z","volume":2000,"label":" ","price":4.32},{"type":"A","date":"2018-03-26T05:43:20.000Z","volume":26000,"label":" ","price":4.33},{"type":"B","date":"2018-03-26T05:43:21.000Z","volume":4000,"label":" ","price":4.32},{"type":"A","date":"2018-03-26T05:48:09.000Z","volume":2000,"label":" ","price":4.33},{"type":"B","date":"2018-03-26T05:48:11.000Z","volume":2000,"label":" ","price":4.32},{"type":"A","date":"2018-03-26T05:48:47.000Z","volume":26000,"label":" ","price":4.33},{"type":"B","date":"2018-03-26T05:48:47.000Z","volume":2000,"label":" ","price":4.32},{"type":"B","date":"2018-03-26T05:48:49.000Z","volume":2000,"label":" ","price":4.32},{"type":"A","date":"2018-03-26T05:54:00.000Z","volume":26000,"label":" ","price":4.33},{"type":"B","date":"2018-03-26T05:54:02.000Z","volume":2000,"label":"Y","price":4.32},{"type":"B","date":"2018-03-26T05:54:02.000Z","volume":2000,"label":" ","price":4.32},{"type":"A","date":"2018-03-26T05:56:10.000Z","volume":2000,"label":" ","price":4.33},{"type":"A","date":"2018-03-26T05:59:08.000Z","volume":26000,"label":" ","price":4.33},{"type":"A","date":"2018-03-26T06:01:17.000Z","volume":2000,"label":" ","price":4.33},{"type":"A","date":"2018-03-26T06:01:17.000Z","volume":2000,"label":" ","price":4.33},{"type":"A","date":"2018-03-26T06:01:17.000Z","volume":2000,"label":" ","price":4.33},{"type":"A","date":"2018-03-26T06:01:17.000Z","volume":2000,"label":" ","price":4.33},{"type":"A","date":"2018-03-26T06:05:42.000Z","volume":2000,"label":" ","price":4.33},{"type":"A","date":"2018-03-26T06:06:29.000Z","volume":26000,"label":" ","price":4.33},{"type":"B","date":"2018-03-26T06:07:27.000Z","volume":2000,"label":" ","price":4.32},{"type":"A","date":"2018-03-26T06:09:30.000Z","volume":2000,"label":" ","price":4.33},{"type":"A","date":"2018-03-26T06:11:53.000Z","volume":2000,"label":" ","price":4.33},{"type":"A","date":"2018-03-26T06:14:28.000Z","volume":26000,"label":" ","price":4.33},{"type":"B","date":"2018-03-26T06:15:00.000Z","volume":2000,"label":" ","price":4.32},{"type":"A","date":"2018-03-26T06:15:17.000Z","volume":2000,"label":" ","price":4.33},{"type":"A","date":"2018-03-26T06:15:17.000Z","volume":2000,"label":" ","price":4.33},{"type":"A","date":"2018-03-26T06:15:17.000Z","volume":2000,"label":" ","price":4.33},{"type":"A","date":"2018-03-26T06:15:41.000Z","volume":2000,"label":" ","price":4.33},{"type":"A","date":"2018-03-26T06:21:17.000Z","volume":2000,"label":" ","price":4.33},{"type":"A","date":"2018-03-26T06:21:17.000Z","volume":2000,"label":" ","price":4.33},{"type":"B","date":"2018-03-26T06:21:54.000Z","volume":2000,"label":" ","price":4.32},{"type":"A","date":"2018-03-26T06:22:20.000Z","volume":2000,"label":" ","price":4.33},{"type":"A","date":"2018-03-26T06:23:40.000Z","volume":2000,"label":" ","price":4.33},{"type":"A","date":"2018-03-26T06:24:41.000Z","volume":2000,"label":" ","price":4.33},{"type":"A","date":"2018-03-26T06:25:00.000Z","volume":2000,"label":" ","price":4.33},{"type":"A","date":"2018-03-26T06:25:22.000Z","volume":26000,"label":" ","price":4.33},{"type":"A","date":"2018-03-26T06:25:40.000Z","volume":2000,"label":" ","price":4.33},{"type":"A","date":"2018-03-26T06:27:00.000Z","volume":2000,"label":" ","price":4.33},{"type":"A","date":"2018-03-26T06:28:20.000Z","volume":2000,"label":" ","price":4.33},{"type":"A","date":"2018-03-26T06:29:20.000Z","volume":2000,"label":" ","price":4.33},{"type":"A","date":"2018-03-26T06:30:17.000Z","volume":2000,"label":" ","price":4.33},{"type":"A","date":"2018-03-26T06:30:17.000Z","volume":2000,"label":" ","price":4.33},{"type":"A","date":"2018-03-26T06:30:20.000Z","volume":2000,"label":" ","price":4.33},{"type":"A","date":"2018-03-26T06:31:20.000Z","volume":2000,"label":" ","price":4.33},{"type":"A","date":"2018-03-26T06:32:20.000Z","volume":2000,"label":" ","price":4.33},{"type":"U","date":"2018-03-26T06:32:31.000Z","volume":2000,"label":"X","price":4.33},{"type":"A","date":"2018-03-26T06:33:00.000Z","volume":2000,"label":" ","price":4.33},{"type":"A","date":"2018-03-26T06:34:00.000Z","volume":2000,"label":" ","price":4.33},{"type":"A","date":"2018-03-26T06:35:33.000Z","volume":26000,"label":" ","price":4.33},{"type":"B","date":"2018-03-26T06:35:33.000Z","volume":4000,"label":" ","price":4.32},{"type":"B","date":"2018-03-26T06:35:35.000Z","volume":2000,"label":" ","price":4.32},{"type":"A","date":"2018-03-26T06:35:40.000Z","volume":2000,"label":" ","price":4.33},{"type":"A","date":"2018-03-26T06:36:40.000Z","volume":2000,"label":" ","price":4.33},{"type":"B","date":"2018-03-26T06:36:41.000Z","volume":2000,"label":" ","price":4.32},{"type":"A","date":"2018-03-26T06:37:01.000Z","volume":2000,"label":" ","price":4.33},{"type":"A","date":"2018-03-26T06:37:20.000Z","volume":2000,"label":" ","price":4.33},{"type":"A","date":"2018-03-26T06:38:20.000Z","volume":2000,"label":" ","price":4.33},{"type":"B","date":"2018-03-26T06:38:40.000Z","volume":2000,"label":" ","price":4.32},{"type":"A","date":"2018-03-26T06:39:00.000Z","volume":2000,"label":" ","price":4.33},{"type":"B","date":"2018-03-26T06:39:00.000Z","volume":2000,"label":" ","price":4.32},{"type":"A","date":"2018-03-26T06:39:02.000Z","volume":2000,"label":" ","price":4.33},{"type":"A","date":"2018-03-26T06:39:02.000Z","volume":2000,"label":" ","price":4.33},{"type":"A","date":"2018-03-26T06:39:02.000Z","volume":2000,"label":" ","price":4.33},{"type":"B","date":"2018-03-26T06:39:54.000Z","volume":2000,"label":" ","price":4.32},{"type":"B","date":"2018-03-26T06:39:56.000Z","volume":2000,"label":" ","price":4.32},{"type":"A","date":"2018-03-26T06:40:00.000Z","volume":2000,"label":" ","price":4.33},{"type":"A","date":"2018-03-26T06:41:20.000Z","volume":2000,"label":" ","price":4.33},{"type":"A","date":"2018-03-26T06:42:40.000Z","volume":2000,"label":" ","price":4.33},{"type":"A","date":"2018-03-26T06:43:42.000Z","volume":2000,"label":"Y","price":4.33},{"type":"A","date":"2018-03-26T06:44:00.000Z","volume":2000,"label":" ","price":4.33},{"type":"B","date":"2018-03-26T06:44:02.000Z","volume":2000,"label":" ","price":4.32},{"type":"A","date":"2018-03-26T06:44:25.000Z","volume":4000,"label":" ","price":4.33},{"type":"A","date":"2018-03-26T06:45:45.000Z","volume":2000,"label":" ","price":4.33},{"type":"A","date":"2018-03-26T06:46:45.000Z","volume":2000,"label":" ","price":4.33},{"type":"B","date":"2018-03-26T06:46:45.000Z","volume":2000,"label":" ","price":4.32},{"type":"A","date":"2018-03-26T06:48:05.000Z","volume":2000,"label":" ","price":4.33},{"type":"A","date":"2018-03-26T06:48:34.000Z","volume":26000,"label":" ","price":4.33},{"type":"B","date":"2018-03-26T06:48:35.000Z","volume":2000,"label":" ","price":4.32},{"type":"A","date":"2018-03-26T06:48:50.000Z","volume":2000,"label":" ","price":4.33},{"type":"A","date":"2018-03-26T06:49:17.000Z","volume":2000,"label":" ","price":4.33},{"type":"A","date":"2018-03-26T06:49:17.000Z","volume":2000,"label":" ","price":4.33},{"type":"A","date":"2018-03-26T06:49:17.000Z","volume":2000,"label":" ","price":4.33},{"type":"A","date":"2018-03-26T06:49:25.000Z","volume":2000,"label":" ","price":4.33},{"type":"A","date":"2018-03-26T06:50:25.000Z","volume":2000,"label":" ","price":4.33},{"type":"A","date":"2018-03-26T06:51:25.000Z","volume":2000,"label":" ","price":4.33},{"type":"A","date":"2018-03-26T06:51:45.000Z","volume":2000,"label":" ","price":4.33},{"type":"A","date":"2018-03-26T06:52:45.000Z","volume":2000,"label":" ","price":4.33},{"type":"A","date":"2018-03-26T06:53:25.000Z","volume":2000,"label":" ","price":4.33},{"type":"A","date":"2018-03-26T06:53:38.000Z","volume":2000,"label":" ","price":4.33},{"type":"A","date":"2018-03-26T06:53:43.000Z","volume":2000,"label":" ","price":4.33},{"type":"U","date":"2018-03-26T06:53:55.000Z","volume":2000,"label":"X","price":4.325},{"type":"A","date":"2018-03-26T06:54:02.000Z","volume":2000,"label":" ","price":4.33},{"type":"A","date":"2018-03-26T06:54:05.000Z","volume":2000,"label":" ","price":4.33},{"type":"B","date":"2018-03-26T06:54:30.000Z","volume":2000,"label":" ","price":4.32},{"type":"A","date":"2018-03-26T06:54:45.000Z","volume":2000,"label":" ","price":4.33},{"type":"A","date":"2018-03-26T06:55:15.000Z","volume":26000,"label":" ","price":4.33},{"type":"A","date":"2018-03-26T06:55:25.000Z","volume":2000,"label":" ","price":4.33},{"type":"A","date":"2018-03-26T06:56:25.000Z","volume":2000,"label":" ","price":4.33},{"type":"A","date":"2018-03-26T06:57:05.000Z","volume":2000,"label":" ","price":4.33},{"type":"A","date":"2018-03-26T06:58:05.000Z","volume":2000,"label":" ","price":4.33},{"type":"A","date":"2018-03-26T06:58:32.000Z","volume":2000,"label":" ","price":4.33},{"type":"A","date":"2018-03-26T06:58:32.000Z","volume":2000,"label":" ","price":4.33},{"type":"A","date":"2018-03-26T06:59:05.000Z","volume":2000,"label":" ","price":4.33},{"type":"A","date":"2018-03-26T07:00:05.000Z","volume":2000,"label":" ","price":4.33},{"type":"A","date":"2018-03-26T07:01:05.000Z","volume":2000,"label":" ","price":4.33},{"type":"A","date":"2018-03-26T07:01:36.000Z","volume":26000,"label":" ","price":4.33},{"type":"A","date":"2018-03-26T07:01:45.000Z","volume":2000,"label":" ","price":4.33},{"type":"A","date":"2018-03-26T07:02:25.000Z","volume":2000,"label":" ","price":4.33},{"type":"A","date":"2018-03-26T07:03:25.000Z","volume":2000,"label":" ","price":4.33},{"type":"A","date":"2018-03-26T07:04:25.000Z","volume":2000,"label":" ","price":4.33},{"type":"A","date":"2018-03-26T07:04:32.000Z","volume":2000,"label":" ","price":4.33},{"type":"A","date":"2018-03-26T07:04:32.000Z","volume":2000,"label":" ","price":4.33},{"type":"A","date":"2018-03-26T07:05:25.000Z","volume":2000,"label":" ","price":4.33},{"type":"A","date":"2018-03-26T07:05:43.000Z","volume":2000,"label":" ","price":4.33},{"type":"A","date":"2018-03-26T07:05:55.000Z","volume":2000,"label":" ","price":4.33},{"type":"A","date":"2018-03-26T07:06:05.000Z","volume":2000,"label":"Y","price":4.33},{"type":"A","date":"2018-03-26T07:06:17.000Z","volume":26000,"label":" ","price":4.33},{"type":"A","date":"2018-03-26T07:06:45.000Z","volume":2000,"label":" ","price":4.33},{"type":"A","date":"2018-03-26T07:07:45.000Z","volume":2000,"label":" ","price":4.33},{"type":"A","date":"2018-03-26T07:08:25.000Z","volume":2000,"label":"Y","price":4.33},{"type":"A","date":"2018-03-26T07:09:02.000Z","volume":2000,"label":" ","price":4.33},{"type":"A","date":"2018-03-26T07:09:02.000Z","volume":2000,"label":" ","price":4.33},{"type":"A","date":"2018-03-26T07:09:05.000Z","volume":2000,"label":" ","price":4.33},{"type":"A","date":"2018-03-26T07:09:36.000Z","volume":2000,"label":" ","price":4.33},{"type":"A","date":"2018-03-26T07:10:05.000Z","volume":2000,"label":" ","price":4.33},{"type":"A","date":"2018-03-26T07:10:45.000Z","volume":2000,"label":" ","price":4.33},{"type":"A","date":"2018-03-26T07:11:02.000Z","volume":26000,"label":" ","price":4.33},{"type":"A","date":"2018-03-26T07:11:25.000Z","volume":2000,"label":" ","price":4.33},{"type":"A","date":"2018-03-26T07:12:25.000Z","volume":2000,"label":"Y","price":4.33},{"type":"A","date":"2018-03-26T07:13:17.000Z","volume":2000,"label":" ","price":4.33},{"type":"A","date":"2018-03-26T07:13:17.000Z","volume":2000,"label":" ","price":4.33},{"type":"A","date":"2018-03-26T07:13:22.000Z","volume":2000,"label":" ","price":4.33},{"type":"A","date":"2018-03-26T07:14:02.000Z","volume":2000,"label":" ","price":4.33},{"type":"A","date":"2018-03-26T07:14:14.000Z","volume":2000,"label":"Y","price":4.33},{"type":"A","date":"2018-03-26T07:14:42.000Z","volume":2000,"label":" ","price":4.33},{"type":"A","date":"2018-03-26T07:15:03.000Z","volume":2000,"label":" ","price":4.33},{"type":"A","date":"2018-03-26T07:15:22.000Z","volume":2000,"label":" ","price":4.33},{"type":"A","date":"2018-03-26T07:15:38.000Z","volume":26000,"label":" ","price":4.33},{"type":"A","date":"2018-03-26T07:16:44.000Z","volume":44000,"label":" ","price":4.33},{"type":"B","date":"2018-03-26T07:16:46.000Z","volume":2000,"label":"Y","price":4.32},{"type":"A","date":"2018-03-26T07:18:02.000Z","volume":4000,"label":"Y","price":4.33},{"type":"A","date":"2018-03-26T07:19:18.000Z","volume":26000,"label":" ","price":4.33},{"type":"A","date":"2018-03-26T07:19:47.000Z","volume":4000,"label":" ","price":4.33},{"type":"A","date":"2018-03-26T07:20:02.000Z","volume":4000,"label":" ","price":4.33},{"type":"A","date":"2018-03-26T07:21:22.000Z","volume":4000,"label":" ","price":4.33},{"type":"A","date":"2018-03-26T07:22:14.000Z","volume":2000,"label":" ","price":4.33},{"type":"A","date":"2018-03-26T07:22:39.000Z","volume":24000,"label":" ","price":4.33},{"type":"A","date":"2018-03-26T07:22:42.000Z","volume":4000,"label":" ","price":4.33},{"type":"A","date":"2018-03-26T07:23:28.000Z","volume":2000,"label":" ","price":4.33},{"type":"A","date":"2018-03-26T07:23:42.000Z","volume":4000,"label":" ","price":4.33},{"type":"A","date":"2018-03-26T07:24:02.000Z","volume":2000,"label":" ","price":4.33},{"type":"A","date":"2018-03-26T07:24:02.000Z","volume":2000,"label":" ","price":4.33},{"type":"A","date":"2018-03-26T07:24:09.000Z","volume":2000,"label":" ","price":4.33},{"type":"A","date":"2018-03-26T07:25:02.000Z","volume":4000,"label":" ","price":4.33},{"type":"A","date":"2018-03-26T07:26:02.000Z","volume":4000,"label":" ","price":4.33},{"type":"A","date":"2018-03-26T07:26:02.000Z","volume":24000,"label":" ","price":4.33},{"type":"A","date":"2018-03-26T07:26:42.000Z","volume":4000,"label":" ","price":4.33},{"type":"A","date":"2018-03-26T07:28:02.000Z","volume":2000,"label":"Y","price":4.33},{"type":"A","date":"2018-03-26T07:28:02.000Z","volume":2000,"label":" ","price":4.33},{"type":"A","date":"2018-03-26T07:28:19.000Z","volume":6000,"label":" ","price":4.33},{"type":"A","date":"2018-03-26T07:28:57.000Z","volume":2000,"label":"Y","price":4.33},{"type":"A","date":"2018-03-26T07:28:57.000Z","volume":2000,"label":" ","price":4.33},{"type":"A","date":"2018-03-26T07:29:40.000Z","volume":26000,"label":" ","price":4.33},{"type":"A","date":"2018-03-26T07:29:42.000Z","volume":4000,"label":" ","price":4.33},{"type":"A","date":"2018-03-26T07:29:42.000Z","volume":2000,"label":" ","price":4.33},{"type":"A","date":"2018-03-26T07:30:14.000Z","volume":2000,"label":" ","price":4.33},{"type":"A","date":"2018-03-26T07:30:22.000Z","volume":2000,"label":" ","price":4.33},{"type":"A","date":"2018-03-26T07:30:23.000Z","volume":78000,"label":" ","price":4.33},{"type":"A","date":"2018-03-26T07:30:42.000Z","volume":4000,"label":" ","price":4.33},{"type":"A","date":"2018-03-26T07:31:02.000Z","volume":4000,"label":" ","price":4.33},{"type":"A","date":"2018-03-26T07:31:02.000Z","volume":2000,"label":" ","price":4.33},{"type":"A","date":"2018-03-26T07:31:42.000Z","volume":4000,"label":" ","price":4.33},{"type":"A","date":"2018-03-26T07:32:57.000Z","volume":2000,"label":"Y","price":4.33},{"type":"A","date":"2018-03-26T07:33:02.000Z","volume":2000,"label":" ","price":4.33},{"type":"A","date":"2018-03-26T07:33:02.000Z","volume":4000,"label":"Y","price":4.33},{"type":"A","date":"2018-03-26T07:33:04.000Z","volume":2000,"label":" ","price":4.33},{"type":"A","date":"2018-03-26T07:33:41.000Z","volume":24000,"label":" ","price":4.33},{"type":"A","date":"2018-03-26T07:33:42.000Z","volume":4000,"label":" ","price":4.33},{"type":"A","date":"2018-03-26T07:34:42.000Z","volume":4000,"label":" ","price":4.33},{"type":"A","date":"2018-03-26T07:35:33.000Z","volume":10000,"label":" ","price":4.33},{"type":"A","date":"2018-03-26T07:36:02.000Z","volume":4000,"label":" ","price":4.33},{"type":"A","date":"2018-03-26T07:36:02.000Z","volume":2000,"label":" ","price":4.33},{"type":"A","date":"2018-03-26T07:36:02.000Z","volume":2000,"label":" ","price":4.33},{"type":"A","date":"2018-03-26T07:36:02.000Z","volume":2000,"label":" ","price":4.33},{"type":"A","date":"2018-03-26T07:36:04.000Z","volume":2000,"label":" ","price":4.33},{"type":"A","date":"2018-03-26T07:36:21.000Z","volume":18000,"label":" ","price":4.33},{"type":"A","date":"2018-03-26T07:36:42.000Z","volume":2000,"label":"Y","price":4.33},{"type":"A","date":"2018-03-26T07:36:42.000Z","volume":2000,"label":" ","price":4.33},{"type":"A","date":"2018-03-26T07:36:45.000Z","volume":2000,"label":" ","price":4.33},{"type":"A","date":"2018-03-26T07:38:02.000Z","volume":4000,"label":" ","price":4.33},{"type":"A","date":"2018-03-26T07:38:28.000Z","volume":14000,"label":" ","price":4.33},{"type":"A","date":"2018-03-26T07:38:42.000Z","volume":2000,"label":" ","price":4.33},{"type":"A","date":"2018-03-26T07:38:55.000Z","volume":2000,"label":" ","price":4.33},{"type":"A","date":"2018-03-26T07:39:02.000Z","volume":2000,"label":" ","price":4.33},{"type":"A","date":"2018-03-26T07:39:42.000Z","volume":2000,"label":" ","price":4.33},{"type":"A","date":"2018-03-26T07:39:45.000Z","volume":2000,"label":" ","price":4.33},{"type":"A","date":"2018-03-26T07:40:02.000Z","volume":2000,"label":" ","price":4.33},{"type":"A","date":"2018-03-26T07:40:02.000Z","volume":2000,"label":" ","price":4.33},{"type":"A","date":"2018-03-26T07:40:17.000Z","volume":12000,"label":" ","price":4.33},{"type":"A","date":"2018-03-26T07:40:22.000Z","volume":2000,"label":" ","price":4.33},{"type":"A","date":"2018-03-26T07:40:37.000Z","volume":20000,"label":" ","price":4.33},{"type":"A","date":"2018-03-26T07:40:42.000Z","volume":2000,"label":" ","price":4.33},{"type":"A","date":"2018-03-26T07:41:02.000Z","volume":2000,"label":" ","price":4.33},{"type":"A","date":"2018-03-26T07:41:39.000Z","volume":10000,"label":" ","price":4.33},{"type":"A","date":"2018-03-26T07:41:42.000Z","volume":2000,"label":"Y","price":4.33},{"type":"A","date":"2018-03-26T07:42:22.000Z","volume":2000,"label":"Y","price":4.33},{"type":"A","date":"2018-03-26T07:42:42.000Z","volume":10000,"label":" ","price":4.33},{"type":"A","date":"2018-03-26T07:43:04.000Z","volume":2000,"label":" ","price":4.33},{"type":"A","date":"2018-03-26T07:43:22.000Z","volume":2000,"label":" ","price":4.33},{"type":"A","date":"2018-03-26T07:43:38.000Z","volume":2000,"label":" ","price":4.33},{"type":"A","date":"2018-03-26T07:43:47.000Z","volume":4000,"label":" ","price":4.33},{"type":"A","date":"2018-03-26T07:43:53.000Z","volume":58000,"label":" ","price":4.33},{"type":"A","date":"2018-03-26T07:44:02.000Z","volume":4000,"label":" ","price":4.33},{"type":"A","date":"2018-03-26T07:44:03.000Z","volume":10000,"label":" ","price":4.33},{"type":"A","date":"2018-03-26T07:44:22.000Z","volume":2000,"label":" ","price":4.33},{"type":"A","date":"2018-03-26T07:44:42.000Z","volume":2000,"label":" ","price":4.33},{"type":"A","date":"2018-03-26T07:45:19.000Z","volume":10000,"label":" ","price":4.33},{"type":"A","date":"2018-03-26T07:45:22.000Z","volume":2000,"label":" ","price":4.33},{"type":"A","date":"2018-03-26T07:45:42.000Z","volume":2000,"label":" ","price":4.33},{"type":"A","date":"2018-03-26T07:46:02.000Z","volume":2000,"label":" ","price":4.33},{"type":"A","date":"2018-03-26T07:46:02.000Z","volume":10000,"label":" ","price":4.33},{"type":"A","date":"2018-03-26T07:46:15.000Z","volume":4000,"label":"Y","price":4.33},{"type":"A","date":"2018-03-26T07:46:15.000Z","volume":6000,"label":" ","price":4.33},{"type":"U","date":"2018-03-26T07:46:20.000Z","volume":2000,"label":"X","price":4.33},{"type":"A","date":"2018-03-26T07:46:22.000Z","volume":2000,"label":" ","price":4.33},{"type":"A","date":"2018-03-26T07:46:26.000Z","volume":2000,"label":" ","price":4.33},{"type":"A","date":"2018-03-26T07:46:42.000Z","volume":2000,"label":"Y","price":4.33},{"type":"A","date":"2018-03-26T07:46:43.000Z","volume":10000,"label":" ","price":4.33},{"type":"A","date":"2018-03-26T07:47:02.000Z","volume":2000,"label":" ","price":4.33},{"type":"A","date":"2018-03-26T07:47:02.000Z","volume":2000,"label":" ","price":4.33},{"type":"A","date":"2018-03-26T07:47:02.000Z","volume":2000,"label":" ","price":4.33},{"type":"A","date":"2018-03-26T07:47:22.000Z","volume":2000,"label":" ","price":4.33},{"type":"A","date":"2018-03-26T07:47:42.000Z","volume":10000,"label":" ","price":4.33},{"type":"A","date":"2018-03-26T07:48:02.000Z","volume":2000,"label":" ","price":4.33},{"type":"A","date":"2018-03-26T07:48:14.000Z","volume":10000,"label":" ","price":4.33},{"type":"A","date":"2018-03-26T07:48:19.000Z","volume":2000,"label":" ","price":4.33},{"type":"A","date":"2018-03-26T07:48:22.000Z","volume":2000,"label":" ","price":4.33},{"type":"A","date":"2018-03-26T07:48:25.000Z","volume":10000,"label":" ","price":4.33},{"type":"A","date":"2018-03-26T07:48:42.000Z","volume":2000,"label":" ","price":4.33},{"type":"A","date":"2018-03-26T07:49:00.000Z","volume":10000,"label":" ","price":4.33},{"type":"A","date":"2018-03-26T07:49:02.000Z","volume":2000,"label":" ","price":4.33},{"type":"A","date":"2018-03-26T07:49:04.000Z","volume":2000,"label":" ","price":4.33},{"type":"A","date":"2018-03-26T07:49:22.000Z","volume":2000,"label":" ","price":4.33},{"type":"A","date":"2018-03-26T07:49:42.000Z","volume":2000,"label":" ","price":4.33},{"type":"A","date":"2018-03-26T07:49:42.000Z","volume":10000,"label":" ","price":4.33},{"type":"A","date":"2018-03-26T07:49:49.000Z","volume":4000,"label":" ","price":4.33},{"type":"A","date":"2018-03-26T07:49:52.000Z","volume":2000,"label":" ","price":4.33},{"type":"A","date":"2018-03-26T07:50:02.000Z","volume":2000,"label":" ","price":4.33},{"type":"A","date":"2018-03-26T07:50:17.000Z","volume":2000,"label":" ","price":4.33},{"type":"A","date":"2018-03-26T07:50:17.000Z","volume":2000,"label":" ","price":4.33},{"type":"A","date":"2018-03-26T07:50:17.000Z","volume":10000,"label":" ","price":4.33},{"type":"A","date":"2018-03-26T07:50:22.000Z","volume":2000,"label":" ","price":4.33},{"type":"B","date":"2018-03-26T07:50:53.000Z","volume":20000,"label":" ","price":4.32},{"type":"A","date":"2018-03-26T07:50:55.000Z","volume":10000,"label":" ","price":4.33},{"type":"A","date":"2018-03-26T07:51:22.000Z","volume":2000,"label":" ","price":4.33},{"type":"A","date":"2018-03-26T07:51:36.000Z","volume":6000,"label":" ","price":4.33},{"type":"A","date":"2018-03-26T07:51:36.000Z","volume":4000,"label":"Y","price":4.33},{"type":"A","date":"2018-03-26T07:51:36.000Z","volume":34000,"label":" ","price":4.33},{"type":"A","date":"2018-03-26T07:51:36.000Z","volume":10000,"label":" ","price":4.33},{"type":"A","date":"2018-03-26T07:51:42.000Z","volume":6000,"label":" ","price":4.33},{"type":"A","date":"2018-03-26T07:52:02.000Z","volume":2000,"label":" ","price":4.33},{"type":"A","date":"2018-03-26T07:52:17.000Z","volume":4000,"label":" ","price":4.33},{"type":"A","date":"2018-03-26T07:52:19.000Z","volume":2000,"label":" ","price":4.33},{"type":"A","date":"2018-03-26T07:52:20.000Z","volume":10000,"label":" ","price":4.33},{"type":"A","date":"2018-03-26T07:52:22.000Z","volume":2000,"label":" ","price":4.33},{"type":"A","date":"2018-03-26T07:52:42.000Z","volume":2000,"label":" ","price":4.33},{"type":"A","date":"2018-03-26T07:52:52.000Z","volume":2000,"label":" ","price":4.33},{"type":"A","date":"2018-03-26T07:53:02.000Z","volume":10000,"label":" ","price":4.33},{"type":"A","date":"2018-03-26T07:53:02.000Z","volume":2000,"label":" ","price":4.33},{"type":"A","date":"2018-03-26T07:53:19.000Z","volume":4000,"label":" ","price":4.33},{"type":"A","date":"2018-03-26T07:53:22.000Z","volume":2000,"label":" ","price":4.33},{"type":"A","date":"2018-03-26T07:53:42.000Z","volume":2000,"label":" ","price":4.33},{"type":"A","date":"2018-03-26T07:53:42.000Z","volume":96000,"label":" ","price":4.33},{"type":"A","date":"2018-03-26T07:53:42.000Z","volume":10000,"label":" ","price":4.33},{"type":"A","date":"2018-03-26T07:53:52.000Z","volume":2000,"label":"Y","price":4.33},{"type":"A","date":"2018-03-26T07:54:02.000Z","volume":4000,"label":" ","price":4.33},{"type":"A","date":"2018-03-26T07:54:02.000Z","volume":2000,"label":" ","price":4.33},{"type":"A","date":"2018-03-26T07:54:02.000Z","volume":2000,"label":" ","price":4.33},{"type":"A","date":"2018-03-26T07:54:22.000Z","volume":2000,"label":" ","price":4.33},{"type":"A","date":"2018-03-26T07:54:42.000Z","volume":2000,"label":" ","price":4.33},{"type":"A","date":"2018-03-26T07:54:42.000Z","volume":10000,"label":" ","price":4.33},{"type":"A","date":"2018-03-26T07:54:52.000Z","volume":2000,"label":"Y","price":4.33},{"type":"A","date":"2018-03-26T07:55:02.000Z","volume":2000,"label":" ","price":4.33},{"type":"A","date":"2018-03-26T07:55:11.000Z","volume":2000,"label":" ","price":4.33},{"type":"A","date":"2018-03-26T07:55:11.000Z","volume":10000,"label":" ","price":4.33},{"type":"A","date":"2018-03-26T07:55:19.000Z","volume":4000,"label":"Y","price":4.33},{"type":"A","date":"2018-03-26T07:55:22.000Z","volume":4000,"label":" ","price":4.33},{"type":"A","date":"2018-03-26T07:55:32.000Z","volume":2000,"label":" ","price":4.33},{"type":"A","date":"2018-03-26T07:55:32.000Z","volume":2000,"label":" ","price":4.33},{"type":"A","date":"2018-03-26T07:55:42.000Z","volume":2000,"label":" ","price":4.33},{"type":"A","date":"2018-03-26T07:55:52.000Z","volume":2000,"label":"Y","price":4.33},{"type":"A","date":"2018-03-26T07:55:52.000Z","volume":10000,"label":" ","price":4.33},{"type":"A","date":"2018-03-26T07:56:02.000Z","volume":4000,"label":" ","price":4.33},{"type":"A","date":"2018-03-26T07:56:22.000Z","volume":2000,"label":"Y","price":4.33},{"type":"A","date":"2018-03-26T07:56:22.000Z","volume":4000,"label":" ","price":4.33},{"type":"A","date":"2018-03-26T07:56:42.000Z","volume":4000,"label":" ","price":4.33},{"type":"A","date":"2018-03-26T07:56:42.000Z","volume":10000,"label":" ","price":4.33},{"type":"A","date":"2018-03-26T07:56:47.000Z","volume":2000,"label":" ","price":4.33},{"type":"B","date":"2018-03-26T07:56:47.000Z","volume":2000,"label":" ","price":4.32},{"type":"A","date":"2018-03-26T07:56:50.000Z","volume":2000,"label":"Y","price":4.33},{"type":"A","date":"2018-03-26T07:56:52.000Z","volume":2000,"label":"Y","price":4.33},{"type":"A","date":"2018-03-26T07:57:02.000Z","volume":2000,"label":" ","price":4.33},{"type":"A","date":"2018-03-26T07:57:04.000Z","volume":2000,"label":" ","price":4.33},{"type":"A","date":"2018-03-26T07:57:17.000Z","volume":2000,"label":" ","price":4.33},{"type":"A","date":"2018-03-26T07:57:17.000Z","volume":10000,"label":" ","price":4.33},{"type":"A","date":"2018-03-26T07:57:22.000Z","volume":2000,"label":" ","price":4.33},{"type":"A","date":"2018-03-26T07:57:22.000Z","volume":4000,"label":" ","price":4.33},{"type":"A","date":"2018-03-26T07:57:42.000Z","volume":4000,"label":" ","price":4.33},{"type":"A","date":"2018-03-26T07:57:45.000Z","volume":2000,"label":" ","price":4.33},{"type":"A","date":"2018-03-26T07:57:47.000Z","volume":2000,"label":" ","price":4.33},{"type":"A","date":"2018-03-26T07:57:50.000Z","volume":2000,"label":" ","price":4.33},{"type":"A","date":"2018-03-26T07:57:56.000Z","volume":10000,"label":" ","price":4.33},{"type":"A","date":"2018-03-26T07:58:02.000Z","volume":4000,"label":" ","price":4.33},{"type":"A","date":"2018-03-26T07:58:11.000Z","volume":2000,"label":" ","price":4.33},{"type":"A","date":"2018-03-26T07:58:17.000Z","volume":2000,"label":" ","price":4.33},{"type":"A","date":"2018-03-26T07:58:20.000Z","volume":2000,"label":" ","price":4.33},{"type":"A","date":"2018-03-26T07:58:23.000Z","volume":2000,"label":" ","price":4.33},{"type":"A","date":"2018-03-26T07:58:32.000Z","volume":2000,"label":" ","price":4.33},{"type":"A","date":"2018-03-26T07:58:32.000Z","volume":2000,"label":" ","price":4.33},{"type":"A","date":"2018-03-26T07:58:39.000Z","volume":10000,"label":" ","price":4.33},{"type":"A","date":"2018-03-26T07:58:44.000Z","volume":2000,"label":" ","price":4.33},{"type":"B","date":"2018-03-26T07:58:52.000Z","volume":2000,"label":" ","price":4.32},{"type":"A","date":"2018-03-26T07:58:55.000Z","volume":2000,"label":" ","price":4.33},{"type":"A","date":"2018-03-26T07:58:59.000Z","volume":2000,"label":" ","price":4.33},{"type":"A","date":"2018-03-26T07:59:03.000Z","volume":2000,"label":" ","price":4.33},{"type":"A","date":"2018-03-26T07:59:03.000Z","volume":6000,"label":" ","price":4.33},{"type":"A","date":"2018-03-26T07:59:03.000Z","volume":14000,"label":" ","price":4.33},{"type":"A","date":"2018-03-26T07:59:04.000Z","volume":2000,"label":" ","price":4.33},{"type":"A","date":"2018-03-26T07:59:05.000Z","volume":2000,"label":" ","price":4.33},{"type":"A","date":"2018-03-26T07:59:05.000Z","volume":2000,"label":" ","price":4.33},{"type":"A","date":"2018-03-26T07:59:05.000Z","volume":2000,"label":" ","price":4.33},{"type":"A","date":"2018-03-26T07:59:06.000Z","volume":2000,"label":" ","price":4.33},{"type":"A","date":"2018-03-26T07:59:15.000Z","volume":2000,"label":" ","price":4.33},{"type":"A","date":"2018-03-26T07:59:20.000Z","volume":2000,"label":" ","price":4.33},{"type":"A","date":"2018-03-26T07:59:20.000Z","volume":10000,"label":" ","price":4.33},{"type":"A","date":"2018-03-26T07:59:24.000Z","volume":2000,"label":" ","price":4.33},{"type":"A","date":"2018-03-26T07:59:26.000Z","volume":2000,"label":" ","price":4.33},{"type":"A","date":"2018-03-26T07:59:26.000Z","volume":2000,"label":"Y","price":4.33},{"type":"A","date":"2018-03-26T07:59:26.000Z","volume":2000,"label":" ","price":4.33},{"type":"A","date":"2018-03-26T07:59:30.000Z","volume":2000,"label":"Y","price":4.33},{"type":"A","date":"2018-03-26T07:59:50.000Z","volume":2000,"label":" ","price":4.33},{"type":"A","date":"2018-03-26T07:59:55.000Z","volume":2000,"label":"Y","price":4.33},{"type":"U","date":"2018-03-26T08:08:01.000Z","volume":1120000,"label":"U","price":4.33}]