[{"type":"U","date":"2018-03-22T01:00:05.000Z","volume":1263000,"label":"P","price":6.356},{"type":"U","date":"2018-03-22T01:00:05.000Z","volume":317000,"label":"P","price":6.357},{"type":"U","date":"2018-03-22T01:02:07.000Z","volume":624000,"label":"P","price":6.358},{"type":"U","date":"2018-03-22T01:02:08.000Z","volume":416000,"label":"P","price":6.357},{"type":"U","date":"2018-03-22T01:20:00.000Z","volume":297000,"label":"U","price":6.49},{"type":"B","date":"2018-03-22T01:30:00.000Z","volume":2000,"label":" ","price":6.43},{"type":"A","date":"2018-03-22T01:30:00.000Z","volume":1000,"label":" ","price":6.49},{"type":"A","date":"2018-03-22T01:30:02.000Z","volume":4000,"label":" ","price":6.49},{"type":"U","date":"2018-03-22T01:30:04.000Z","volume":17000,"label":" ","price":6.46},{"type":"U","date":"2018-03-22T01:30:04.000Z","volume":41000,"label":" ","price":6.46},{"type":"U","date":"2018-03-22T01:30:04.000Z","volume":2000,"label":" ","price":6.46},{"type":"A","date":"2018-03-22T01:30:04.000Z","volume":4000,"label":" ","price":6.49},{"type":"U","date":"2018-03-22T01:30:04.000Z","volume":3000,"label":" ","price":6.46},{"type":"A","date":"2018-03-22T01:30:05.000Z","volume":3000,"label":" ","price":6.49},{"type":"A","date":"2018-03-22T01:30:07.000Z","volume":1000,"label":" ","price":6.49},{"type":"B","date":"2018-03-22T01:30:09.000Z","volume":1000,"label":" ","price":6.48},{"type":"A","date":"2018-03-22T01:30:09.000Z","volume":19000,"label":" ","price":6.49},{"type":"A","date":"2018-03-22T01:30:09.000Z","volume":1000,"label":" ","price":6.49},{"type":"A","date":"2018-03-22T01:30:10.000Z","volume":4000,"label":" ","price":6.49},{"type":"A","date":"2018-03-22T01:30:10.000Z","volume":44000,"label":" ","price":6.49},{"type":"A","date":"2018-03-22T01:30:10.000Z","volume":7000,"label":" ","price":6.5},{"type":"A","date":"2018-03-22T01:30:10.000Z","volume":30000,"label":" ","price":6.49},{"type":"A","date":"2018-03-22T01:30:10.000Z","volume":3000,"label":" ","price":6.5},{"type":"B","date":"2018-03-22T01:30:10.000Z","volume":10000,"label":" ","price":6.48},{"type":"U","date":"2018-03-22T01:30:10.000Z","volume":1000,"label":" ","price":6.49},{"type":"A","date":"2018-03-22T01:30:10.000Z","volume":1000,"label":" ","price":6.5},{"type":"U","date":"2018-03-22T01:30:11.000Z","volume":3000,"label":" ","price":6.49},{"type":"B","date":"2018-03-22T01:30:11.000Z","volume":10000,"label":" ","price":6.48},{"type":"A","date":"2018-03-22T01:30:11.000Z","volume":10000,"label":" ","price":6.5},{"type":"A","date":"2018-03-22T01:30:11.000Z","volume":10000,"label":" ","price":6.51},{"type":"A","date":"2018-03-22T01:30:11.000Z","volume":5000,"label":" ","price":6.51},{"type":"A","date":"2018-03-22T01:30:12.000Z","volume":7000,"label":"Y","price":6.52},{"type":"B","date":"2018-03-22T01:30:12.000Z","volume":4000,"label":" ","price":6.51},{"type":"B","date":"2018-03-22T01:30:13.000Z","volume":3000,"label":" ","price":6.51},{"type":"A","date":"2018-03-22T01:30:15.000Z","volume":1000,"label":" ","price":6.52},{"type":"A","date":"2018-03-22T01:30:15.000Z","volume":7000,"label":" ","price":6.52},{"type":"B","date":"2018-03-22T01:30:15.000Z","volume":5000,"label":" ","price":6.51},{"type":"A","date":"2018-03-22T01:30:17.000Z","volume":2000,"label":" ","price":6.52},{"type":"A","date":"2018-03-22T01:30:17.000Z","volume":6000,"label":" ","price":6.52},{"type":"A","date":"2018-03-22T01:30:17.000Z","volume":5000,"label":" ","price":6.53},{"type":"A","date":"2018-03-22T01:30:17.000Z","volume":12000,"label":" ","price":6.53},{"type":"A","date":"2018-03-22T01:30:18.000Z","volume":1000,"label":" ","price":6.54},{"type":"B","date":"2018-03-22T01:30:18.000Z","volume":20000,"label":" ","price":6.52},{"type":"B","date":"2018-03-22T01:30:20.000Z","volume":7000,"label":" ","price":6.52},{"type":"B","date":"2018-03-22T01:30:20.000Z","volume":3000,"label":" ","price":6.51},{"type":"B","date":"2018-03-22T01:30:20.000Z","volume":10000,"label":" ","price":6.51},{"type":"B","date":"2018-03-22T01:30:23.000Z","volume":1000,"label":" ","price":6.52},{"type":"B","date":"2018-03-22T01:30:26.000Z","volume":15000,"label":" ","price":6.52},{"type":"B","date":"2018-03-22T01:30:26.000Z","volume":3000,"label":" ","price":6.51},{"type":"B","date":"2018-03-22T01:30:26.000Z","volume":14000,"label":" ","price":6.5},{"type":"B","date":"2018-03-22T01:30:26.000Z","volume":12000,"label":" ","price":6.49},{"type":"B","date":"2018-03-22T01:30:26.000Z","volume":6000,"label":" ","price":6.49},{"type":"B","date":"2018-03-22T01:30:26.000Z","volume":3000,"label":" ","price":6.52},{"type":"U","date":"2018-03-22T01:30:26.000Z","volume":4000,"label":" ","price":6.53},{"type":"A","date":"2018-03-22T01:30:26.000Z","volume":1000,"label":" ","price":6.54},{"type":"B","date":"2018-03-22T01:30:31.000Z","volume":14000,"label":" ","price":6.5},{"type":"B","date":"2018-03-22T01:30:31.000Z","volume":11000,"label":" ","price":6.49},{"type":"A","date":"2018-03-22T01:30:36.000Z","volume":1000,"label":" ","price":6.54},{"type":"B","date":"2018-03-22T01:30:37.000Z","volume":5000,"label":" ","price":6.52},{"type":"B","date":"2018-03-22T01:30:37.000Z","volume":10000,"label":" ","price":6.51},{"type":"A","date":"2018-03-22T01:30:42.000Z","volume":5000,"label":" ","price":6.54},{"type":"A","date":"2018-03-22T01:30:43.000Z","volume":2000,"label":" ","price":6.54},{"type":"A","date":"2018-03-22T01:30:52.000Z","volume":1000,"label":"Y","price":6.54},{"type":"A","date":"2018-03-22T01:30:52.000Z","volume":13000,"label":" ","price":6.54},{"type":"B","date":"2018-03-22T01:30:54.000Z","volume":1000,"label":" ","price":6.53},{"type":"A","date":"2018-03-22T01:30:55.000Z","volume":2000,"label":" ","price":6.54},{"type":"A","date":"2018-03-22T01:30:55.000Z","volume":1000,"label":" ","price":6.54},{"type":"B","date":"2018-03-22T01:31:05.000Z","volume":69000,"label":" ","price":6.53},{"type":"B","date":"2018-03-22T01:31:05.000Z","volume":2000,"label":" ","price":6.52},{"type":"B","date":"2018-03-22T01:31:05.000Z","volume":10000,"label":" ","price":6.52},{"type":"B","date":"2018-03-22T01:31:05.000Z","volume":3000,"label":" ","price":6.53},{"type":"A","date":"2018-03-22T01:31:11.000Z","volume":17000,"label":" ","price":6.53},{"type":"A","date":"2018-03-22T01:31:11.000Z","volume":3000,"label":" ","price":6.53},{"type":"B","date":"2018-03-22T01:31:11.000Z","volume":11000,"label":" ","price":6.52},{"type":"B","date":"2018-03-22T01:31:11.000Z","volume":21000,"label":" ","price":6.51},{"type":"U","date":"2018-03-22T01:31:13.000Z","volume":8000,"label":" ","price":6.51},{"type":"U","date":"2018-03-22T01:31:13.000Z","volume":4000,"label":" ","price":6.51},{"type":"B","date":"2018-03-22T01:31:16.000Z","volume":21000,"label":" ","price":6.5},{"type":"B","date":"2018-03-22T01:31:16.000Z","volume":9000,"label":" ","price":6.49},{"type":"B","date":"2018-03-22T01:31:16.000Z","volume":20000,"label":" ","price":6.49},{"type":"B","date":"2018-03-22T01:31:16.000Z","volume":1000,"label":" ","price":6.5},{"type":"B","date":"2018-03-22T01:31:16.000Z","volume":5000,"label":" ","price":6.5},{"type":"B","date":"2018-03-22T01:31:16.000Z","volume":5000,"label":" ","price":6.49},{"type":"A","date":"2018-03-22T01:31:17.000Z","volume":5000,"label":" ","price":6.51},{"type":"U","date":"2018-03-22T01:31:19.000Z","volume":3000,"label":" ","price":6.51},{"type":"A","date":"2018-03-22T01:31:22.000Z","volume":1000,"label":"Y","price":6.52},{"type":"A","date":"2018-03-22T01:31:22.000Z","volume":8000,"label":" ","price":6.52},{"type":"B","date":"2018-03-22T01:31:37.000Z","volume":11000,"label":" ","price":6.51},{"type":"B","date":"2018-03-22T01:31:37.000Z","volume":39000,"label":" ","price":6.5},{"type":"B","date":"2018-03-22T01:31:37.000Z","volume":1000,"label":" ","price":6.51},{"type":"B","date":"2018-03-22T01:31:37.000Z","volume":3000,"label":" ","price":6.51},{"type":"B","date":"2018-03-22T01:31:37.000Z","volume":2000,"label":"Y","price":6.51},{"type":"B","date":"2018-03-22T01:31:37.000Z","volume":1000,"label":" ","price":6.51},{"type":"A","date":"2018-03-22T01:31:37.000Z","volume":1000,"label":" ","price":6.52},{"type":"B","date":"2018-03-22T01:31:37.000Z","volume":5000,"label":" ","price":6.51},{"type":"A","date":"2018-03-22T01:31:51.000Z","volume":10000,"label":" ","price":6.52},{"type":"B","date":"2018-03-22T01:31:54.000Z","volume":10000,"label":" ","price":6.52},{"type":"B","date":"2018-03-22T01:31:57.000Z","volume":3000,"label":" ","price":6.52},{"type":"A","date":"2018-03-22T01:31:59.000Z","volume":6000,"label":" ","price":6.53},{"type":"B","date":"2018-03-22T01:32:11.000Z","volume":3000,"label":" ","price":6.52},{"type":"B","date":"2018-03-22T01:32:21.000Z","volume":28000,"label":" ","price":6.52},{"type":"U","date":"2018-03-22T01:32:21.000Z","volume":6000,"label":" ","price":6.52},{"type":"B","date":"2018-03-22T01:32:26.000Z","volume":5000,"label":" ","price":6.52},{"type":"A","date":"2018-03-22T01:32:29.000Z","volume":9000,"label":" ","price":6.52},{"type":"A","date":"2018-03-22T01:32:30.000Z","volume":3000,"label":" ","price":6.52},{"type":"A","date":"2018-03-22T01:32:39.000Z","volume":2000,"label":" ","price":6.52},{"type":"A","date":"2018-03-22T01:32:44.000Z","volume":9000,"label":" ","price":6.52},{"type":"A","date":"2018-03-22T01:32:44.000Z","volume":6000,"label":" ","price":6.52},{"type":"A","date":"2018-03-22T01:32:44.000Z","volume":1000,"label":" ","price":6.52},{"type":"A","date":"2018-03-22T01:32:57.000Z","volume":10000,"label":" ","price":6.53},{"type":"A","date":"2018-03-22T01:33:00.000Z","volume":1000,"label":"Y","price":6.53},{"type":"A","date":"2018-03-22T01:33:00.000Z","volume":7000,"label":" ","price":6.53},{"type":"B","date":"2018-03-22T01:33:20.000Z","volume":7000,"label":" ","price":6.52},{"type":"B","date":"2018-03-22T01:33:35.000Z","volume":5000,"label":" ","price":6.52},{"type":"B","date":"2018-03-22T01:33:42.000Z","volume":50000,"label":" ","price":6.52},{"type":"A","date":"2018-03-22T01:33:42.000Z","volume":4000,"label":" ","price":6.53},{"type":"B","date":"2018-03-22T01:33:42.000Z","volume":20000,"label":" ","price":6.52},{"type":"A","date":"2018-03-22T01:33:43.000Z","volume":2000,"label":"Y","price":6.53},{"type":"A","date":"2018-03-22T01:33:43.000Z","volume":1000,"label":" ","price":6.53},{"type":"B","date":"2018-03-22T01:33:46.000Z","volume":7000,"label":" ","price":6.52},{"type":"B","date":"2018-03-22T01:33:46.000Z","volume":10000,"label":" ","price":6.52},{"type":"B","date":"2018-03-22T01:34:08.000Z","volume":50000,"label":" ","price":6.52},{"type":"B","date":"2018-03-22T01:34:25.000Z","volume":20000,"label":" ","price":6.52},{"type":"B","date":"2018-03-22T01:34:25.000Z","volume":8000,"label":" ","price":6.52},{"type":"B","date":"2018-03-22T01:34:31.000Z","volume":2000,"label":" ","price":6.52},{"type":"U","date":"2018-03-22T01:34:37.000Z","volume":7000,"label":" ","price":6.52},{"type":"B","date":"2018-03-22T01:34:42.000Z","volume":5000,"label":" ","price":6.52},{"type":"A","date":"2018-03-22T01:34:42.000Z","volume":3000,"label":" ","price":6.52},{"type":"A","date":"2018-03-22T01:34:43.000Z","volume":1000,"label":" ","price":6.52},{"type":"B","date":"2018-03-22T01:35:04.000Z","volume":15000,"label":" ","price":6.52},{"type":"B","date":"2018-03-22T01:35:05.000Z","volume":1000,"label":" ","price":6.52},{"type":"B","date":"2018-03-22T01:35:22.000Z","volume":6000,"label":" ","price":6.52},{"type":"B","date":"2018-03-22T01:35:27.000Z","volume":14000,"label":" ","price":6.52},{"type":"A","date":"2018-03-22T01:35:33.000Z","volume":6000,"label":" ","price":6.52},{"type":"B","date":"2018-03-22T01:35:49.000Z","volume":10000,"label":" ","price":6.51},{"type":"B","date":"2018-03-22T01:35:55.000Z","volume":34000,"label":" ","price":6.51},{"type":"B","date":"2018-03-22T01:35:55.000Z","volume":17000,"label":" ","price":6.5},{"type":"B","date":"2018-03-22T01:35:57.000Z","volume":8000,"label":" ","price":6.48},{"type":"A","date":"2018-03-22T01:36:06.000Z","volume":4000,"label":" ","price":6.49},{"type":"A","date":"2018-03-22T01:36:12.000Z","volume":6000,"label":" ","price":6.49},{"type":"B","date":"2018-03-22T01:36:17.000Z","volume":2000,"label":" ","price":6.48},{"type":"A","date":"2018-03-22T01:36:19.000Z","volume":14000,"label":" ","price":6.49},{"type":"B","date":"2018-03-22T01:36:22.000Z","volume":10000,"label":" ","price":6.49},{"type":"B","date":"2018-03-22T01:36:24.000Z","volume":4000,"label":" ","price":6.49},{"type":"A","date":"2018-03-22T01:36:49.000Z","volume":5000,"label":" ","price":6.49},{"type":"A","date":"2018-03-22T01:36:51.000Z","volume":37000,"label":" ","price":6.49},{"type":"A","date":"2018-03-22T01:36:51.000Z","volume":9000,"label":" ","price":6.49},{"type":"B","date":"2018-03-22T01:37:07.000Z","volume":1000,"label":"Y","price":6.49},{"type":"B","date":"2018-03-22T01:37:07.000Z","volume":3000,"label":" ","price":6.49},{"type":"B","date":"2018-03-22T01:37:07.000Z","volume":1000,"label":" ","price":6.49},{"type":"B","date":"2018-03-22T01:37:32.000Z","volume":2000,"label":" ","price":6.49},{"type":"B","date":"2018-03-22T01:37:41.000Z","volume":10000,"label":" ","price":6.49},{"type":"B","date":"2018-03-22T01:37:41.000Z","volume":3000,"label":" ","price":6.49},{"type":"U","date":"2018-03-22T01:37:43.000Z","volume":28,"label":"D","price":6.5},{"type":"A","date":"2018-03-22T01:37:53.000Z","volume":5000,"label":" ","price":6.5},{"type":"A","date":"2018-03-22T01:39:06.000Z","volume":7000,"label":" ","price":6.5},{"type":"U","date":"2018-03-22T01:39:35.000Z","volume":4000,"label":"X","price":6.513},{"type":"B","date":"2018-03-22T01:39:54.000Z","volume":5000,"label":" ","price":6.49},{"type":"B","date":"2018-03-22T01:40:13.000Z","volume":21000,"label":" ","price":6.49},{"type":"U","date":"2018-03-22T01:40:14.000Z","volume":7000,"label":"X","price":6.49},{"type":"A","date":"2018-03-22T01:40:17.000Z","volume":1000,"label":" ","price":6.5},{"type":"A","date":"2018-03-22T01:40:32.000Z","volume":10000,"label":" ","price":6.5},{"type":"B","date":"2018-03-22T01:40:34.000Z","volume":2000,"label":" ","price":6.49},{"type":"B","date":"2018-03-22T01:41:01.000Z","volume":10000,"label":" ","price":6.49},{"type":"B","date":"2018-03-22T01:41:08.000Z","volume":2000,"label":"Y","price":6.49},{"type":"B","date":"2018-03-22T01:41:08.000Z","volume":7000,"label":" ","price":6.49},{"type":"B","date":"2018-03-22T01:41:08.000Z","volume":12000,"label":" ","price":6.49},{"type":"B","date":"2018-03-22T01:41:08.000Z","volume":18000,"label":" ","price":6.49},{"type":"B","date":"2018-03-22T01:41:09.000Z","volume":6000,"label":" ","price":6.48},{"type":"B","date":"2018-03-22T01:41:09.000Z","volume":7000,"label":" ","price":6.47},{"type":"U","date":"2018-03-22T01:41:10.000Z","volume":2000,"label":" ","price":6.48},{"type":"B","date":"2018-03-22T01:42:00.000Z","volume":3000,"label":" ","price":6.47},{"type":"B","date":"2018-03-22T01:42:09.000Z","volume":4000,"label":" ","price":6.47},{"type":"B","date":"2018-03-22T01:42:09.000Z","volume":8000,"label":" ","price":6.47},{"type":"B","date":"2018-03-22T01:42:22.000Z","volume":4000,"label":" ","price":6.47},{"type":"B","date":"2018-03-22T01:42:39.000Z","volume":10000,"label":" ","price":6.47},{"type":"B","date":"2018-03-22T01:42:51.000Z","volume":10000,"label":" ","price":6.47},{"type":"U","date":"2018-03-22T01:43:33.000Z","volume":1000,"label":" ","price":6.47},{"type":"U","date":"2018-03-22T01:43:41.000Z","volume":1000,"label":" ","price":6.47},{"type":"B","date":"2018-03-22T01:43:49.000Z","volume":31000,"label":" ","price":6.46},{"type":"B","date":"2018-03-22T01:43:49.000Z","volume":19000,"label":" ","price":6.45},{"type":"B","date":"2018-03-22T01:43:49.000Z","volume":1000,"label":" ","price":6.46},{"type":"U","date":"2018-03-22T01:43:53.000Z","volume":3000,"label":" ","price":6.47},{"type":"A","date":"2018-03-22T01:43:54.000Z","volume":27000,"label":" ","price":6.47},{"type":"U","date":"2018-03-22T01:44:52.000Z","volume":10000,"label":" ","price":6.47},{"type":"A","date":"2018-03-22T01:44:52.000Z","volume":1000,"label":" ","price":6.47},{"type":"A","date":"2018-03-22T01:44:53.000Z","volume":29000,"label":" ","price":6.47},{"type":"A","date":"2018-03-22T01:44:59.000Z","volume":5000,"label":" ","price":6.48},{"type":"B","date":"2018-03-22T01:45:02.000Z","volume":10000,"label":" ","price":6.47},{"type":"B","date":"2018-03-22T01:45:04.000Z","volume":13000,"label":" ","price":6.47},{"type":"B","date":"2018-03-22T01:45:07.000Z","volume":3000,"label":" ","price":6.46},{"type":"U","date":"2018-03-22T01:45:09.000Z","volume":15000,"label":" ","price":6.47},{"type":"U","date":"2018-03-22T01:45:09.000Z","volume":2000,"label":" ","price":6.47},{"type":"B","date":"2018-03-22T01:45:12.000Z","volume":3000,"label":" ","price":6.47},{"type":"B","date":"2018-03-22T01:45:12.000Z","volume":1000,"label":" ","price":6.47},{"type":"U","date":"2018-03-22T01:46:07.000Z","volume":3000,"label":" ","price":6.47},{"type":"U","date":"2018-03-22T01:46:07.000Z","volume":1000,"label":" ","price":6.47},{"type":"B","date":"2018-03-22T01:46:21.000Z","volume":3000,"label":" ","price":6.46},{"type":"U","date":"2018-03-22T01:47:10.000Z","volume":2000,"label":" ","price":6.47},{"type":"U","date":"2018-03-22T01:47:10.000Z","volume":1000,"label":" ","price":6.47},{"type":"B","date":"2018-03-22T01:47:10.000Z","volume":29000,"label":" ","price":6.46},{"type":"U","date":"2018-03-22T01:47:10.000Z","volume":8000,"label":" ","price":6.47},{"type":"B","date":"2018-03-22T01:47:12.000Z","volume":5000,"label":" ","price":6.47},{"type":"B","date":"2018-03-22T01:47:13.000Z","volume":8000,"label":" ","price":6.46},{"type":"B","date":"2018-03-22T01:47:13.000Z","volume":2000,"label":" ","price":6.46},{"type":"B","date":"2018-03-22T01:47:13.000Z","volume":1000,"label":" ","price":6.45},{"type":"U","date":"2018-03-22T01:47:17.000Z","volume":14000,"label":" ","price":6.45},{"type":"B","date":"2018-03-22T01:47:17.000Z","volume":1000,"label":" ","price":6.44},{"type":"B","date":"2018-03-22T01:47:48.000Z","volume":2000,"label":" ","price":6.44},{"type":"B","date":"2018-03-22T01:48:11.000Z","volume":3000,"label":" ","price":6.44},{"type":"U","date":"2018-03-22T01:49:06.000Z","volume":2000,"label":" ","price":6.45},{"type":"A","date":"2018-03-22T01:49:28.000Z","volume":62000,"label":" ","price":6.46},{"type":"A","date":"2018-03-22T01:49:29.000Z","volume":56000,"label":" ","price":6.46},{"type":"A","date":"2018-03-22T01:49:32.000Z","volume":19000,"label":" ","price":6.47},{"type":"U","date":"2018-03-22T01:49:35.000Z","volume":8000,"label":"X","price":6.468},{"type":"U","date":"2018-03-22T01:49:35.000Z","volume":1000,"label":"X","price":6.468},{"type":"U","date":"2018-03-22T01:49:35.000Z","volume":1000,"label":"X","price":6.468},{"type":"A","date":"2018-03-22T01:49:42.000Z","volume":27000,"label":" ","price":6.48},{"type":"A","date":"2018-03-22T01:49:55.000Z","volume":1000,"label":" ","price":6.49},{"type":"A","date":"2018-03-22T01:49:57.000Z","volume":1000,"label":" ","price":6.49},{"type":"U","date":"2018-03-22T01:50:35.000Z","volume":1000,"label":"X","price":6.481},{"type":"A","date":"2018-03-22T01:50:48.000Z","volume":3000,"label":" ","price":6.49},{"type":"A","date":"2018-03-22T01:50:50.000Z","volume":17000,"label":" ","price":6.49},{"type":"A","date":"2018-03-22T01:50:55.000Z","volume":5000,"label":" ","price":6.49},{"type":"A","date":"2018-03-22T01:50:57.000Z","volume":3000,"label":" ","price":6.49},{"type":"A","date":"2018-03-22T01:51:04.000Z","volume":1000,"label":"Y","price":6.49},{"type":"A","date":"2018-03-22T01:51:04.000Z","volume":1000,"label":" ","price":6.49},{"type":"U","date":"2018-03-22T01:51:08.000Z","volume":2000000,"label":"X","price":6.49},{"type":"A","date":"2018-03-22T01:51:09.000Z","volume":1000,"label":" ","price":6.49},{"type":"A","date":"2018-03-22T01:51:10.000Z","volume":1000,"label":" ","price":6.49},{"type":"B","date":"2018-03-22T01:51:50.000Z","volume":10000,"label":" ","price":6.49},{"type":"U","date":"2018-03-22T01:51:52.000Z","volume":2000,"label":"X","price":6.49},{"type":"A","date":"2018-03-22T01:52:02.000Z","volume":2000,"label":" ","price":6.5},{"type":"A","date":"2018-03-22T01:52:03.000Z","volume":2000,"label":" ","price":6.5},{"type":"A","date":"2018-03-22T01:52:51.000Z","volume":2000,"label":" ","price":6.5},{"type":"A","date":"2018-03-22T01:53:25.000Z","volume":1000,"label":" ","price":6.5},{"type":"A","date":"2018-03-22T01:53:36.000Z","volume":3000,"label":" ","price":6.5},{"type":"A","date":"2018-03-22T01:53:57.000Z","volume":4000,"label":" ","price":6.5},{"type":"A","date":"2018-03-22T01:54:00.000Z","volume":11000,"label":" ","price":6.5},{"type":"U","date":"2018-03-22T01:54:01.000Z","volume":4000,"label":"X","price":6.49},{"type":"A","date":"2018-03-22T01:54:04.000Z","volume":1000,"label":" ","price":6.5},{"type":"B","date":"2018-03-22T01:54:27.000Z","volume":106000,"label":" ","price":6.49},{"type":"B","date":"2018-03-22T01:54:27.000Z","volume":71000,"label":" ","price":6.49},{"type":"B","date":"2018-03-22T01:54:27.000Z","volume":9000,"label":" ","price":6.48},{"type":"B","date":"2018-03-22T01:55:22.000Z","volume":1000,"label":" ","price":6.47},{"type":"U","date":"2018-03-22T01:55:35.000Z","volume":1000,"label":" ","price":6.48},{"type":"A","date":"2018-03-22T01:55:39.000Z","volume":18000,"label":" ","price":6.48},{"type":"A","date":"2018-03-22T01:56:02.000Z","volume":25000,"label":" ","price":6.48},{"type":"A","date":"2018-03-22T01:56:03.000Z","volume":21000,"label":" ","price":6.48},{"type":"B","date":"2018-03-22T01:56:58.000Z","volume":10000,"label":" ","price":6.48},{"type":"B","date":"2018-03-22T01:56:58.000Z","volume":2000,"label":" ","price":6.47},{"type":"B","date":"2018-03-22T01:57:40.000Z","volume":50000,"label":" ","price":6.47},{"type":"B","date":"2018-03-22T01:58:04.000Z","volume":10000,"label":" ","price":6.47},{"type":"A","date":"2018-03-22T01:58:11.000Z","volume":6000,"label":" ","price":6.48},{"type":"B","date":"2018-03-22T01:59:13.000Z","volume":1000,"label":" ","price":6.47},{"type":"A","date":"2018-03-22T01:59:17.000Z","volume":7000,"label":" ","price":6.48},{"type":"B","date":"2018-03-22T01:59:56.000Z","volume":10000,"label":" ","price":6.47},{"type":"A","date":"2018-03-22T02:00:05.000Z","volume":1000,"label":" ","price":6.48},{"type":"B","date":"2018-03-22T02:00:23.000Z","volume":5000,"label":" ","price":6.47},{"type":"U","date":"2018-03-22T02:00:35.000Z","volume":11000,"label":"X","price":6.485},{"type":"U","date":"2018-03-22T02:00:35.000Z","volume":1000,"label":"X","price":6.485},{"type":"A","date":"2018-03-22T02:01:11.000Z","volume":2000,"label":" ","price":6.48},{"type":"B","date":"2018-03-22T02:01:19.000Z","volume":5000,"label":" ","price":6.47},{"type":"A","date":"2018-03-22T02:02:11.000Z","volume":1000,"label":" ","price":6.48},{"type":"U","date":"2018-03-22T02:02:15.000Z","volume":3000,"label":"X","price":6.475},{"type":"U","date":"2018-03-22T02:02:35.000Z","volume":1000,"label":"X","price":6.474},{"type":"U","date":"2018-03-22T02:03:41.000Z","volume":3000,"label":"X","price":6.48},{"type":"B","date":"2018-03-22T02:04:27.000Z","volume":6000,"label":" ","price":6.47},{"type":"B","date":"2018-03-22T02:04:40.000Z","volume":91000,"label":" ","price":6.47},{"type":"B","date":"2018-03-22T02:04:40.000Z","volume":3000,"label":" ","price":6.46},{"type":"B","date":"2018-03-22T02:04:40.000Z","volume":1000,"label":" ","price":6.46},{"type":"A","date":"2018-03-22T02:04:40.000Z","volume":6000,"label":"Y","price":6.46},{"type":"A","date":"2018-03-22T02:04:40.000Z","volume":28000,"label":" ","price":6.46},{"type":"A","date":"2018-03-22T02:05:07.000Z","volume":1000,"label":" ","price":6.46},{"type":"A","date":"2018-03-22T02:05:09.000Z","volume":1000,"label":"Y","price":6.46},{"type":"A","date":"2018-03-22T02:05:09.000Z","volume":1000,"label":" ","price":6.46},{"type":"A","date":"2018-03-22T02:05:21.000Z","volume":82000,"label":" ","price":6.46},{"type":"A","date":"2018-03-22T02:05:38.000Z","volume":9000,"label":" ","price":6.47},{"type":"A","date":"2018-03-22T02:05:40.000Z","volume":33000,"label":" ","price":6.47},{"type":"A","date":"2018-03-22T02:06:45.000Z","volume":12000,"label":" ","price":6.48},{"type":"A","date":"2018-03-22T02:07:30.000Z","volume":1000,"label":" ","price":6.48},{"type":"A","date":"2018-03-22T02:07:34.000Z","volume":4000,"label":" ","price":6.48},{"type":"B","date":"2018-03-22T02:07:34.000Z","volume":12000,"label":" ","price":6.47},{"type":"B","date":"2018-03-22T02:07:51.000Z","volume":5000,"label":" ","price":6.47},{"type":"U","date":"2018-03-22T02:07:57.000Z","volume":2000,"label":"X","price":6.48},{"type":"A","date":"2018-03-22T02:08:24.000Z","volume":1000,"label":" ","price":6.48},{"type":"A","date":"2018-03-22T02:09:07.000Z","volume":125000,"label":" ","price":6.48},{"type":"U","date":"2018-03-22T02:09:07.000Z","volume":2000,"label":" ","price":6.48},{"type":"U","date":"2018-03-22T02:09:10.000Z","volume":6000,"label":" ","price":6.48},{"type":"A","date":"2018-03-22T02:09:10.000Z","volume":1000,"label":" ","price":6.48},{"type":"A","date":"2018-03-22T02:09:10.000Z","volume":9000,"label":" ","price":6.48},{"type":"A","date":"2018-03-22T02:09:10.000Z","volume":3000,"label":" ","price":6.48},{"type":"A","date":"2018-03-22T02:09:10.000Z","volume":2000,"label":" ","price":6.48},{"type":"B","date":"2018-03-22T02:09:10.000Z","volume":68000,"label":" ","price":6.47},{"type":"A","date":"2018-03-22T02:09:10.000Z","volume":1000,"label":" ","price":6.47},{"type":"A","date":"2018-03-22T02:09:12.000Z","volume":89000,"label":" ","price":6.47},{"type":"B","date":"2018-03-22T02:09:12.000Z","volume":8000,"label":" ","price":6.46},{"type":"A","date":"2018-03-22T02:09:12.000Z","volume":4000,"label":" ","price":6.46},{"type":"A","date":"2018-03-22T02:09:12.000Z","volume":1000,"label":" ","price":6.46},{"type":"A","date":"2018-03-22T02:09:26.000Z","volume":29000,"label":" ","price":6.48},{"type":"A","date":"2018-03-22T02:10:03.000Z","volume":27000,"label":" ","price":6.49},{"type":"A","date":"2018-03-22T02:10:54.000Z","volume":8000,"label":" ","price":6.49},{"type":"U","date":"2018-03-22T02:11:57.000Z","volume":3000,"label":"X","price":6.48},{"type":"B","date":"2018-03-22T02:11:59.000Z","volume":10000,"label":" ","price":6.48},{"type":"B","date":"2018-03-22T02:12:16.000Z","volume":18000,"label":" ","price":6.48},{"type":"U","date":"2018-03-22T02:12:35.000Z","volume":1000,"label":"X","price":6.472},{"type":"A","date":"2018-03-22T02:13:09.000Z","volume":19000,"label":" ","price":6.48},{"type":"A","date":"2018-03-22T02:13:18.000Z","volume":1000,"label":" ","price":6.48},{"type":"B","date":"2018-03-22T02:14:07.000Z","volume":86000,"label":" ","price":6.47},{"type":"U","date":"2018-03-22T02:14:07.000Z","volume":1000,"label":" ","price":6.47},{"type":"B","date":"2018-03-22T02:17:46.000Z","volume":50000,"label":" ","price":6.47},{"type":"U","date":"2018-03-22T02:17:54.000Z","volume":1000,"label":"X","price":6.48},{"type":"A","date":"2018-03-22T02:19:06.000Z","volume":1000,"label":" ","price":6.48},{"type":"A","date":"2018-03-22T02:19:28.000Z","volume":1000,"label":" ","price":6.48},{"type":"U","date":"2018-03-22T02:21:46.000Z","volume":2000,"label":"X","price":6.48},{"type":"A","date":"2018-03-22T02:22:10.000Z","volume":1000,"label":" ","price":6.48},{"type":"U","date":"2018-03-22T02:22:35.000Z","volume":1000,"label":"X","price":6.471},{"type":"A","date":"2018-03-22T02:23:37.000Z","volume":1000,"label":" ","price":6.48},{"type":"B","date":"2018-03-22T02:23:39.000Z","volume":10000,"label":" ","price":6.47},{"type":"A","date":"2018-03-22T02:24:05.000Z","volume":1000,"label":" ","price":6.48},{"type":"U","date":"2018-03-22T02:24:08.000Z","volume":2000,"label":"X","price":6.48},{"type":"A","date":"2018-03-22T02:24:33.000Z","volume":1000,"label":" ","price":6.48},{"type":"B","date":"2018-03-22T02:25:18.000Z","volume":3000,"label":"Y","price":6.47},{"type":"B","date":"2018-03-22T02:25:18.000Z","volume":13000,"label":" ","price":6.47},{"type":"U","date":"2018-03-22T02:25:25.000Z","volume":1000,"label":"X","price":6.48},{"type":"B","date":"2018-03-22T02:26:08.000Z","volume":1000,"label":" ","price":6.47},{"type":"U","date":"2018-03-22T02:26:23.000Z","volume":700,"label":"D","price":6.42},{"type":"U","date":"2018-03-22T02:26:29.000Z","volume":1000,"label":"X","price":6.475},{"type":"B","date":"2018-03-22T02:26:37.000Z","volume":2000,"label":" ","price":6.47},{"type":"B","date":"2018-03-22T02:27:01.000Z","volume":16000,"label":" ","price":6.47},{"type":"B","date":"2018-03-22T02:27:01.000Z","volume":8000,"label":" ","price":6.47},{"type":"B","date":"2018-03-22T02:27:01.000Z","volume":4000,"label":" ","price":6.47},{"type":"B","date":"2018-03-22T02:27:01.000Z","volume":15000,"label":" ","price":6.47},{"type":"B","date":"2018-03-22T02:27:05.000Z","volume":6000,"label":" ","price":6.46},{"type":"B","date":"2018-03-22T02:27:20.000Z","volume":2000,"label":"Y","price":6.45},{"type":"B","date":"2018-03-22T02:27:20.000Z","volume":2000,"label":" ","price":6.45},{"type":"U","date":"2018-03-22T02:27:35.000Z","volume":2000,"label":"X","price":6.469},{"type":"U","date":"2018-03-22T02:27:38.000Z","volume":5000,"label":" ","price":6.46},{"type":"B","date":"2018-03-22T02:28:09.000Z","volume":7000,"label":" ","price":6.46},{"type":"B","date":"2018-03-22T02:28:30.000Z","volume":5000,"label":" ","price":6.46},{"type":"B","date":"2018-03-22T02:29:27.000Z","volume":11000,"label":" ","price":6.46},{"type":"B","date":"2018-03-22T02:29:27.000Z","volume":3000,"label":" ","price":6.46},{"type":"B","date":"2018-03-22T02:29:52.000Z","volume":4000,"label":" ","price":6.46},{"type":"B","date":"2018-03-22T02:30:16.000Z","volume":2000,"label":" ","price":6.46},{"type":"B","date":"2018-03-22T02:30:19.000Z","volume":18000,"label":" ","price":6.46},{"type":"B","date":"2018-03-22T02:30:19.000Z","volume":3000,"label":" ","price":6.46},{"type":"B","date":"2018-03-22T02:30:19.000Z","volume":4000,"label":" ","price":6.45},{"type":"B","date":"2018-03-22T02:30:21.000Z","volume":1000,"label":" ","price":6.44},{"type":"B","date":"2018-03-22T02:31:36.000Z","volume":9000,"label":" ","price":6.44},{"type":"U","date":"2018-03-22T02:32:35.000Z","volume":1000,"label":"X","price":6.457},{"type":"B","date":"2018-03-22T02:33:03.000Z","volume":13000,"label":" ","price":6.44},{"type":"B","date":"2018-03-22T02:33:08.000Z","volume":6000,"label":" ","price":6.44},{"type":"B","date":"2018-03-22T02:33:48.000Z","volume":38000,"label":" ","price":6.44},{"type":"B","date":"2018-03-22T02:33:48.000Z","volume":5000,"label":" ","price":6.44},{"type":"B","date":"2018-03-22T02:33:48.000Z","volume":1000,"label":"Y","price":6.44},{"type":"B","date":"2018-03-22T02:33:48.000Z","volume":4000,"label":" ","price":6.44},{"type":"B","date":"2018-03-22T02:33:48.000Z","volume":5000,"label":" ","price":6.44},{"type":"B","date":"2018-03-22T02:33:49.000Z","volume":17000,"label":" ","price":6.44},{"type":"B","date":"2018-03-22T02:34:10.000Z","volume":5000,"label":" ","price":6.43},{"type":"U","date":"2018-03-22T02:34:56.000Z","volume":10000,"label":" ","price":6.43},{"type":"B","date":"2018-03-22T02:34:56.000Z","volume":5000,"label":" ","price":6.42},{"type":"A","date":"2018-03-22T02:35:07.000Z","volume":32000,"label":" ","price":6.43},{"type":"A","date":"2018-03-22T02:35:07.000Z","volume":2000,"label":" ","price":6.43},{"type":"B","date":"2018-03-22T02:35:26.000Z","volume":4000,"label":" ","price":6.43},{"type":"A","date":"2018-03-22T02:35:27.000Z","volume":2000,"label":"Y","price":6.44},{"type":"A","date":"2018-03-22T02:35:27.000Z","volume":1000,"label":" ","price":6.44},{"type":"B","date":"2018-03-22T02:36:14.000Z","volume":10000,"label":" ","price":6.43},{"type":"B","date":"2018-03-22T02:36:14.000Z","volume":12000,"label":" ","price":6.43},{"type":"B","date":"2018-03-22T02:36:33.000Z","volume":6000,"label":" ","price":6.42},{"type":"B","date":"2018-03-22T02:36:33.000Z","volume":9000,"label":" ","price":6.41},{"type":"B","date":"2018-03-22T02:39:53.000Z","volume":1000,"label":" ","price":6.42},{"type":"B","date":"2018-03-22T02:39:57.000Z","volume":1000,"label":" ","price":6.42},{"type":"B","date":"2018-03-22T02:39:59.000Z","volume":10000,"label":" ","price":6.42},{"type":"B","date":"2018-03-22T02:39:59.000Z","volume":3000,"label":" ","price":6.42},{"type":"B","date":"2018-03-22T02:39:59.000Z","volume":1000,"label":" ","price":6.42},{"type":"B","date":"2018-03-22T02:40:05.000Z","volume":50000,"label":" ","price":6.41},{"type":"A","date":"2018-03-22T02:40:06.000Z","volume":1000,"label":" ","price":6.42},{"type":"U","date":"2018-03-22T02:41:29.000Z","volume":1000,"label":"X","price":6.415},{"type":"A","date":"2018-03-22T02:41:44.000Z","volume":2000,"label":" ","price":6.42},{"type":"B","date":"2018-03-22T02:42:25.000Z","volume":6000,"label":" ","price":6.41},{"type":"B","date":"2018-03-22T02:42:26.000Z","volume":4000,"label":" ","price":6.41},{"type":"U","date":"2018-03-22T02:42:36.000Z","volume":1000,"label":"X","price":6.427},{"type":"U","date":"2018-03-22T02:42:36.000Z","volume":1000,"label":"X","price":6.427},{"type":"B","date":"2018-03-22T02:42:40.000Z","volume":15000,"label":" ","price":6.41},{"type":"B","date":"2018-03-22T02:42:40.000Z","volume":52000,"label":" ","price":6.4},{"type":"B","date":"2018-03-22T02:42:40.000Z","volume":33000,"label":" ","price":6.39},{"type":"B","date":"2018-03-22T02:42:40.000Z","volume":1000,"label":" ","price":6.41},{"type":"B","date":"2018-03-22T02:43:01.000Z","volume":4000,"label":" ","price":6.4},{"type":"B","date":"2018-03-22T02:44:40.000Z","volume":14000,"label":" ","price":6.4},{"type":"B","date":"2018-03-22T02:44:58.000Z","volume":8000,"label":" ","price":6.4},{"type":"B","date":"2018-03-22T02:44:58.000Z","volume":1000,"label":" ","price":6.4},{"type":"B","date":"2018-03-22T02:45:08.000Z","volume":9000,"label":" ","price":6.39},{"type":"U","date":"2018-03-22T02:45:17.000Z","volume":6000,"label":"Y","price":6.39},{"type":"B","date":"2018-03-22T02:45:17.000Z","volume":4000,"label":" ","price":6.38},{"type":"B","date":"2018-03-22T02:45:23.000Z","volume":1000,"label":" ","price":6.38},{"type":"B","date":"2018-03-22T02:45:23.000Z","volume":3000,"label":" ","price":6.38},{"type":"U","date":"2018-03-22T02:46:03.000Z","volume":1000,"label":" ","price":6.39},{"type":"B","date":"2018-03-22T02:46:03.000Z","volume":4000,"label":" ","price":6.37},{"type":"B","date":"2018-03-22T02:46:28.000Z","volume":12000,"label":" ","price":6.38},{"type":"B","date":"2018-03-22T02:46:28.000Z","volume":9000,"label":" ","price":6.38},{"type":"B","date":"2018-03-22T02:46:28.000Z","volume":1000,"label":" ","price":6.38},{"type":"B","date":"2018-03-22T02:46:28.000Z","volume":1000,"label":" ","price":6.38},{"type":"B","date":"2018-03-22T02:46:28.000Z","volume":1000,"label":" ","price":6.38},{"type":"U","date":"2018-03-22T02:46:33.000Z","volume":4000,"label":" ","price":6.39},{"type":"U","date":"2018-03-22T02:46:38.000Z","volume":7000,"label":"X","price":6.39},{"type":"B","date":"2018-03-22T02:46:44.000Z","volume":4000,"label":" ","price":6.39},{"type":"B","date":"2018-03-22T02:47:00.000Z","volume":4000,"label":" ","price":6.39},{"type":"B","date":"2018-03-22T02:47:28.000Z","volume":4000,"label":" ","price":6.39},{"type":"U","date":"2018-03-22T02:47:34.000Z","volume":1000,"label":"X","price":6.4},{"type":"B","date":"2018-03-22T02:47:40.000Z","volume":1000,"label":"Y","price":6.39},{"type":"B","date":"2018-03-22T02:47:40.000Z","volume":3000,"label":" ","price":6.39},{"type":"B","date":"2018-03-22T02:47:43.000Z","volume":3000,"label":" ","price":6.39},{"type":"B","date":"2018-03-22T02:49:09.000Z","volume":4000,"label":" ","price":6.38},{"type":"B","date":"2018-03-22T02:49:39.000Z","volume":4000,"label":" ","price":6.38},{"type":"B","date":"2018-03-22T02:49:39.000Z","volume":4000,"label":" ","price":6.38},{"type":"B","date":"2018-03-22T02:49:39.000Z","volume":1000,"label":" ","price":6.38},{"type":"B","date":"2018-03-22T02:50:25.000Z","volume":2000,"label":" ","price":6.37},{"type":"B","date":"2018-03-22T02:51:18.000Z","volume":5000,"label":"Y","price":6.37},{"type":"B","date":"2018-03-22T02:51:18.000Z","volume":1000,"label":" ","price":6.37},{"type":"B","date":"2018-03-22T02:51:18.000Z","volume":3000,"label":" ","price":6.37},{"type":"U","date":"2018-03-22T02:52:36.000Z","volume":1000,"label":"X","price":6.392},{"type":"U","date":"2018-03-22T02:53:52.000Z","volume":2000,"label":" ","price":6.38},{"type":"A","date":"2018-03-22T02:54:13.000Z","volume":1000,"label":" ","price":6.39},{"type":"A","date":"2018-03-22T02:54:45.000Z","volume":54000,"label":" ","price":6.39},{"type":"B","date":"2018-03-22T02:54:45.000Z","volume":10000,"label":" ","price":6.38},{"type":"U","date":"2018-03-22T02:54:45.000Z","volume":1000,"label":" ","price":6.39},{"type":"U","date":"2018-03-22T02:55:16.000Z","volume":1000,"label":"X","price":6.39},{"type":"A","date":"2018-03-22T02:56:22.000Z","volume":2000,"label":" ","price":6.39},{"type":"A","date":"2018-03-22T02:58:12.000Z","volume":1000,"label":" ","price":6.39},{"type":"A","date":"2018-03-22T02:58:18.000Z","volume":1000,"label":" ","price":6.39},{"type":"U","date":"2018-03-22T02:58:39.000Z","volume":2000,"label":"X","price":6.39},{"type":"A","date":"2018-03-22T02:59:04.000Z","volume":1000,"label":" ","price":6.39},{"type":"A","date":"2018-03-22T02:59:12.000Z","volume":1000,"label":" ","price":6.39},{"type":"A","date":"2018-03-22T03:00:28.000Z","volume":1000,"label":" ","price":6.39},{"type":"A","date":"2018-03-22T03:00:28.000Z","volume":1000,"label":" ","price":6.39},{"type":"A","date":"2018-03-22T03:00:30.000Z","volume":1000,"label":" ","price":6.39},{"type":"A","date":"2018-03-22T03:00:57.000Z","volume":1000,"label":" ","price":6.39},{"type":"U","date":"2018-03-22T03:01:01.000Z","volume":2000,"label":"X","price":6.39},{"type":"A","date":"2018-03-22T03:01:16.000Z","volume":1000,"label":" ","price":6.39},{"type":"A","date":"2018-03-22T03:01:30.000Z","volume":1000,"label":" ","price":6.39},{"type":"U","date":"2018-03-22T03:01:58.000Z","volume":1000,"label":"X","price":6.39},{"type":"A","date":"2018-03-22T03:02:04.000Z","volume":1000,"label":" ","price":6.39},{"type":"A","date":"2018-03-22T03:02:22.000Z","volume":1000,"label":" ","price":6.39},{"type":"A","date":"2018-03-22T03:02:25.000Z","volume":1000,"label":" ","price":6.39},{"type":"U","date":"2018-03-22T03:02:36.000Z","volume":1000,"label":"X","price":6.389},{"type":"A","date":"2018-03-22T03:02:40.000Z","volume":1000,"label":" ","price":6.39},{"type":"A","date":"2018-03-22T03:03:03.000Z","volume":1000,"label":" ","price":6.39},{"type":"U","date":"2018-03-22T03:03:10.000Z","volume":1000,"label":"X","price":6.39},{"type":"A","date":"2018-03-22T03:03:36.000Z","volume":1000,"label":" ","price":6.39},{"type":"U","date":"2018-03-22T03:03:52.000Z","volume":1000,"label":"X","price":6.39},{"type":"A","date":"2018-03-22T03:04:20.000Z","volume":1000,"label":" ","price":6.39},{"type":"A","date":"2018-03-22T03:04:24.000Z","volume":1000,"label":" ","price":6.39},{"type":"A","date":"2018-03-22T03:05:00.000Z","volume":1000,"label":" ","price":6.39},{"type":"A","date":"2018-03-22T03:05:30.000Z","volume":1000,"label":" ","price":6.39},{"type":"A","date":"2018-03-22T03:06:00.000Z","volume":1000,"label":" ","price":6.39},{"type":"A","date":"2018-03-22T03:06:15.000Z","volume":1000,"label":" ","price":6.39},{"type":"A","date":"2018-03-22T03:06:30.000Z","volume":4000,"label":" ","price":6.39},{"type":"A","date":"2018-03-22T03:06:48.000Z","volume":1000,"label":" ","price":6.39},{"type":"A","date":"2018-03-22T03:06:56.000Z","volume":3000,"label":" ","price":6.39},{"type":"U","date":"2018-03-22T03:07:10.000Z","volume":2000,"label":"X","price":6.39},{"type":"U","date":"2018-03-22T03:07:36.000Z","volume":1000,"label":"X","price":6.39},{"type":"A","date":"2018-03-22T03:07:40.000Z","volume":1000,"label":" ","price":6.39},{"type":"A","date":"2018-03-22T03:08:10.000Z","volume":1000,"label":" ","price":6.39},{"type":"A","date":"2018-03-22T03:08:18.000Z","volume":1000,"label":" ","price":6.39},{"type":"B","date":"2018-03-22T03:08:28.000Z","volume":62000,"label":" ","price":6.38},{"type":"B","date":"2018-03-22T03:08:28.000Z","volume":6000,"label":" ","price":6.37},{"type":"B","date":"2018-03-22T03:08:29.000Z","volume":74000,"label":" ","price":6.36},{"type":"B","date":"2018-03-22T03:08:29.000Z","volume":13000,"label":" ","price":6.35},{"type":"B","date":"2018-03-22T03:08:29.000Z","volume":67000,"label":" ","price":6.35},{"type":"B","date":"2018-03-22T03:08:29.000Z","volume":3000,"label":" ","price":6.34},{"type":"B","date":"2018-03-22T03:08:29.000Z","volume":48000,"label":"Y","price":6.34},{"type":"B","date":"2018-03-22T03:08:29.000Z","volume":12000,"label":" ","price":6.34},{"type":"B","date":"2018-03-22T03:08:29.000Z","volume":1000,"label":" ","price":6.34},{"type":"B","date":"2018-03-22T03:08:29.000Z","volume":8000,"label":" ","price":6.34},{"type":"B","date":"2018-03-22T03:08:29.000Z","volume":5000,"label":" ","price":6.35},{"type":"B","date":"2018-03-22T03:08:29.000Z","volume":4000,"label":" ","price":6.35},{"type":"A","date":"2018-03-22T03:08:31.000Z","volume":6000,"label":" ","price":6.36},{"type":"A","date":"2018-03-22T03:08:31.000Z","volume":2000,"label":" ","price":6.36},{"type":"B","date":"2018-03-22T03:10:27.000Z","volume":30000,"label":" ","price":6.35},{"type":"U","date":"2018-03-22T03:10:34.000Z","volume":1000,"label":"X","price":6.365},{"type":"B","date":"2018-03-22T03:11:51.000Z","volume":1000,"label":" ","price":6.36},{"type":"B","date":"2018-03-22T03:11:55.000Z","volume":1000,"label":" ","price":6.36},{"type":"B","date":"2018-03-22T03:12:01.000Z","volume":1000,"label":"Y","price":6.36},{"type":"B","date":"2018-03-22T03:12:01.000Z","volume":1000,"label":" ","price":6.36},{"type":"B","date":"2018-03-22T03:12:06.000Z","volume":1000,"label":"Y","price":6.36},{"type":"A","date":"2018-03-22T03:14:04.000Z","volume":1000,"label":" ","price":6.37},{"type":"A","date":"2018-03-22T03:14:07.000Z","volume":1000,"label":" ","price":6.37},{"type":"B","date":"2018-03-22T03:14:55.000Z","volume":6000,"label":"Y","price":6.36},{"type":"B","date":"2018-03-22T03:14:55.000Z","volume":2000,"label":" ","price":6.36},{"type":"B","date":"2018-03-22T03:15:17.000Z","volume":1000,"label":" ","price":6.36},{"type":"A","date":"2018-03-22T03:17:11.000Z","volume":1000,"label":" ","price":6.37},{"type":"U","date":"2018-03-22T03:17:36.000Z","volume":1000,"label":"X","price":6.357},{"type":"B","date":"2018-03-22T03:18:24.000Z","volume":9000,"label":" ","price":6.36},{"type":"A","date":"2018-03-22T03:18:28.000Z","volume":1000,"label":" ","price":6.37},{"type":"A","date":"2018-03-22T03:18:56.000Z","volume":1000,"label":" ","price":6.37},{"type":"A","date":"2018-03-22T03:19:32.000Z","volume":1000,"label":" ","price":6.37},{"type":"A","date":"2018-03-22T03:19:40.000Z","volume":1000,"label":" ","price":6.37},{"type":"A","date":"2018-03-22T03:19:41.000Z","volume":5000,"label":" ","price":6.37},{"type":"U","date":"2018-03-22T03:19:47.000Z","volume":1000,"label":"X","price":6.37},{"type":"A","date":"2018-03-22T03:20:08.000Z","volume":1000,"label":" ","price":6.37},{"type":"B","date":"2018-03-22T03:20:17.000Z","volume":3000,"label":" ","price":6.36},{"type":"A","date":"2018-03-22T03:20:42.000Z","volume":1000,"label":" ","price":6.37},{"type":"A","date":"2018-03-22T03:21:14.000Z","volume":1000,"label":" ","price":6.37},{"type":"A","date":"2018-03-22T03:21:16.000Z","volume":1000,"label":" ","price":6.37},{"type":"A","date":"2018-03-22T03:21:35.000Z","volume":1000,"label":" ","price":6.37},{"type":"A","date":"2018-03-22T03:21:37.000Z","volume":1000,"label":" ","price":6.37},{"type":"A","date":"2018-03-22T03:21:42.000Z","volume":1000,"label":" ","price":6.37},{"type":"U","date":"2018-03-22T03:21:45.000Z","volume":2000,"label":"X","price":6.37},{"type":"U","date":"2018-03-22T03:22:06.000Z","volume":2000,"label":"X","price":6.37},{"type":"A","date":"2018-03-22T03:22:09.000Z","volume":40000,"label":" ","price":6.37},{"type":"A","date":"2018-03-22T03:22:09.000Z","volume":1000,"label":" ","price":6.38},{"type":"A","date":"2018-03-22T03:22:09.000Z","volume":2000,"label":" ","price":6.38},{"type":"A","date":"2018-03-22T03:22:09.000Z","volume":3000,"label":" ","price":6.37},{"type":"A","date":"2018-03-22T03:22:09.000Z","volume":2000,"label":" ","price":6.38},{"type":"A","date":"2018-03-22T03:22:10.000Z","volume":1000,"label":"Y","price":6.38},{"type":"A","date":"2018-03-22T03:23:06.000Z","volume":1000,"label":" ","price":6.39},{"type":"A","date":"2018-03-22T03:23:37.000Z","volume":1000,"label":" ","price":6.39},{"type":"A","date":"2018-03-22T03:23:50.000Z","volume":1000,"label":" ","price":6.39},{"type":"A","date":"2018-03-22T03:24:26.000Z","volume":1000,"label":" ","price":6.39},{"type":"A","date":"2018-03-22T03:24:32.000Z","volume":1000,"label":" ","price":6.39},{"type":"A","date":"2018-03-22T03:24:33.000Z","volume":4000,"label":" ","price":6.39},{"type":"A","date":"2018-03-22T03:24:38.000Z","volume":3000,"label":" ","price":6.39},{"type":"A","date":"2018-03-22T03:24:45.000Z","volume":2000,"label":" ","price":6.39},{"type":"A","date":"2018-03-22T03:24:56.000Z","volume":1000,"label":" ","price":6.39},{"type":"A","date":"2018-03-22T03:24:56.000Z","volume":4000,"label":" ","price":6.39},{"type":"A","date":"2018-03-22T03:24:57.000Z","volume":1000,"label":"Y","price":6.39},{"type":"A","date":"2018-03-22T03:25:18.000Z","volume":3000,"label":"Y","price":6.39},{"type":"A","date":"2018-03-22T03:25:20.000Z","volume":1000,"label":" ","price":6.39},{"type":"A","date":"2018-03-22T03:25:26.000Z","volume":7000,"label":" ","price":6.39},{"type":"A","date":"2018-03-22T03:25:26.000Z","volume":2000,"label":" ","price":6.39},{"type":"A","date":"2018-03-22T03:25:39.000Z","volume":3000,"label":" ","price":6.39},{"type":"A","date":"2018-03-22T03:25:39.000Z","volume":2000,"label":" ","price":6.39},{"type":"A","date":"2018-03-22T03:25:39.000Z","volume":2000,"label":" ","price":6.39},{"type":"B","date":"2018-03-22T03:26:23.000Z","volume":2000,"label":" ","price":6.39},{"type":"B","date":"2018-03-22T03:26:29.000Z","volume":3000,"label":" ","price":6.39},{"type":"U","date":"2018-03-22T03:27:36.000Z","volume":1000,"label":"X","price":6.377},{"type":"U","date":"2018-03-22T03:27:36.000Z","volume":1000,"label":"X","price":6.377},{"type":"U","date":"2018-03-22T03:28:33.000Z","volume":1000,"label":"X","price":6.395},{"type":"A","date":"2018-03-22T03:29:10.000Z","volume":1000,"label":" ","price":6.4},{"type":"A","date":"2018-03-22T03:29:22.000Z","volume":2000,"label":" ","price":6.4},{"type":"A","date":"2018-03-22T03:30:00.000Z","volume":56000,"label":" ","price":6.4},{"type":"U","date":"2018-03-22T03:30:00.000Z","volume":1000,"label":" ","price":6.4},{"type":"U","date":"2018-03-22T03:30:00.000Z","volume":1000,"label":" ","price":6.4},{"type":"B","date":"2018-03-22T03:30:00.000Z","volume":1000,"label":"Y","price":6.39},{"type":"B","date":"2018-03-22T03:30:00.000Z","volume":8000,"label":" ","price":6.39},{"type":"B","date":"2018-03-22T03:30:00.000Z","volume":1000,"label":" ","price":6.4},{"type":"B","date":"2018-03-22T03:30:01.000Z","volume":2000,"label":" ","price":6.4},{"type":"U","date":"2018-03-22T03:30:05.000Z","volume":7000,"label":"X","price":6.4},{"type":"U","date":"2018-03-22T03:30:05.000Z","volume":8000,"label":"X","price":6.4},{"type":"U","date":"2018-03-22T03:30:05.000Z","volume":1000,"label":"X","price":6.405},{"type":"U","date":"2018-03-22T03:30:05.000Z","volume":1000,"label":"X","price":6.405},{"type":"A","date":"2018-03-22T03:30:51.000Z","volume":1000,"label":" ","price":6.41},{"type":"A","date":"2018-03-22T03:31:10.000Z","volume":1000,"label":" ","price":6.41},{"type":"A","date":"2018-03-22T03:31:19.000Z","volume":9000,"label":" ","price":6.41},{"type":"A","date":"2018-03-22T03:31:20.000Z","volume":1000,"label":" ","price":6.41},{"type":"A","date":"2018-03-22T03:31:27.000Z","volume":1000,"label":" ","price":6.41},{"type":"B","date":"2018-03-22T03:31:34.000Z","volume":3000,"label":" ","price":6.4},{"type":"A","date":"2018-03-22T03:32:44.000Z","volume":10000,"label":" ","price":6.41},{"type":"A","date":"2018-03-22T03:32:48.000Z","volume":6000,"label":" ","price":6.41},{"type":"A","date":"2018-03-22T03:32:48.000Z","volume":2000,"label":" ","price":6.41},{"type":"B","date":"2018-03-22T03:33:02.000Z","volume":43000,"label":" ","price":6.41},{"type":"B","date":"2018-03-22T03:33:02.000Z","volume":71000,"label":" ","price":6.4},{"type":"B","date":"2018-03-22T03:33:02.000Z","volume":2000,"label":"Y","price":6.39},{"type":"B","date":"2018-03-22T03:33:02.000Z","volume":6000,"label":" ","price":6.39},{"type":"B","date":"2018-03-22T03:33:02.000Z","volume":6000,"label":" ","price":6.38},{"type":"U","date":"2018-03-22T03:35:05.000Z","volume":2000,"label":"X","price":6.4},{"type":"A","date":"2018-03-22T03:35:15.000Z","volume":1000,"label":"Y","price":6.4},{"type":"A","date":"2018-03-22T03:35:15.000Z","volume":46000,"label":" ","price":6.4},{"type":"A","date":"2018-03-22T03:35:15.000Z","volume":1000,"label":" ","price":6.41},{"type":"A","date":"2018-03-22T03:35:15.000Z","volume":2000,"label":" ","price":6.4},{"type":"A","date":"2018-03-22T03:35:15.000Z","volume":2000,"label":" ","price":6.41},{"type":"B","date":"2018-03-22T03:35:20.000Z","volume":1000,"label":" ","price":6.4},{"type":"A","date":"2018-03-22T03:36:06.000Z","volume":9000,"label":" ","price":6.42},{"type":"A","date":"2018-03-22T03:36:15.000Z","volume":1000,"label":" ","price":6.42},{"type":"A","date":"2018-03-22T03:36:55.000Z","volume":10000,"label":" ","price":6.42},{"type":"A","date":"2018-03-22T03:37:15.000Z","volume":4000,"label":" ","price":6.42},{"type":"A","date":"2018-03-22T03:37:31.000Z","volume":10000,"label":" ","price":6.43},{"type":"A","date":"2018-03-22T03:37:38.000Z","volume":1000,"label":" ","price":6.43},{"type":"A","date":"2018-03-22T03:38:12.000Z","volume":20000,"label":" ","price":6.44},{"type":"U","date":"2018-03-22T03:38:13.000Z","volume":1000,"label":"X","price":6.406},{"type":"B","date":"2018-03-22T03:38:38.000Z","volume":10000,"label":" ","price":6.42},{"type":"A","date":"2018-03-22T03:38:39.000Z","volume":1000,"label":" ","price":6.43},{"type":"A","date":"2018-03-22T03:39:17.000Z","volume":10000,"label":" ","price":6.43},{"type":"U","date":"2018-03-22T03:39:29.000Z","volume":9000,"label":"X","price":6.43},{"type":"B","date":"2018-03-22T03:40:19.000Z","volume":3000,"label":" ","price":6.42},{"type":"U","date":"2018-03-22T03:40:27.000Z","volume":1000,"label":"X","price":6.43},{"type":"U","date":"2018-03-22T03:40:35.000Z","volume":1000,"label":"X","price":6.43},{"type":"U","date":"2018-03-22T03:40:38.000Z","volume":1000,"label":"X","price":6.425},{"type":"U","date":"2018-03-22T03:40:49.000Z","volume":2000,"label":"X","price":6.43},{"type":"U","date":"2018-03-22T03:40:54.000Z","volume":10000,"label":"X","price":6.43},{"type":"B","date":"2018-03-22T03:41:44.000Z","volume":3000,"label":" ","price":6.42},{"type":"B","date":"2018-03-22T03:43:06.000Z","volume":3000,"label":" ","price":6.42},{"type":"B","date":"2018-03-22T03:44:44.000Z","volume":3000,"label":" ","price":6.42},{"type":"B","date":"2018-03-22T03:45:23.000Z","volume":1000,"label":" ","price":6.42},{"type":"A","date":"2018-03-22T03:45:44.000Z","volume":6000,"label":" ","price":6.43},{"type":"B","date":"2018-03-22T03:46:35.000Z","volume":2000,"label":" ","price":6.42},{"type":"U","date":"2018-03-22T03:47:06.000Z","volume":1000,"label":"X","price":6.43},{"type":"B","date":"2018-03-22T03:47:44.000Z","volume":2000,"label":" ","price":6.42},{"type":"A","date":"2018-03-22T03:47:46.000Z","volume":2000,"label":" ","price":6.43},{"type":"A","date":"2018-03-22T03:48:10.000Z","volume":1000,"label":" ","price":6.43},{"type":"U","date":"2018-03-22T03:48:13.000Z","volume":1000,"label":"X","price":6.424},{"type":"B","date":"2018-03-22T03:49:15.000Z","volume":63000,"label":" ","price":6.42},{"type":"B","date":"2018-03-22T03:49:15.000Z","volume":1000,"label":" ","price":6.42},{"type":"B","date":"2018-03-22T03:49:15.000Z","volume":3000,"label":" ","price":6.41},{"type":"B","date":"2018-03-22T03:49:15.000Z","volume":8000,"label":" ","price":6.4},{"type":"B","date":"2018-03-22T03:49:16.000Z","volume":1000,"label":" ","price":6.42},{"type":"A","date":"2018-03-22T03:49:16.000Z","volume":2000,"label":" ","price":6.42},{"type":"B","date":"2018-03-22T03:50:18.000Z","volume":2000,"label":" ","price":6.4},{"type":"B","date":"2018-03-22T03:50:44.000Z","volume":3000,"label":" ","price":6.4},{"type":"U","date":"2018-03-22T03:53:13.000Z","volume":1000,"label":"X","price":6.417},{"type":"B","date":"2018-03-22T03:53:22.000Z","volume":1000,"label":" ","price":6.4},{"type":"B","date":"2018-03-22T03:53:44.000Z","volume":2000,"label":" ","price":6.4},{"type":"B","date":"2018-03-22T03:54:24.000Z","volume":4000,"label":" ","price":6.4},{"type":"A","date":"2018-03-22T03:54:33.000Z","volume":10000,"label":" ","price":6.41},{"type":"B","date":"2018-03-22T03:55:21.000Z","volume":3000,"label":" ","price":6.4},{"type":"U","date":"2018-03-22T03:55:27.000Z","volume":1000,"label":"X","price":6.41},{"type":"A","date":"2018-03-22T03:56:26.000Z","volume":1000,"label":" ","price":6.41},{"type":"U","date":"2018-03-22T03:57:24.000Z","volume":2000,"label":"X","price":6.41},{"type":"A","date":"2018-03-22T03:57:27.000Z","volume":1000,"label":" ","price":6.41},{"type":"A","date":"2018-03-22T03:57:31.000Z","volume":1000,"label":" ","price":6.41},{"type":"U","date":"2018-03-22T03:57:38.000Z","volume":1000,"label":"X","price":6.41},{"type":"A","date":"2018-03-22T03:57:45.000Z","volume":1000,"label":" ","price":6.41},{"type":"A","date":"2018-03-22T03:57:58.000Z","volume":1000,"label":" ","price":6.41},{"type":"A","date":"2018-03-22T03:59:06.000Z","volume":1000,"label":" ","price":6.41},{"type":"B","date":"2018-03-22T03:59:19.000Z","volume":4000,"label":" ","price":6.4},{"type":"B","date":"2018-03-22T03:59:31.000Z","volume":2000,"label":" ","price":6.4},{"type":"B","date":"2018-03-22T03:59:41.000Z","volume":1000,"label":" ","price":6.4},{"type":"B","date":"2018-03-22T03:59:44.000Z","volume":3000,"label":" ","price":6.4},{"type":"A","date":"2018-03-22T03:59:51.000Z","volume":3000,"label":" ","price":6.41},{"type":"B","date":"2018-03-22T03:59:51.000Z","volume":1000,"label":" ","price":6.4},{"type":"U","date":"2018-03-22T05:00:01.000Z","volume":1000,"label":"X","price":6.405},{"type":"A","date":"2018-03-22T05:01:20.000Z","volume":1000,"label":" ","price":6.41},{"type":"A","date":"2018-03-22T05:02:14.000Z","volume":71000,"label":" ","price":6.41},{"type":"A","date":"2018-03-22T05:02:14.000Z","volume":2000,"label":" ","price":6.41},{"type":"A","date":"2018-03-22T05:02:14.000Z","volume":7000,"label":" ","price":6.41},{"type":"B","date":"2018-03-22T05:02:16.000Z","volume":5000,"label":" ","price":6.4},{"type":"U","date":"2018-03-22T05:02:22.000Z","volume":1000,"label":" ","price":6.41},{"type":"U","date":"2018-03-22T05:02:22.000Z","volume":1000,"label":" ","price":6.41},{"type":"U","date":"2018-03-22T05:02:23.000Z","volume":2000,"label":" ","price":6.41},{"type":"A","date":"2018-03-22T05:02:23.000Z","volume":1000,"label":" ","price":6.41},{"type":"A","date":"2018-03-22T05:03:25.000Z","volume":1000,"label":" ","price":6.42},{"type":"A","date":"2018-03-22T05:04:54.000Z","volume":1000,"label":" ","price":6.42},{"type":"A","date":"2018-03-22T05:05:17.000Z","volume":1000,"label":" ","price":6.42},{"type":"B","date":"2018-03-22T05:05:26.000Z","volume":2000,"label":" ","price":6.41},{"type":"B","date":"2018-03-22T05:05:40.000Z","volume":1000,"label":" ","price":6.41},{"type":"A","date":"2018-03-22T05:05:40.000Z","volume":1000,"label":" ","price":6.42},{"type":"A","date":"2018-03-22T05:05:59.000Z","volume":2000,"label":" ","price":6.42},{"type":"A","date":"2018-03-22T05:06:03.000Z","volume":2000,"label":"Y","price":6.42},{"type":"A","date":"2018-03-22T05:06:21.000Z","volume":2000,"label":" ","price":6.42},{"type":"A","date":"2018-03-22T05:06:21.000Z","volume":7000,"label":" ","price":6.42},{"type":"U","date":"2018-03-22T05:07:07.000Z","volume":1000,"label":" ","price":6.42},{"type":"U","date":"2018-03-22T05:07:07.000Z","volume":1000,"label":" ","price":6.42},{"type":"A","date":"2018-03-22T05:07:07.000Z","volume":1000,"label":" ","price":6.43},{"type":"B","date":"2018-03-22T05:07:40.000Z","volume":38000,"label":" ","price":6.42},{"type":"B","date":"2018-03-22T05:07:40.000Z","volume":1000,"label":" ","price":6.42},{"type":"B","date":"2018-03-22T05:07:40.000Z","volume":2000,"label":" ","price":6.42},{"type":"B","date":"2018-03-22T05:07:40.000Z","volume":1000,"label":" ","price":6.42},{"type":"B","date":"2018-03-22T05:10:26.000Z","volume":3000,"label":" ","price":6.41},{"type":"U","date":"2018-03-22T05:10:26.000Z","volume":2000,"label":" ","price":6.42},{"type":"U","date":"2018-03-22T05:11:19.000Z","volume":1000,"label":"X","price":6.414},{"type":"U","date":"2018-03-22T05:11:19.000Z","volume":1000,"label":"X","price":6.425},{"type":"A","date":"2018-03-22T05:11:40.000Z","volume":3000,"label":" ","price":6.43},{"type":"A","date":"2018-03-22T05:11:43.000Z","volume":4000,"label":" ","price":6.43},{"type":"B","date":"2018-03-22T05:13:07.000Z","volume":66000,"label":" ","price":6.42},{"type":"B","date":"2018-03-22T05:13:07.000Z","volume":25000,"label":" ","price":6.41},{"type":"U","date":"2018-03-22T05:16:19.000Z","volume":2000,"label":"X","price":6.418},{"type":"B","date":"2018-03-22T05:17:22.000Z","volume":1000,"label":" ","price":6.4},{"type":"B","date":"2018-03-22T05:17:40.000Z","volume":1000,"label":" ","price":6.4},{"type":"B","date":"2018-03-22T05:17:40.000Z","volume":1000,"label":" ","price":6.4},{"type":"B","date":"2018-03-22T05:17:40.000Z","volume":6000,"label":" ","price":6.4},{"type":"B","date":"2018-03-22T05:17:40.000Z","volume":3000,"label":"Y","price":6.4},{"type":"B","date":"2018-03-22T05:17:40.000Z","volume":13000,"label":" ","price":6.4},{"type":"B","date":"2018-03-22T05:20:20.000Z","volume":2000,"label":" ","price":6.4},{"type":"B","date":"2018-03-22T05:20:48.000Z","volume":3000,"label":" ","price":6.4},{"type":"B","date":"2018-03-22T05:21:34.000Z","volume":9000,"label":" ","price":6.4},{"type":"B","date":"2018-03-22T05:23:20.000Z","volume":1000,"label":"Y","price":6.4},{"type":"B","date":"2018-03-22T05:23:20.000Z","volume":2000,"label":" ","price":6.4},{"type":"B","date":"2018-03-22T05:23:20.000Z","volume":14000,"label":" ","price":6.4},{"type":"B","date":"2018-03-22T05:23:20.000Z","volume":2000,"label":" ","price":6.4},{"type":"B","date":"2018-03-22T05:25:56.000Z","volume":2000,"label":" ","price":6.39},{"type":"A","date":"2018-03-22T05:26:18.000Z","volume":1000,"label":" ","price":6.4},{"type":"B","date":"2018-03-22T05:27:54.000Z","volume":1000,"label":" ","price":6.39},{"type":"B","date":"2018-03-22T05:28:34.000Z","volume":2000,"label":" ","price":6.39},{"type":"B","date":"2018-03-22T05:28:54.000Z","volume":6000,"label":" ","price":6.39},{"type":"U","date":"2018-03-22T05:29:21.000Z","volume":1000,"label":"X","price":6.398},{"type":"U","date":"2018-03-22T05:31:02.000Z","volume":1000,"label":"X","price":6.4},{"type":"A","date":"2018-03-22T05:32:05.000Z","volume":1000,"label":" ","price":6.4},{"type":"A","date":"2018-03-22T05:32:36.000Z","volume":1000,"label":" ","price":6.4},{"type":"A","date":"2018-03-22T05:34:00.000Z","volume":1000,"label":" ","price":6.4},{"type":"A","date":"2018-03-22T05:35:55.000Z","volume":1000,"label":" ","price":6.4},{"type":"B","date":"2018-03-22T05:35:56.000Z","volume":1000,"label":"Y","price":6.39},{"type":"B","date":"2018-03-22T05:35:56.000Z","volume":1000,"label":" ","price":6.39},{"type":"B","date":"2018-03-22T05:36:00.000Z","volume":3000,"label":"Y","price":6.39},{"type":"B","date":"2018-03-22T05:36:00.000Z","volume":4000,"label":" ","price":6.39},{"type":"U","date":"2018-03-22T05:36:15.000Z","volume":1000,"label":"X","price":6.4},{"type":"A","date":"2018-03-22T05:38:51.000Z","volume":1000,"label":" ","price":6.4},{"type":"A","date":"2018-03-22T05:38:56.000Z","volume":67000,"label":" ","price":6.4},{"type":"A","date":"2018-03-22T05:38:56.000Z","volume":1000,"label":" ","price":6.4},{"type":"A","date":"2018-03-22T05:38:56.000Z","volume":1000,"label":" ","price":6.4},{"type":"A","date":"2018-03-22T05:39:45.000Z","volume":1000,"label":" ","price":6.41},{"type":"A","date":"2018-03-22T05:40:42.000Z","volume":3000,"label":"Y","price":6.41},{"type":"A","date":"2018-03-22T05:40:47.000Z","volume":1000,"label":" ","price":6.41},{"type":"A","date":"2018-03-22T05:40:47.000Z","volume":2000,"label":" ","price":6.41},{"type":"A","date":"2018-03-22T05:40:47.000Z","volume":1000,"label":"Y","price":6.41},{"type":"A","date":"2018-03-22T05:40:47.000Z","volume":1000,"label":" ","price":6.41},{"type":"B","date":"2018-03-22T05:41:08.000Z","volume":1000,"label":" ","price":6.41},{"type":"A","date":"2018-03-22T05:41:11.000Z","volume":1000,"label":" ","price":6.42},{"type":"B","date":"2018-03-22T05:41:23.000Z","volume":23000,"label":" ","price":6.42},{"type":"B","date":"2018-03-22T05:41:23.000Z","volume":1000,"label":" ","price":6.42},{"type":"B","date":"2018-03-22T05:41:24.000Z","volume":24000,"label":" ","price":6.41},{"type":"B","date":"2018-03-22T05:42:12.000Z","volume":6000,"label":" ","price":6.4},{"type":"A","date":"2018-03-22T05:42:13.000Z","volume":1000,"label":" ","price":6.41},{"type":"A","date":"2018-03-22T05:42:36.000Z","volume":39000,"label":" ","price":6.41},{"type":"A","date":"2018-03-22T05:42:36.000Z","volume":39000,"label":" ","price":6.42},{"type":"A","date":"2018-03-22T05:42:36.000Z","volume":1000,"label":" ","price":6.41},{"type":"A","date":"2018-03-22T05:42:36.000Z","volume":1000,"label":" ","price":6.45},{"type":"U","date":"2018-03-22T05:42:40.000Z","volume":10000,"label":" ","price":6.43},{"type":"A","date":"2018-03-22T05:43:06.000Z","volume":1000,"label":" ","price":6.43},{"type":"A","date":"2018-03-22T05:43:48.000Z","volume":1000,"label":"Y","price":6.43},{"type":"A","date":"2018-03-22T05:43:48.000Z","volume":9000,"label":" ","price":6.43},{"type":"B","date":"2018-03-22T05:43:51.000Z","volume":10000,"label":" ","price":6.43},{"type":"U","date":"2018-03-22T05:43:51.000Z","volume":4000,"label":" ","price":6.43},{"type":"A","date":"2018-03-22T05:43:51.000Z","volume":1000,"label":" ","price":6.43},{"type":"U","date":"2018-03-22T05:44:08.000Z","volume":1000,"label":"X","price":6.417},{"type":"U","date":"2018-03-22T05:44:08.000Z","volume":1000,"label":"X","price":6.417},{"type":"A","date":"2018-03-22T05:44:30.000Z","volume":10000,"label":" ","price":6.43},{"type":"A","date":"2018-03-22T05:44:49.000Z","volume":3000,"label":" ","price":6.43},{"type":"B","date":"2018-03-22T05:45:06.000Z","volume":5000,"label":" ","price":6.42},{"type":"B","date":"2018-03-22T05:45:22.000Z","volume":1000,"label":" ","price":6.42},{"type":"B","date":"2018-03-22T05:46:00.000Z","volume":36000,"label":" ","price":6.42},{"type":"B","date":"2018-03-22T05:46:00.000Z","volume":1000,"label":" ","price":6.42},{"type":"B","date":"2018-03-22T05:46:00.000Z","volume":1000,"label":"Y","price":6.41},{"type":"B","date":"2018-03-22T05:46:00.000Z","volume":4000,"label":" ","price":6.41},{"type":"B","date":"2018-03-22T05:46:00.000Z","volume":3000,"label":" ","price":6.41},{"type":"B","date":"2018-03-22T05:46:00.000Z","volume":1000,"label":" ","price":6.41},{"type":"B","date":"2018-03-22T05:50:26.000Z","volume":2000,"label":" ","price":6.41},{"type":"A","date":"2018-03-22T05:55:00.000Z","volume":1000,"label":" ","price":6.42},{"type":"U","date":"2018-03-22T05:56:21.000Z","volume":1000,"label":"X","price":6.413},{"type":"A","date":"2018-03-22T05:56:36.000Z","volume":4000,"label":" ","price":6.42},{"type":"A","date":"2018-03-22T05:56:55.000Z","volume":1000,"label":" ","price":6.42},{"type":"A","date":"2018-03-22T05:58:50.000Z","volume":1000,"label":" ","price":6.42},{"type":"B","date":"2018-03-22T05:59:34.000Z","volume":42000,"label":" ","price":6.41},{"type":"U","date":"2018-03-22T05:59:34.000Z","volume":1000,"label":" ","price":6.41},{"type":"B","date":"2018-03-22T05:59:34.000Z","volume":6000,"label":" ","price":6.4},{"type":"B","date":"2018-03-22T05:59:34.000Z","volume":2000,"label":" ","price":6.39},{"type":"B","date":"2018-03-22T06:00:20.000Z","volume":1000,"label":" ","price":6.39},{"type":"U","date":"2018-03-22T06:01:21.000Z","volume":1000,"label":"X","price":6.409},{"type":"B","date":"2018-03-22T06:01:56.000Z","volume":1000,"label":" ","price":6.39},{"type":"B","date":"2018-03-22T06:03:40.000Z","volume":1000,"label":" ","price":6.39},{"type":"B","date":"2018-03-22T06:06:24.000Z","volume":6000,"label":" ","price":6.39},{"type":"A","date":"2018-03-22T06:08:25.000Z","volume":1000,"label":" ","price":6.4},{"type":"B","date":"2018-03-22T06:10:19.000Z","volume":1000,"label":" ","price":6.39},{"type":"A","date":"2018-03-22T06:10:19.000Z","volume":1000,"label":" ","price":6.4},{"type":"B","date":"2018-03-22T06:10:25.000Z","volume":13000,"label":" ","price":6.39},{"type":"B","date":"2018-03-22T06:11:41.000Z","volume":2000,"label":" ","price":6.39},{"type":"B","date":"2018-03-22T06:12:30.000Z","volume":6000,"label":" ","price":6.39},{"type":"U","date":"2018-03-22T06:13:21.000Z","volume":1000,"label":"X","price":6.39},{"type":"B","date":"2018-03-22T06:14:28.000Z","volume":4000,"label":" ","price":6.39},{"type":"A","date":"2018-03-22T06:16:03.000Z","volume":1000,"label":" ","price":6.4},{"type":"A","date":"2018-03-22T06:16:38.000Z","volume":2000,"label":" ","price":6.4},{"type":"A","date":"2018-03-22T06:16:50.000Z","volume":2000,"label":" ","price":6.4},{"type":"A","date":"2018-03-22T06:18:00.000Z","volume":1000,"label":" ","price":6.4},{"type":"B","date":"2018-03-22T06:18:35.000Z","volume":1000,"label":"Y","price":6.39},{"type":"B","date":"2018-03-22T06:18:35.000Z","volume":6000,"label":" ","price":6.39},{"type":"B","date":"2018-03-22T06:19:44.000Z","volume":2000,"label":" ","price":6.39},{"type":"A","date":"2018-03-22T06:19:55.000Z","volume":1000,"label":" ","price":6.4},{"type":"A","date":"2018-03-22T06:20:06.000Z","volume":4000,"label":" ","price":6.4},{"type":"B","date":"2018-03-22T06:20:29.000Z","volume":3000,"label":" ","price":6.39},{"type":"A","date":"2018-03-22T06:23:39.000Z","volume":4000,"label":" ","price":6.4},{"type":"A","date":"2018-03-22T06:23:45.000Z","volume":1000,"label":" ","price":6.4},{"type":"B","date":"2018-03-22T06:24:01.000Z","volume":6000,"label":" ","price":6.39},{"type":"U","date":"2018-03-22T06:25:20.000Z","volume":1000,"label":"X","price":6.395},{"type":"U","date":"2018-03-22T06:25:20.000Z","volume":1000,"label":"X","price":6.395},{"type":"B","date":"2018-03-22T06:25:27.000Z","volume":2000,"label":" ","price":6.39},{"type":"A","date":"2018-03-22T06:25:54.000Z","volume":1000,"label":" ","price":6.4},{"type":"U","date":"2018-03-22T06:26:57.000Z","volume":1000,"label":"X","price":6.39},{"type":"A","date":"2018-03-22T06:27:35.000Z","volume":1000,"label":" ","price":6.4},{"type":"B","date":"2018-03-22T06:27:40.000Z","volume":2000,"label":" ","price":6.39},{"type":"A","date":"2018-03-22T06:29:17.000Z","volume":2000,"label":" ","price":6.4},{"type":"A","date":"2018-03-22T06:29:26.000Z","volume":2000,"label":" ","price":6.4},{"type":"A","date":"2018-03-22T06:29:30.000Z","volume":1000,"label":" ","price":6.4},{"type":"B","date":"2018-03-22T06:29:44.000Z","volume":1000,"label":"Y","price":6.39},{"type":"B","date":"2018-03-22T06:29:44.000Z","volume":5000,"label":" ","price":6.39},{"type":"B","date":"2018-03-22T06:30:21.000Z","volume":3000,"label":"Y","price":6.39},{"type":"A","date":"2018-03-22T06:31:57.000Z","volume":2000,"label":" ","price":6.4},{"type":"U","date":"2018-03-22T06:33:19.000Z","volume":1000,"label":"X","price":6.395},{"type":"U","date":"2018-03-22T06:33:19.000Z","volume":1000,"label":"X","price":6.395},{"type":"A","date":"2018-03-22T06:33:19.000Z","volume":1000,"label":" ","price":6.4},{"type":"A","date":"2018-03-22T06:35:15.000Z","volume":1000,"label":" ","price":6.4},{"type":"A","date":"2018-03-22T06:35:19.000Z","volume":4000,"label":" ","price":6.4},{"type":"B","date":"2018-03-22T06:35:49.000Z","volume":2000,"label":" ","price":6.39},{"type":"B","date":"2018-03-22T06:35:49.000Z","volume":6000,"label":"Y","price":6.39},{"type":"B","date":"2018-03-22T06:35:49.000Z","volume":1000,"label":" ","price":6.39},{"type":"B","date":"2018-03-22T06:35:49.000Z","volume":62000,"label":" ","price":6.39},{"type":"U","date":"2018-03-22T06:35:49.000Z","volume":1000,"label":" ","price":6.39},{"type":"B","date":"2018-03-22T06:35:49.000Z","volume":4000,"label":"Y","price":6.38},{"type":"B","date":"2018-03-22T06:35:49.000Z","volume":2000,"label":" ","price":6.38},{"type":"B","date":"2018-03-22T06:35:49.000Z","volume":5000,"label":" ","price":6.38},{"type":"A","date":"2018-03-22T06:35:51.000Z","volume":1000,"label":" ","price":6.39},{"type":"B","date":"2018-03-22T06:39:28.000Z","volume":1000,"label":" ","price":6.38},{"type":"U","date":"2018-03-22T06:39:29.000Z","volume":3000,"label":"Y","price":6.38},{"type":"B","date":"2018-03-22T06:39:39.000Z","volume":1000,"label":" ","price":6.37},{"type":"B","date":"2018-03-22T06:40:21.000Z","volume":3000,"label":" ","price":6.37},{"type":"B","date":"2018-03-22T06:40:27.000Z","volume":20000,"label":" ","price":6.37},{"type":"B","date":"2018-03-22T06:40:37.000Z","volume":1000,"label":"Y","price":6.37},{"type":"B","date":"2018-03-22T06:40:37.000Z","volume":4000,"label":" ","price":6.37},{"type":"B","date":"2018-03-22T06:40:37.000Z","volume":28000,"label":" ","price":6.37},{"type":"B","date":"2018-03-22T06:40:37.000Z","volume":4000,"label":" ","price":6.36},{"type":"B","date":"2018-03-22T06:40:38.000Z","volume":5000,"label":" ","price":6.36},{"type":"U","date":"2018-03-22T06:41:51.000Z","volume":2000,"label":"X","price":6.369},{"type":"U","date":"2018-03-22T06:41:51.000Z","volume":1000,"label":"X","price":6.369},{"type":"B","date":"2018-03-22T06:42:02.000Z","volume":1000,"label":" ","price":6.36},{"type":"B","date":"2018-03-22T06:42:37.000Z","volume":1000,"label":" ","price":6.36},{"type":"U","date":"2018-03-22T06:43:19.000Z","volume":1000,"label":"X","price":6.37},{"type":"B","date":"2018-03-22T06:43:30.000Z","volume":1000,"label":" ","price":6.36},{"type":"B","date":"2018-03-22T06:43:48.000Z","volume":1000,"label":" ","price":6.36},{"type":"B","date":"2018-03-22T06:43:56.000Z","volume":4000,"label":" ","price":6.36},{"type":"B","date":"2018-03-22T06:44:19.000Z","volume":1000,"label":" ","price":6.36},{"type":"B","date":"2018-03-22T06:44:54.000Z","volume":1000,"label":" ","price":6.36},{"type":"B","date":"2018-03-22T06:45:26.000Z","volume":2000,"label":" ","price":6.36},{"type":"B","date":"2018-03-22T06:45:32.000Z","volume":1000,"label":" ","price":6.36},{"type":"B","date":"2018-03-22T06:46:07.000Z","volume":1000,"label":" ","price":6.36},{"type":"B","date":"2018-03-22T06:46:45.000Z","volume":2000,"label":"Y","price":6.36},{"type":"B","date":"2018-03-22T06:46:45.000Z","volume":1000,"label":" ","price":6.36},{"type":"U","date":"2018-03-22T06:46:50.000Z","volume":1000,"label":"X","price":6.365},{"type":"B","date":"2018-03-22T06:47:38.000Z","volume":1000,"label":" ","price":6.36},{"type":"A","date":"2018-03-22T06:47:50.000Z","volume":1000,"label":" ","price":6.37},{"type":"A","date":"2018-03-22T06:48:09.000Z","volume":50000,"label":" ","price":6.37},{"type":"B","date":"2018-03-22T06:48:09.000Z","volume":9000,"label":" ","price":6.36},{"type":"B","date":"2018-03-22T06:48:44.000Z","volume":2000,"label":" ","price":6.36},{"type":"A","date":"2018-03-22T06:49:53.000Z","volume":1000,"label":" ","price":6.37},{"type":"U","date":"2018-03-22T06:49:57.000Z","volume":1000,"label":"X","price":6.37},{"type":"A","date":"2018-03-22T06:51:08.000Z","volume":1000,"label":" ","price":6.37},{"type":"A","date":"2018-03-22T06:51:14.000Z","volume":1000,"label":" ","price":6.37},{"type":"A","date":"2018-03-22T06:51:19.000Z","volume":1000,"label":" ","price":6.37},{"type":"A","date":"2018-03-22T06:51:28.000Z","volume":1000,"label":" ","price":6.37},{"type":"U","date":"2018-03-22T06:51:51.000Z","volume":1000,"label":"X","price":6.367},{"type":"U","date":"2018-03-22T06:51:51.000Z","volume":1000,"label":"X","price":6.367},{"type":"A","date":"2018-03-22T06:52:10.000Z","volume":1000,"label":" ","price":6.37},{"type":"A","date":"2018-03-22T06:52:20.000Z","volume":1000,"label":" ","price":6.37},{"type":"A","date":"2018-03-22T06:52:28.000Z","volume":1000,"label":" ","price":6.37},{"type":"A","date":"2018-03-22T06:52:46.000Z","volume":1000,"label":" ","price":6.37},{"type":"B","date":"2018-03-22T06:53:04.000Z","volume":2000,"label":"Y","price":6.36},{"type":"B","date":"2018-03-22T06:53:04.000Z","volume":6000,"label":" ","price":6.36},{"type":"A","date":"2018-03-22T06:53:12.000Z","volume":1000,"label":" ","price":6.37},{"type":"A","date":"2018-03-22T06:53:52.000Z","volume":1000,"label":" ","price":6.37},{"type":"A","date":"2018-03-22T06:54:02.000Z","volume":1000,"label":" ","price":6.37},{"type":"A","date":"2018-03-22T06:54:42.000Z","volume":1000,"label":" ","price":6.37},{"type":"A","date":"2018-03-22T06:55:05.000Z","volume":2000,"label":" ","price":6.37},{"type":"A","date":"2018-03-22T06:55:09.000Z","volume":1000,"label":" ","price":6.37},{"type":"A","date":"2018-03-22T06:55:20.000Z","volume":1000,"label":" ","price":6.37},{"type":"B","date":"2018-03-22T06:55:26.000Z","volume":2000,"label":" ","price":6.36},{"type":"A","date":"2018-03-22T06:55:50.000Z","volume":2000,"label":" ","price":6.37},{"type":"A","date":"2018-03-22T06:55:58.000Z","volume":1000,"label":" ","price":6.37},{"type":"A","date":"2018-03-22T06:56:08.000Z","volume":1000,"label":" ","price":6.37},{"type":"A","date":"2018-03-22T06:56:23.000Z","volume":1000,"label":" ","price":6.37},{"type":"A","date":"2018-03-22T06:56:26.000Z","volume":1000,"label":" ","price":6.37},{"type":"A","date":"2018-03-22T06:56:52.000Z","volume":1000,"label":" ","price":6.37},{"type":"A","date":"2018-03-22T06:56:52.000Z","volume":76000,"label":" ","price":6.37},{"type":"U","date":"2018-03-22T06:56:52.000Z","volume":2000,"label":" ","price":6.37},{"type":"U","date":"2018-03-22T06:56:52.000Z","volume":1000,"label":" ","price":6.37},{"type":"A","date":"2018-03-22T06:56:56.000Z","volume":1000,"label":" ","price":6.38},{"type":"A","date":"2018-03-22T06:57:01.000Z","volume":2000,"label":" ","price":6.38},{"type":"A","date":"2018-03-22T06:57:21.000Z","volume":2000,"label":" ","price":6.38},{"type":"A","date":"2018-03-22T06:57:36.000Z","volume":1000,"label":" ","price":6.38},{"type":"A","date":"2018-03-22T06:57:50.000Z","volume":1000,"label":" ","price":6.38},{"type":"A","date":"2018-03-22T06:58:00.000Z","volume":1000,"label":" ","price":6.38},{"type":"A","date":"2018-03-22T06:58:22.000Z","volume":1000,"label":" ","price":6.38},{"type":"B","date":"2018-03-22T06:58:22.000Z","volume":6000,"label":" ","price":6.37},{"type":"A","date":"2018-03-22T06:58:39.000Z","volume":2000,"label":" ","price":6.38},{"type":"A","date":"2018-03-22T06:59:20.000Z","volume":2000,"label":" ","price":6.38},{"type":"U","date":"2018-03-22T06:59:33.000Z","volume":1000,"label":"X","price":6.37},{"type":"A","date":"2018-03-22T06:59:54.000Z","volume":1000,"label":" ","price":6.38},{"type":"B","date":"2018-03-22T07:00:22.000Z","volume":2000,"label":" ","price":6.37},{"type":"A","date":"2018-03-22T07:00:25.000Z","volume":3000,"label":" ","price":6.38},{"type":"A","date":"2018-03-22T07:00:29.000Z","volume":2000,"label":" ","price":6.38},{"type":"A","date":"2018-03-22T07:00:32.000Z","volume":3000,"label":" ","price":6.38},{"type":"A","date":"2018-03-22T07:01:39.000Z","volume":2000,"label":" ","price":6.38},{"type":"A","date":"2018-03-22T07:01:39.000Z","volume":1000,"label":"Y","price":6.38},{"type":"A","date":"2018-03-22T07:01:39.000Z","volume":3000,"label":" ","price":6.38},{"type":"A","date":"2018-03-22T07:01:46.000Z","volume":2000,"label":" ","price":6.38},{"type":"A","date":"2018-03-22T07:01:46.000Z","volume":3000,"label":" ","price":6.38},{"type":"A","date":"2018-03-22T07:01:46.000Z","volume":3000,"label":" ","price":6.38},{"type":"A","date":"2018-03-22T07:01:48.000Z","volume":1000,"label":" ","price":6.38},{"type":"A","date":"2018-03-22T07:02:41.000Z","volume":1000,"label":" ","price":6.38},{"type":"A","date":"2018-03-22T07:03:46.000Z","volume":1000,"label":" ","price":6.38},{"type":"A","date":"2018-03-22T07:03:50.000Z","volume":3000,"label":" ","price":6.38},{"type":"A","date":"2018-03-22T07:03:50.000Z","volume":1000,"label":"Y","price":6.38},{"type":"A","date":"2018-03-22T07:03:50.000Z","volume":3000,"label":" ","price":6.38},{"type":"A","date":"2018-03-22T07:03:50.000Z","volume":1000,"label":"Y","price":6.38},{"type":"A","date":"2018-03-22T07:03:50.000Z","volume":1000,"label":" ","price":6.38},{"type":"A","date":"2018-03-22T07:04:10.000Z","volume":1000,"label":" ","price":6.39},{"type":"A","date":"2018-03-22T07:04:42.000Z","volume":1000,"label":" ","price":6.39},{"type":"A","date":"2018-03-22T07:04:59.000Z","volume":1000,"label":" ","price":6.39},{"type":"A","date":"2018-03-22T07:05:18.000Z","volume":1000,"label":" ","price":6.39},{"type":"B","date":"2018-03-22T07:05:25.000Z","volume":1000,"label":" ","price":6.37},{"type":"B","date":"2018-03-22T07:05:37.000Z","volume":6000,"label":" ","price":6.37},{"type":"B","date":"2018-03-22T07:06:12.000Z","volume":40000,"label":" ","price":6.38},{"type":"A","date":"2018-03-22T07:06:12.000Z","volume":1000,"label":" ","price":6.38},{"type":"A","date":"2018-03-22T07:06:12.000Z","volume":1000,"label":" ","price":6.38},{"type":"A","date":"2018-03-22T07:06:12.000Z","volume":1000,"label":" ","price":6.38},{"type":"A","date":"2018-03-22T07:06:12.000Z","volume":1000,"label":" ","price":6.38},{"type":"B","date":"2018-03-22T07:06:13.000Z","volume":7000,"label":" ","price":6.37},{"type":"B","date":"2018-03-22T07:06:13.000Z","volume":33000,"label":" ","price":6.37},{"type":"B","date":"2018-03-22T07:06:13.000Z","volume":3000,"label":" ","price":6.37},{"type":"B","date":"2018-03-22T07:06:13.000Z","volume":7000,"label":" ","price":6.36},{"type":"A","date":"2018-03-22T07:07:01.000Z","volume":2000,"label":" ","price":6.37},{"type":"U","date":"2018-03-22T07:07:07.000Z","volume":1000,"label":"X","price":6.365},{"type":"U","date":"2018-03-22T07:07:31.000Z","volume":1000,"label":"X","price":6.37},{"type":"A","date":"2018-03-22T07:07:32.000Z","volume":2000,"label":" ","price":6.37},{"type":"U","date":"2018-03-22T07:08:09.000Z","volume":1000,"label":"X","price":6.365},{"type":"A","date":"2018-03-22T07:09:19.000Z","volume":1000,"label":" ","price":6.37},{"type":"B","date":"2018-03-22T07:10:20.000Z","volume":2000,"label":" ","price":6.36},{"type":"U","date":"2018-03-22T07:10:21.000Z","volume":1000,"label":"X","price":6.375},{"type":"A","date":"2018-03-22T07:11:35.000Z","volume":9000,"label":" ","price":6.37},{"type":"A","date":"2018-03-22T07:11:35.000Z","volume":1000,"label":" ","price":6.37},{"type":"A","date":"2018-03-22T07:11:35.000Z","volume":1000,"label":" ","price":6.37},{"type":"A","date":"2018-03-22T07:14:37.000Z","volume":3000,"label":" ","price":6.38},{"type":"A","date":"2018-03-22T07:15:02.000Z","volume":1000,"label":" ","price":6.38},{"type":"A","date":"2018-03-22T07:15:04.000Z","volume":2000,"label":" ","price":6.38},{"type":"A","date":"2018-03-22T07:15:10.000Z","volume":1000,"label":" ","price":6.38},{"type":"A","date":"2018-03-22T07:15:12.000Z","volume":1000,"label":" ","price":6.38},{"type":"A","date":"2018-03-22T07:15:19.000Z","volume":2000,"label":" ","price":6.38},{"type":"A","date":"2018-03-22T07:15:19.000Z","volume":1000,"label":" ","price":6.38},{"type":"A","date":"2018-03-22T07:15:19.000Z","volume":5000,"label":" ","price":6.38},{"type":"B","date":"2018-03-22T07:15:49.000Z","volume":1000,"label":" ","price":6.38},{"type":"U","date":"2018-03-22T07:16:04.000Z","volume":1000,"label":"X","price":6.38},{"type":"B","date":"2018-03-22T07:16:31.000Z","volume":26000,"label":" ","price":6.38},{"type":"U","date":"2018-03-22T07:16:31.000Z","volume":1000,"label":" ","price":6.38},{"type":"U","date":"2018-03-22T07:16:31.000Z","volume":2000,"label":" ","price":6.38},{"type":"U","date":"2018-03-22T07:16:31.000Z","volume":1000,"label":" ","price":6.38},{"type":"U","date":"2018-03-22T07:16:31.000Z","volume":1000,"label":" ","price":6.38},{"type":"U","date":"2018-03-22T07:19:57.000Z","volume":1000,"label":"X","price":6.375},{"type":"B","date":"2018-03-22T07:20:24.000Z","volume":4000,"label":" ","price":6.37},{"type":"U","date":"2018-03-22T07:21:25.000Z","volume":1000,"label":"X","price":6.375},{"type":"A","date":"2018-03-22T07:21:34.000Z","volume":1000,"label":" ","price":6.38},{"type":"A","date":"2018-03-22T07:22:31.000Z","volume":1000,"label":" ","price":6.38},{"type":"A","date":"2018-03-22T07:23:08.000Z","volume":1000,"label":" ","price":6.38},{"type":"A","date":"2018-03-22T07:23:10.000Z","volume":5000,"label":" ","price":6.38},{"type":"A","date":"2018-03-22T07:23:17.000Z","volume":4000,"label":" ","price":6.38},{"type":"A","date":"2018-03-22T07:23:34.000Z","volume":1000,"label":" ","price":6.38},{"type":"A","date":"2018-03-22T07:23:35.000Z","volume":1000,"label":" ","price":6.38},{"type":"A","date":"2018-03-22T07:23:46.000Z","volume":1000,"label":" ","price":6.38},{"type":"A","date":"2018-03-22T07:24:00.000Z","volume":1000,"label":" ","price":6.38},{"type":"A","date":"2018-03-22T07:24:02.000Z","volume":1000,"label":" ","price":6.38},{"type":"A","date":"2018-03-22T07:24:04.000Z","volume":2000,"label":" ","price":6.38},{"type":"A","date":"2018-03-22T07:24:24.000Z","volume":1000,"label":" ","price":6.38},{"type":"A","date":"2018-03-22T07:24:43.000Z","volume":1000,"label":" ","price":6.38},{"type":"A","date":"2018-03-22T07:24:48.000Z","volume":1000,"label":" ","price":6.38},{"type":"A","date":"2018-03-22T07:24:53.000Z","volume":1000,"label":"Y","price":6.38},{"type":"A","date":"2018-03-22T07:24:53.000Z","volume":2000,"label":" ","price":6.38},{"type":"A","date":"2018-03-22T07:25:00.000Z","volume":2000,"label":" ","price":6.38},{"type":"A","date":"2018-03-22T07:25:03.000Z","volume":1000,"label":"Y","price":6.38},{"type":"A","date":"2018-03-22T07:25:03.000Z","volume":3000,"label":" ","price":6.38},{"type":"A","date":"2018-03-22T07:25:07.000Z","volume":2000,"label":"Y","price":6.38},{"type":"A","date":"2018-03-22T07:25:07.000Z","volume":1000,"label":" ","price":6.38},{"type":"A","date":"2018-03-22T07:25:07.000Z","volume":4000,"label":" ","price":6.38},{"type":"A","date":"2018-03-22T07:25:08.000Z","volume":1000,"label":" ","price":6.38},{"type":"A","date":"2018-03-22T07:25:10.000Z","volume":1000,"label":" ","price":6.38},{"type":"A","date":"2018-03-22T07:25:18.000Z","volume":4000,"label":" ","price":6.38},{"type":"A","date":"2018-03-22T07:25:18.000Z","volume":1000,"label":" ","price":6.38},{"type":"A","date":"2018-03-22T07:25:18.000Z","volume":6000,"label":" ","price":6.38},{"type":"A","date":"2018-03-22T07:25:18.000Z","volume":3000,"label":" ","price":6.38},{"type":"A","date":"2018-03-22T07:25:19.000Z","volume":1000,"label":" ","price":6.38},{"type":"B","date":"2018-03-22T07:25:28.000Z","volume":5000,"label":" ","price":6.38},{"type":"B","date":"2018-03-22T07:25:29.000Z","volume":9000,"label":" ","price":6.38},{"type":"B","date":"2018-03-22T07:26:31.000Z","volume":54000,"label":" ","price":6.38},{"type":"B","date":"2018-03-22T07:26:31.000Z","volume":9000,"label":" ","price":6.38},{"type":"B","date":"2018-03-22T07:26:31.000Z","volume":2000,"label":" ","price":6.38},{"type":"U","date":"2018-03-22T07:26:31.000Z","volume":1000,"label":" ","price":6.38},{"type":"B","date":"2018-03-22T07:26:31.000Z","volume":4000,"label":"Y","price":6.37},{"type":"B","date":"2018-03-22T07:26:31.000Z","volume":5000,"label":" ","price":6.37},{"type":"B","date":"2018-03-22T07:28:33.000Z","volume":28000,"label":" ","price":6.38},{"type":"U","date":"2018-03-22T07:28:33.000Z","volume":1000,"label":" ","price":6.38},{"type":"B","date":"2018-03-22T07:29:32.000Z","volume":8000,"label":" ","price":6.38},{"type":"B","date":"2018-03-22T07:29:32.000Z","volume":1000,"label":" ","price":6.38},{"type":"B","date":"2018-03-22T07:29:32.000Z","volume":1000,"label":" ","price":6.38},{"type":"B","date":"2018-03-22T07:29:32.000Z","volume":8000,"label":" ","price":6.37},{"type":"U","date":"2018-03-22T07:30:28.000Z","volume":1000,"label":"X","price":6.379},{"type":"B","date":"2018-03-22T07:30:29.000Z","volume":2000,"label":" ","price":6.37},{"type":"A","date":"2018-03-22T07:33:35.000Z","volume":1000,"label":" ","price":6.38},{"type":"B","date":"2018-03-22T07:33:35.000Z","volume":1000,"label":"Y","price":6.37},{"type":"B","date":"2018-03-22T07:33:35.000Z","volume":6000,"label":" ","price":6.37},{"type":"B","date":"2018-03-22T07:34:10.000Z","volume":42000,"label":" ","price":6.37},{"type":"B","date":"2018-03-22T07:34:10.000Z","volume":1000,"label":" ","price":6.37},{"type":"B","date":"2018-03-22T07:34:10.000Z","volume":2000,"label":" ","price":6.37},{"type":"B","date":"2018-03-22T07:34:10.000Z","volume":6000,"label":" ","price":6.36},{"type":"A","date":"2018-03-22T07:34:10.000Z","volume":1000,"label":" ","price":6.38},{"type":"B","date":"2018-03-22T07:35:26.000Z","volume":1000,"label":" ","price":6.36},{"type":"A","date":"2018-03-22T07:35:37.000Z","volume":1000,"label":" ","price":6.38},{"type":"A","date":"2018-03-22T07:36:21.000Z","volume":1000,"label":" ","price":6.38},{"type":"B","date":"2018-03-22T07:36:36.000Z","volume":2000,"label":" ","price":6.36},{"type":"A","date":"2018-03-22T07:36:58.000Z","volume":1000,"label":" ","price":6.37},{"type":"A","date":"2018-03-22T07:36:58.000Z","volume":4000,"label":" ","price":6.37},{"type":"A","date":"2018-03-22T07:36:58.000Z","volume":10000,"label":" ","price":6.37},{"type":"A","date":"2018-03-22T07:36:58.000Z","volume":2000,"label":" ","price":6.37},{"type":"A","date":"2018-03-22T07:36:59.000Z","volume":1000,"label":" ","price":6.37},{"type":"A","date":"2018-03-22T07:37:29.000Z","volume":1000,"label":" ","price":6.37},{"type":"A","date":"2018-03-22T07:37:58.000Z","volume":1000,"label":" ","price":6.37},{"type":"U","date":"2018-03-22T07:38:23.000Z","volume":1000,"label":"X","price":6.365},{"type":"A","date":"2018-03-22T07:39:38.000Z","volume":1000,"label":" ","price":6.37},{"type":"A","date":"2018-03-22T07:39:43.000Z","volume":4000,"label":" ","price":6.37},{"type":"A","date":"2018-03-22T07:39:45.000Z","volume":1000,"label":" ","price":6.37},{"type":"A","date":"2018-03-22T07:39:51.000Z","volume":1000,"label":"Y","price":6.37},{"type":"A","date":"2018-03-22T07:39:51.000Z","volume":3000,"label":" ","price":6.37},{"type":"A","date":"2018-03-22T07:39:56.000Z","volume":1000,"label":" ","price":6.37},{"type":"A","date":"2018-03-22T07:39:58.000Z","volume":4000,"label":" ","price":6.37},{"type":"A","date":"2018-03-22T07:40:16.000Z","volume":1000,"label":" ","price":6.37},{"type":"A","date":"2018-03-22T07:40:16.000Z","volume":5000,"label":" ","price":6.37},{"type":"A","date":"2018-03-22T07:40:16.000Z","volume":2000,"label":" ","price":6.37},{"type":"A","date":"2018-03-22T07:40:27.000Z","volume":1000,"label":" ","price":6.37},{"type":"B","date":"2018-03-22T07:40:27.000Z","volume":8000,"label":" ","price":6.36},{"type":"A","date":"2018-03-22T07:40:28.000Z","volume":1000,"label":" ","price":6.37},{"type":"A","date":"2018-03-22T07:41:27.000Z","volume":1000,"label":" ","price":6.37},{"type":"A","date":"2018-03-22T07:41:27.000Z","volume":3000,"label":" ","price":6.37},{"type":"A","date":"2018-03-22T07:42:31.000Z","volume":3000,"label":" ","price":6.37},{"type":"A","date":"2018-03-22T07:42:31.000Z","volume":1000,"label":" ","price":6.37},{"type":"A","date":"2018-03-22T07:42:31.000Z","volume":1000,"label":" ","price":6.37},{"type":"A","date":"2018-03-22T07:42:37.000Z","volume":2000,"label":"Y","price":6.37},{"type":"A","date":"2018-03-22T07:42:37.000Z","volume":1000,"label":" ","price":6.37},{"type":"A","date":"2018-03-22T07:42:37.000Z","volume":9000,"label":" ","price":6.37},{"type":"U","date":"2018-03-22T07:42:37.000Z","volume":2000,"label":" ","price":6.37},{"type":"U","date":"2018-03-22T07:42:37.000Z","volume":3000,"label":" ","price":6.37},{"type":"A","date":"2018-03-22T07:42:38.000Z","volume":1000,"label":" ","price":6.38},{"type":"A","date":"2018-03-22T07:43:58.000Z","volume":1000,"label":" ","price":6.38},{"type":"A","date":"2018-03-22T07:44:16.000Z","volume":1000,"label":" ","price":6.38},{"type":"A","date":"2018-03-22T07:44:35.000Z","volume":1000,"label":" ","price":6.38},{"type":"A","date":"2018-03-22T07:44:54.000Z","volume":1000,"label":" ","price":6.38},{"type":"B","date":"2018-03-22T07:45:01.000Z","volume":50000,"label":" ","price":6.36},{"type":"B","date":"2018-03-22T07:45:01.000Z","volume":61000,"label":" ","price":6.36},{"type":"B","date":"2018-03-22T07:45:01.000Z","volume":8000,"label":" ","price":6.35},{"type":"B","date":"2018-03-22T07:45:01.000Z","volume":1000,"label":" ","price":6.36},{"type":"B","date":"2018-03-22T07:45:01.000Z","volume":8000,"label":"Y","price":6.34},{"type":"B","date":"2018-03-22T07:45:01.000Z","volume":3000,"label":" ","price":6.34},{"type":"B","date":"2018-03-22T07:45:01.000Z","volume":1000,"label":" ","price":6.34},{"type":"B","date":"2018-03-22T07:45:10.000Z","volume":12000,"label":" ","price":6.33},{"type":"A","date":"2018-03-22T07:45:20.000Z","volume":1000,"label":"Y","price":6.36},{"type":"A","date":"2018-03-22T07:45:20.000Z","volume":5000,"label":" ","price":6.36},{"type":"B","date":"2018-03-22T07:45:25.000Z","volume":3000,"label":" ","price":6.33},{"type":"B","date":"2018-03-22T07:45:36.000Z","volume":1000,"label":" ","price":6.34},{"type":"B","date":"2018-03-22T07:45:40.000Z","volume":1000,"label":" ","price":6.35},{"type":"A","date":"2018-03-22T07:46:19.000Z","volume":1000,"label":" ","price":6.36},{"type":"U","date":"2018-03-22T07:46:21.000Z","volume":1000,"label":"X","price":6.36},{"type":"B","date":"2018-03-22T07:47:04.000Z","volume":1000,"label":" ","price":6.35},{"type":"B","date":"2018-03-22T07:47:21.000Z","volume":1000,"label":" ","price":6.35},{"type":"A","date":"2018-03-22T07:47:42.000Z","volume":1000,"label":" ","price":6.36},{"type":"A","date":"2018-03-22T07:47:56.000Z","volume":1000,"label":" ","price":6.36},{"type":"A","date":"2018-03-22T07:48:14.000Z","volume":1000,"label":" ","price":6.36},{"type":"U","date":"2018-03-22T07:48:18.000Z","volume":1000,"label":"X","price":6.355},{"type":"B","date":"2018-03-22T07:48:46.000Z","volume":1000,"label":"Y","price":6.35},{"type":"B","date":"2018-03-22T07:48:46.000Z","volume":1000,"label":" ","price":6.35},{"type":"A","date":"2018-03-22T07:48:49.000Z","volume":3000,"label":" ","price":6.36},{"type":"A","date":"2018-03-22T07:48:50.000Z","volume":1000,"label":" ","price":6.36},{"type":"A","date":"2018-03-22T07:48:54.000Z","volume":1000,"label":" ","price":6.36},{"type":"A","date":"2018-03-22T07:48:54.000Z","volume":5000,"label":" ","price":6.36},{"type":"A","date":"2018-03-22T07:48:54.000Z","volume":5000,"label":" ","price":6.36},{"type":"A","date":"2018-03-22T07:48:55.000Z","volume":2000,"label":" ","price":6.36},{"type":"A","date":"2018-03-22T07:48:57.000Z","volume":3000,"label":" ","price":6.36},{"type":"A","date":"2018-03-22T07:48:57.000Z","volume":3000,"label":" ","price":6.36},{"type":"B","date":"2018-03-22T07:49:08.000Z","volume":33000,"label":" ","price":6.36},{"type":"A","date":"2018-03-22T07:49:09.000Z","volume":1000,"label":" ","price":6.37},{"type":"B","date":"2018-03-22T07:50:08.000Z","volume":10000,"label":" ","price":6.35},{"type":"B","date":"2018-03-22T07:50:08.000Z","volume":1000,"label":" ","price":6.35},{"type":"A","date":"2018-03-22T07:50:09.000Z","volume":1000,"label":" ","price":6.37},{"type":"B","date":"2018-03-22T07:50:14.000Z","volume":8000,"label":" ","price":6.35},{"type":"B","date":"2018-03-22T07:50:14.000Z","volume":7000,"label":" ","price":6.35},{"type":"B","date":"2018-03-22T07:50:25.000Z","volume":1000,"label":" ","price":6.34},{"type":"B","date":"2018-03-22T07:50:25.000Z","volume":6000,"label":" ","price":6.34},{"type":"B","date":"2018-03-22T07:50:25.000Z","volume":6000,"label":" ","price":6.33},{"type":"B","date":"2018-03-22T07:50:45.000Z","volume":1000,"label":" ","price":6.34},{"type":"B","date":"2018-03-22T07:51:12.000Z","volume":2000,"label":" ","price":6.34},{"type":"B","date":"2018-03-22T07:51:44.000Z","volume":1000,"label":" ","price":6.34},{"type":"B","date":"2018-03-22T07:51:53.000Z","volume":15000,"label":" ","price":6.34},{"type":"B","date":"2018-03-22T07:52:01.000Z","volume":1000,"label":" ","price":6.34},{"type":"B","date":"2018-03-22T07:52:22.000Z","volume":2000,"label":" ","price":6.34},{"type":"A","date":"2018-03-22T07:52:54.000Z","volume":1000,"label":" ","price":6.35},{"type":"B","date":"2018-03-22T07:52:56.000Z","volume":43000,"label":" ","price":6.34},{"type":"A","date":"2018-03-22T07:52:57.000Z","volume":1000,"label":" ","price":6.34},{"type":"A","date":"2018-03-22T07:53:16.000Z","volume":19000,"label":" ","price":6.34},{"type":"A","date":"2018-03-22T07:53:17.000Z","volume":1000,"label":" ","price":6.35},{"type":"B","date":"2018-03-22T07:53:35.000Z","volume":15000,"label":" ","price":6.33},{"type":"U","date":"2018-03-22T07:54:08.000Z","volume":1000,"label":" ","price":6.34},{"type":"B","date":"2018-03-22T07:54:11.000Z","volume":1000,"label":"Y","price":6.34},{"type":"B","date":"2018-03-22T07:54:11.000Z","volume":2000,"label":" ","price":6.34},{"type":"A","date":"2018-03-22T07:54:12.000Z","volume":1000,"label":" ","price":6.35},{"type":"B","date":"2018-03-22T07:54:46.000Z","volume":2000,"label":"Y","price":6.34},{"type":"B","date":"2018-03-22T07:55:16.000Z","volume":2000,"label":" ","price":6.34},{"type":"B","date":"2018-03-22T07:55:23.000Z","volume":3000,"label":"Y","price":6.34},{"type":"B","date":"2018-03-22T07:55:55.000Z","volume":2000,"label":" ","price":6.34},{"type":"A","date":"2018-03-22T07:56:10.000Z","volume":1000,"label":" ","price":6.35},{"type":"A","date":"2018-03-22T07:56:20.000Z","volume":1000,"label":" ","price":6.35},{"type":"B","date":"2018-03-22T07:56:20.000Z","volume":2000,"label":" ","price":6.34},{"type":"A","date":"2018-03-22T07:56:30.000Z","volume":2000,"label":" ","price":6.35},{"type":"A","date":"2018-03-22T07:56:40.000Z","volume":1000,"label":" ","price":6.35},{"type":"A","date":"2018-03-22T07:56:41.000Z","volume":1000,"label":" ","price":6.35},{"type":"B","date":"2018-03-22T07:56:42.000Z","volume":2000,"label":" ","price":6.34},{"type":"A","date":"2018-03-22T07:57:00.000Z","volume":1000,"label":" ","price":6.35},{"type":"B","date":"2018-03-22T07:57:05.000Z","volume":1000,"label":"Y","price":6.34},{"type":"A","date":"2018-03-22T07:57:10.000Z","volume":2000,"label":" ","price":6.35},{"type":"A","date":"2018-03-22T07:57:20.000Z","volume":1000,"label":" ","price":6.35},{"type":"U","date":"2018-03-22T07:57:21.000Z","volume":1000,"label":"X","price":6.346},{"type":"B","date":"2018-03-22T07:57:26.000Z","volume":1000,"label":" ","price":6.34},{"type":"B","date":"2018-03-22T07:57:26.000Z","volume":2000,"label":"Y","price":6.34},{"type":"A","date":"2018-03-22T07:57:30.000Z","volume":1000,"label":" ","price":6.35},{"type":"A","date":"2018-03-22T07:57:33.000Z","volume":1000,"label":" ","price":6.35},{"type":"A","date":"2018-03-22T07:57:40.000Z","volume":1000,"label":" ","price":6.35},{"type":"A","date":"2018-03-22T07:57:49.000Z","volume":1000,"label":" ","price":6.35},{"type":"A","date":"2018-03-22T07:57:50.000Z","volume":1000,"label":" ","price":6.35},{"type":"B","date":"2018-03-22T07:57:56.000Z","volume":2000,"label":"Y","price":6.34},{"type":"A","date":"2018-03-22T07:57:56.000Z","volume":2000,"label":" ","price":6.35},{"type":"A","date":"2018-03-22T07:58:00.000Z","volume":1000,"label":" ","price":6.35},{"type":"A","date":"2018-03-22T07:58:12.000Z","volume":2000,"label":" ","price":6.35},{"type":"A","date":"2018-03-22T07:58:24.000Z","volume":1000,"label":" ","price":6.35},{"type":"B","date":"2018-03-22T07:58:24.000Z","volume":2000,"label":" ","price":6.34},{"type":"A","date":"2018-03-22T07:58:24.000Z","volume":2000,"label":" ","price":6.35},{"type":"A","date":"2018-03-22T07:58:24.000Z","volume":1000,"label":" ","price":6.35},{"type":"B","date":"2018-03-22T07:58:42.000Z","volume":1000,"label":" ","price":6.34},{"type":"B","date":"2018-03-22T07:58:51.000Z","volume":1000,"label":" ","price":6.34},{"type":"A","date":"2018-03-22T07:58:51.000Z","volume":1000,"label":" ","price":6.35},{"type":"A","date":"2018-03-22T07:58:51.000Z","volume":2000,"label":" ","price":6.35},{"type":"A","date":"2018-03-22T07:58:57.000Z","volume":1000,"label":" ","price":6.35},{"type":"B","date":"2018-03-22T07:58:57.000Z","volume":1000,"label":" ","price":6.34},{"type":"A","date":"2018-03-22T07:59:00.000Z","volume":1000,"label":"Y","price":6.35},{"type":"A","date":"2018-03-22T07:59:00.000Z","volume":1000,"label":" ","price":6.35},{"type":"A","date":"2018-03-22T07:59:01.000Z","volume":26000,"label":" ","price":6.35},{"type":"A","date":"2018-03-22T07:59:01.000Z","volume":1000,"label":" ","price":6.36},{"type":"A","date":"2018-03-22T07:59:03.000Z","volume":5000,"label":"Y","price":6.36},{"type":"A","date":"2018-03-22T07:59:03.000Z","volume":4000,"label":"Y","price":6.36},{"type":"B","date":"2018-03-22T07:59:04.000Z","volume":1000,"label":" ","price":6.34},{"type":"B","date":"2018-03-22T07:59:04.000Z","volume":1000,"label":" ","price":6.34},{"type":"B","date":"2018-03-22T07:59:07.000Z","volume":1000,"label":" ","price":6.34},{"type":"U","date":"2018-03-22T07:59:08.000Z","volume":5000,"label":" ","price":6.35},{"type":"A","date":"2018-03-22T07:59:11.000Z","volume":2000,"label":" ","price":6.35},{"type":"A","date":"2018-03-22T07:59:15.000Z","volume":4000,"label":" ","price":6.35},{"type":"A","date":"2018-03-22T07:59:16.000Z","volume":1000,"label":" ","price":6.35},{"type":"A","date":"2018-03-22T07:59:21.000Z","volume":2000,"label":" ","price":6.35},{"type":"U","date":"2018-03-22T07:59:21.000Z","volume":1000,"label":"X","price":6.345},{"type":"B","date":"2018-03-22T07:59:27.000Z","volume":4000,"label":"Y","price":6.34},{"type":"B","date":"2018-03-22T07:59:27.000Z","volume":6000,"label":" ","price":6.34},{"type":"B","date":"2018-03-22T07:59:27.000Z","volume":1000,"label":" ","price":6.34},{"type":"B","date":"2018-03-22T07:59:28.000Z","volume":14000,"label":" ","price":6.34},{"type":"B","date":"2018-03-22T07:59:28.000Z","volume":9000,"label":" ","price":6.34},{"type":"B","date":"2018-03-22T07:59:30.000Z","volume":1000,"label":" ","price":6.33},{"type":"B","date":"2018-03-22T07:59:39.000Z","volume":5000,"label":" ","price":6.33},{"type":"B","date":"2018-03-22T07:59:53.000Z","volume":1000,"label":" ","price":6.33},{"type":"A","date":"2018-03-22T07:59:55.000Z","volume":2000,"label":" ","price":6.35},{"type":"U","date":"2018-03-22T08:08:15.000Z","volume":1160000,"label":"U","price":6.35}]