[{"type":"U","date":"2018-03-29T01:20:00.000Z","volume":1000,"label":"U","price":5.17},{"type":"B","date":"2018-03-29T01:31:22.000Z","volume":2000,"label":" ","price":5.17},{"type":"B","date":"2018-03-29T01:32:00.000Z","volume":1000,"label":" ","price":5.17},{"type":"B","date":"2018-03-29T01:33:30.000Z","volume":2000,"label":" ","price":5.16},{"type":"B","date":"2018-03-29T01:33:30.000Z","volume":18000,"label":" ","price":5.15},{"type":"B","date":"2018-03-29T01:33:30.000Z","volume":1000,"label":" ","price":5.15},{"type":"B","date":"2018-03-29T01:33:31.000Z","volume":1000,"label":" ","price":5.14},{"type":"B","date":"2018-03-29T01:35:15.000Z","volume":6000,"label":" ","price":5.15},{"type":"B","date":"2018-03-29T01:36:32.000Z","volume":1000,"label":" ","price":5.15},{"type":"B","date":"2018-03-29T01:36:34.000Z","volume":1000,"label":" ","price":5.15},{"type":"B","date":"2018-03-29T01:37:41.000Z","volume":5000,"label":" ","price":5.14},{"type":"B","date":"2018-03-29T01:42:12.000Z","volume":1000,"label":" ","price":5.14},{"type":"B","date":"2018-03-29T01:43:31.000Z","volume":23000,"label":" ","price":5.14},{"type":"B","date":"2018-03-29T01:43:31.000Z","volume":1000,"label":" ","price":5.14},{"type":"B","date":"2018-03-29T01:43:31.000Z","volume":1000,"label":" ","price":5.13},{"type":"B","date":"2018-03-29T01:43:31.000Z","volume":10000,"label":" ","price":5.13},{"type":"U","date":"2018-03-29T01:43:31.000Z","volume":1000,"label":" ","price":5.15},{"type":"A","date":"2018-03-29T01:43:32.000Z","volume":1000,"label":" ","price":5.15},{"type":"B","date":"2018-03-29T01:43:33.000Z","volume":1000,"label":" ","price":5.12},{"type":"B","date":"2018-03-29T01:44:06.000Z","volume":1000,"label":" ","price":5.12},{"type":"B","date":"2018-03-29T01:44:08.000Z","volume":2000,"label":" ","price":5.12},{"type":"B","date":"2018-03-29T01:44:32.000Z","volume":2000,"label":" ","price":5.12},{"type":"A","date":"2018-03-29T01:44:33.000Z","volume":1000,"label":" ","price":5.14},{"type":"B","date":"2018-03-29T01:45:21.000Z","volume":4000,"label":" ","price":5.12},{"type":"B","date":"2018-03-29T01:45:28.000Z","volume":1000,"label":" ","price":5.12},{"type":"B","date":"2018-03-29T01:46:14.000Z","volume":5000,"label":" ","price":5.12},{"type":"A","date":"2018-03-29T01:46:14.000Z","volume":1000,"label":" ","price":5.13},{"type":"B","date":"2018-03-29T01:46:15.000Z","volume":1000,"label":" ","price":5.11},{"type":"B","date":"2018-03-29T01:47:09.000Z","volume":1000,"label":" ","price":5.11},{"type":"B","date":"2018-03-29T01:47:10.000Z","volume":7000,"label":" ","price":5.11},{"type":"B","date":"2018-03-29T01:47:10.000Z","volume":2000,"label":" ","price":5.11},{"type":"A","date":"2018-03-29T01:47:20.000Z","volume":12000,"label":" ","price":5.11},{"type":"A","date":"2018-03-29T01:47:21.000Z","volume":2000,"label":"Y","price":5.12},{"type":"B","date":"2018-03-29T01:47:47.000Z","volume":31000,"label":" ","price":5.1},{"type":"B","date":"2018-03-29T01:47:47.000Z","volume":1000,"label":" ","price":5.09},{"type":"A","date":"2018-03-29T01:47:54.000Z","volume":18000,"label":"Y","price":5.1},{"type":"A","date":"2018-03-29T01:47:54.000Z","volume":23000,"label":" ","price":5.1},{"type":"A","date":"2018-03-29T01:47:54.000Z","volume":11000,"label":" ","price":5.1},{"type":"A","date":"2018-03-29T01:47:54.000Z","volume":9000,"label":" ","price":5.1},{"type":"A","date":"2018-03-29T01:47:56.000Z","volume":3000,"label":" ","price":5.12},{"type":"U","date":"2018-03-29T01:47:59.000Z","volume":5000,"label":"X","price":5.095},{"type":"A","date":"2018-03-29T01:48:56.000Z","volume":19000,"label":" ","price":5.12},{"type":"A","date":"2018-03-29T01:48:59.000Z","volume":4000,"label":" ","price":5.12},{"type":"A","date":"2018-03-29T01:49:00.000Z","volume":1000,"label":" ","price":5.12},{"type":"A","date":"2018-03-29T01:49:02.000Z","volume":3000,"label":" ","price":5.12},{"type":"B","date":"2018-03-29T01:51:02.000Z","volume":1000,"label":" ","price":5.1},{"type":"A","date":"2018-03-29T01:51:02.000Z","volume":1000,"label":" ","price":5.12},{"type":"U","date":"2018-03-29T01:52:01.000Z","volume":399,"label":"D","price":5.04},{"type":"B","date":"2018-03-29T01:56:37.000Z","volume":1000,"label":" ","price":5.11},{"type":"A","date":"2018-03-29T01:57:43.000Z","volume":1000,"label":" ","price":5.12},{"type":"A","date":"2018-03-29T01:57:45.000Z","volume":3000,"label":" ","price":5.12},{"type":"A","date":"2018-03-29T01:57:52.000Z","volume":1000,"label":" ","price":5.12},{"type":"B","date":"2018-03-29T01:59:10.000Z","volume":5000,"label":" ","price":5.11},{"type":"A","date":"2018-03-29T01:59:14.000Z","volume":1000,"label":" ","price":5.12},{"type":"A","date":"2018-03-29T01:59:15.000Z","volume":2000,"label":" ","price":5.12},{"type":"A","date":"2018-03-29T02:00:41.000Z","volume":1000,"label":" ","price":5.12},{"type":"A","date":"2018-03-29T02:00:45.000Z","volume":1000,"label":" ","price":5.12},{"type":"B","date":"2018-03-29T02:01:15.000Z","volume":1000,"label":" ","price":5.11},{"type":"B","date":"2018-03-29T02:01:59.000Z","volume":11000,"label":" ","price":5.11},{"type":"B","date":"2018-03-29T02:02:09.000Z","volume":6000,"label":"Y","price":5.11},{"type":"B","date":"2018-03-29T02:02:09.000Z","volume":33000,"label":" ","price":5.11},{"type":"B","date":"2018-03-29T02:02:09.000Z","volume":33000,"label":" ","price":5.11},{"type":"B","date":"2018-03-29T02:02:09.000Z","volume":1000,"label":" ","price":5.11},{"type":"B","date":"2018-03-29T02:02:09.000Z","volume":2000,"label":" ","price":5.1},{"type":"B","date":"2018-03-29T02:02:10.000Z","volume":13000,"label":" ","price":5.1},{"type":"B","date":"2018-03-29T02:02:15.000Z","volume":28000,"label":" ","price":5.09},{"type":"B","date":"2018-03-29T02:02:15.000Z","volume":1000,"label":" ","price":5.08},{"type":"B","date":"2018-03-29T02:02:15.000Z","volume":4000,"label":" ","price":5.07},{"type":"B","date":"2018-03-29T02:02:16.000Z","volume":1000,"label":" ","price":5.06},{"type":"B","date":"2018-03-29T02:02:20.000Z","volume":1000,"label":" ","price":5.06},{"type":"B","date":"2018-03-29T02:02:27.000Z","volume":1000,"label":" ","price":5.06},{"type":"B","date":"2018-03-29T02:02:33.000Z","volume":1000,"label":" ","price":5.06},{"type":"U","date":"2018-03-29T02:02:34.000Z","volume":4000,"label":" ","price":5.07},{"type":"B","date":"2018-03-29T02:06:20.000Z","volume":1000,"label":" ","price":5.07},{"type":"B","date":"2018-03-29T02:07:15.000Z","volume":1000,"label":" ","price":5.07},{"type":"B","date":"2018-03-29T02:09:03.000Z","volume":3000,"label":" ","price":5.08},{"type":"B","date":"2018-03-29T02:09:04.000Z","volume":1000,"label":" ","price":5.08},{"type":"B","date":"2018-03-29T02:09:45.000Z","volume":1000,"label":" ","price":5.08},{"type":"B","date":"2018-03-29T02:10:33.000Z","volume":1000,"label":" ","price":5.08},{"type":"A","date":"2018-03-29T02:10:37.000Z","volume":1000,"label":" ","price":5.1},{"type":"B","date":"2018-03-29T02:11:17.000Z","volume":1000,"label":" ","price":5.08},{"type":"B","date":"2018-03-29T02:11:26.000Z","volume":6000,"label":" ","price":5.08},{"type":"B","date":"2018-03-29T02:11:57.000Z","volume":1000,"label":" ","price":5.08},{"type":"B","date":"2018-03-29T02:14:50.000Z","volume":8000,"label":"Y","price":5.09},{"type":"B","date":"2018-03-29T02:14:50.000Z","volume":5000,"label":" ","price":5.09},{"type":"B","date":"2018-03-29T02:21:39.000Z","volume":1000,"label":" ","price":5.08},{"type":"A","date":"2018-03-29T02:23:34.000Z","volume":16000,"label":" ","price":5.09},{"type":"A","date":"2018-03-29T02:23:35.000Z","volume":1000,"label":" ","price":5.09},{"type":"B","date":"2018-03-29T02:24:33.000Z","volume":2000,"label":" ","price":5.08},{"type":"B","date":"2018-03-29T02:29:16.000Z","volume":1000,"label":" ","price":5.08},{"type":"B","date":"2018-03-29T02:32:06.000Z","volume":1000,"label":" ","price":5.08},{"type":"B","date":"2018-03-29T02:33:52.000Z","volume":3000,"label":" ","price":5.08},{"type":"B","date":"2018-03-29T02:34:56.000Z","volume":1000,"label":" ","price":5.08},{"type":"B","date":"2018-03-29T02:35:05.000Z","volume":1000,"label":" ","price":5.08},{"type":"B","date":"2018-03-29T02:36:03.000Z","volume":1000,"label":" ","price":5.08},{"type":"A","date":"2018-03-29T02:37:39.000Z","volume":10000,"label":" ","price":5.09},{"type":"A","date":"2018-03-29T02:37:43.000Z","volume":31000,"label":" ","price":5.09},{"type":"A","date":"2018-03-29T02:38:35.000Z","volume":16000,"label":" ","price":5.1},{"type":"B","date":"2018-03-29T02:43:20.000Z","volume":6000,"label":" ","price":5.1},{"type":"A","date":"2018-03-29T02:45:13.000Z","volume":46000,"label":" ","price":5.12},{"type":"A","date":"2018-03-29T02:45:15.000Z","volume":1000,"label":" ","price":5.12},{"type":"A","date":"2018-03-29T02:49:09.000Z","volume":7000,"label":" ","price":5.13},{"type":"A","date":"2018-03-29T02:53:58.000Z","volume":1000,"label":" ","price":5.14},{"type":"A","date":"2018-03-29T02:54:39.000Z","volume":6000,"label":" ","price":5.14},{"type":"A","date":"2018-03-29T02:54:39.000Z","volume":17000,"label":" ","price":5.14},{"type":"A","date":"2018-03-29T02:54:42.000Z","volume":2000,"label":" ","price":5.15},{"type":"A","date":"2018-03-29T02:54:42.000Z","volume":5000,"label":" ","price":5.15},{"type":"A","date":"2018-03-29T02:54:42.000Z","volume":4000,"label":" ","price":5.15},{"type":"A","date":"2018-03-29T02:54:49.000Z","volume":8000,"label":" ","price":5.16},{"type":"B","date":"2018-03-29T02:55:13.000Z","volume":9000,"label":" ","price":5.15},{"type":"A","date":"2018-03-29T02:55:23.000Z","volume":2000,"label":" ","price":5.16},{"type":"B","date":"2018-03-29T02:56:08.000Z","volume":26000,"label":" ","price":5.15},{"type":"A","date":"2018-03-29T02:57:41.000Z","volume":2000,"label":" ","price":5.15},{"type":"B","date":"2018-03-29T03:00:57.000Z","volume":1000,"label":" ","price":5.14},{"type":"B","date":"2018-03-29T03:04:31.000Z","volume":29000,"label":" ","price":5.14},{"type":"A","date":"2018-03-29T03:04:31.000Z","volume":2000,"label":" ","price":5.15},{"type":"U","date":"2018-03-29T03:04:31.000Z","volume":26000,"label":" ","price":5.14},{"type":"B","date":"2018-03-29T03:04:32.000Z","volume":1000,"label":" ","price":5.13},{"type":"B","date":"2018-03-29T03:04:32.000Z","volume":1000,"label":" ","price":5.13},{"type":"U","date":"2018-03-29T03:04:33.000Z","volume":2000,"label":" ","price":5.14},{"type":"B","date":"2018-03-29T03:04:52.000Z","volume":8000,"label":" ","price":5.13},{"type":"B","date":"2018-03-29T03:06:18.000Z","volume":1000,"label":" ","price":5.12},{"type":"B","date":"2018-03-29T03:11:31.000Z","volume":1000,"label":" ","price":5.12},{"type":"B","date":"2018-03-29T03:13:34.000Z","volume":13000,"label":" ","price":5.12},{"type":"A","date":"2018-03-29T03:14:14.000Z","volume":6000,"label":" ","price":5.13},{"type":"B","date":"2018-03-29T03:14:21.000Z","volume":1000,"label":" ","price":5.12},{"type":"B","date":"2018-03-29T03:15:59.000Z","volume":19000,"label":" ","price":5.12},{"type":"B","date":"2018-03-29T03:17:11.000Z","volume":1000,"label":" ","price":5.12},{"type":"A","date":"2018-03-29T03:18:00.000Z","volume":6000,"label":" ","price":5.13},{"type":"B","date":"2018-03-29T03:21:08.000Z","volume":10000,"label":" ","price":5.12},{"type":"B","date":"2018-03-29T03:21:08.000Z","volume":15000,"label":" ","price":5.12},{"type":"B","date":"2018-03-29T03:21:08.000Z","volume":30000,"label":" ","price":5.12},{"type":"U","date":"2018-03-29T03:21:10.000Z","volume":2000,"label":" ","price":5.12},{"type":"B","date":"2018-03-29T03:23:07.000Z","volume":1000,"label":" ","price":5.11},{"type":"B","date":"2018-03-29T03:25:10.000Z","volume":6000,"label":" ","price":5.12},{"type":"A","date":"2018-03-29T03:25:40.000Z","volume":17000,"label":" ","price":5.12},{"type":"A","date":"2018-03-29T03:26:47.000Z","volume":6000,"label":" ","price":5.12},{"type":"B","date":"2018-03-29T03:32:35.000Z","volume":1000,"label":" ","price":5.11},{"type":"B","date":"2018-03-29T03:37:00.000Z","volume":1000,"label":" ","price":5.11},{"type":"B","date":"2018-03-29T03:37:01.000Z","volume":1000,"label":" ","price":5.11},{"type":"A","date":"2018-03-29T03:37:05.000Z","volume":1000,"label":" ","price":5.12},{"type":"A","date":"2018-03-29T03:38:09.000Z","volume":37000,"label":" ","price":5.12},{"type":"A","date":"2018-03-29T03:38:11.000Z","volume":2000,"label":" ","price":5.13},{"type":"A","date":"2018-03-29T03:43:10.000Z","volume":5000,"label":" ","price":5.13},{"type":"A","date":"2018-03-29T03:43:51.000Z","volume":6000,"label":" ","price":5.13},{"type":"A","date":"2018-03-29T03:44:33.000Z","volume":6000,"label":" ","price":5.13},{"type":"A","date":"2018-03-29T03:44:35.000Z","volume":1000,"label":" ","price":5.13},{"type":"A","date":"2018-03-29T03:45:14.000Z","volume":5000,"label":" ","price":5.13},{"type":"A","date":"2018-03-29T03:45:14.000Z","volume":4000,"label":" ","price":5.13},{"type":"A","date":"2018-03-29T03:45:14.000Z","volume":1000,"label":" ","price":5.14},{"type":"A","date":"2018-03-29T03:49:35.000Z","volume":6000,"label":"Y","price":5.14},{"type":"A","date":"2018-03-29T03:52:41.000Z","volume":6000,"label":"Y","price":5.14},{"type":"A","date":"2018-03-29T03:53:53.000Z","volume":5000,"label":"Y","price":5.14},{"type":"A","date":"2018-03-29T03:54:33.000Z","volume":6000,"label":"Y","price":5.14},{"type":"A","date":"2018-03-29T03:55:46.000Z","volume":1000,"label":"Y","price":5.14},{"type":"A","date":"2018-03-29T03:55:46.000Z","volume":27000,"label":" ","price":5.14},{"type":"A","date":"2018-03-29T03:55:46.000Z","volume":5000,"label":" ","price":5.14},{"type":"A","date":"2018-03-29T03:55:46.000Z","volume":1000,"label":" ","price":5.14},{"type":"A","date":"2018-03-29T03:55:50.000Z","volume":3000,"label":" ","price":5.14},{"type":"A","date":"2018-03-29T03:56:53.000Z","volume":9000,"label":" ","price":5.14},{"type":"B","date":"2018-03-29T03:58:20.000Z","volume":6000,"label":"Y","price":5.14},{"type":"B","date":"2018-03-29T03:59:27.000Z","volume":1000,"label":" ","price":5.14},{"type":"B","date":"2018-03-29T05:00:00.000Z","volume":2000,"label":" ","price":5.14},{"type":"B","date":"2018-03-29T05:00:01.000Z","volume":20000,"label":" ","price":5.14},{"type":"B","date":"2018-03-29T05:00:08.000Z","volume":2000,"label":" ","price":5.14},{"type":"B","date":"2018-03-29T05:00:10.000Z","volume":35000,"label":" ","price":5.14},{"type":"B","date":"2018-03-29T05:00:10.000Z","volume":4000,"label":" ","price":5.14},{"type":"B","date":"2018-03-29T05:00:25.000Z","volume":2000,"label":" ","price":5.13},{"type":"B","date":"2018-03-29T05:00:26.000Z","volume":8000,"label":" ","price":5.13},{"type":"B","date":"2018-03-29T05:09:21.000Z","volume":1000,"label":" ","price":5.12},{"type":"B","date":"2018-03-29T05:09:21.000Z","volume":2000,"label":" ","price":5.12},{"type":"B","date":"2018-03-29T05:09:53.000Z","volume":1000,"label":" ","price":5.13},{"type":"B","date":"2018-03-29T05:09:58.000Z","volume":4000,"label":" ","price":5.13},{"type":"A","date":"2018-03-29T05:10:22.000Z","volume":1000,"label":" ","price":5.14},{"type":"B","date":"2018-03-29T05:12:34.000Z","volume":1000,"label":" ","price":5.13},{"type":"B","date":"2018-03-29T05:12:47.000Z","volume":4000,"label":" ","price":5.13},{"type":"B","date":"2018-03-29T05:16:34.000Z","volume":2000,"label":" ","price":5.13},{"type":"B","date":"2018-03-29T05:23:06.000Z","volume":1000,"label":" ","price":5.13},{"type":"B","date":"2018-03-29T05:23:09.000Z","volume":2000,"label":" ","price":5.13},{"type":"B","date":"2018-03-29T05:23:09.000Z","volume":2000,"label":" ","price":5.13},{"type":"B","date":"2018-03-29T05:28:38.000Z","volume":1000,"label":" ","price":5.13},{"type":"A","date":"2018-03-29T05:29:12.000Z","volume":1000,"label":" ","price":5.14},{"type":"A","date":"2018-03-29T05:30:51.000Z","volume":80000,"label":" ","price":5.14},{"type":"A","date":"2018-03-29T05:30:51.000Z","volume":27000,"label":" ","price":5.14},{"type":"A","date":"2018-03-29T05:32:02.000Z","volume":2000,"label":" ","price":5.15},{"type":"B","date":"2018-03-29T05:32:05.000Z","volume":1000,"label":" ","price":5.14},{"type":"B","date":"2018-03-29T05:35:47.000Z","volume":1000,"label":" ","price":5.14},{"type":"B","date":"2018-03-29T05:37:15.000Z","volume":1000,"label":" ","price":5.14},{"type":"A","date":"2018-03-29T05:37:18.000Z","volume":10000,"label":" ","price":5.15},{"type":"A","date":"2018-03-29T05:38:59.000Z","volume":115000,"label":" ","price":5.15},{"type":"A","date":"2018-03-29T05:39:01.000Z","volume":1000,"label":" ","price":5.15},{"type":"A","date":"2018-03-29T05:39:01.000Z","volume":1000,"label":" ","price":5.15},{"type":"A","date":"2018-03-29T05:39:38.000Z","volume":116000,"label":" ","price":5.15},{"type":"A","date":"2018-03-29T05:39:38.000Z","volume":1000,"label":" ","price":5.15},{"type":"A","date":"2018-03-29T05:40:24.000Z","volume":85000,"label":" ","price":5.15},{"type":"A","date":"2018-03-29T05:40:55.000Z","volume":2000,"label":" ","price":5.16},{"type":"A","date":"2018-03-29T05:41:16.000Z","volume":4000,"label":" ","price":5.16},{"type":"A","date":"2018-03-29T05:41:16.000Z","volume":9000,"label":" ","price":5.16},{"type":"A","date":"2018-03-29T05:41:20.000Z","volume":1000,"label":" ","price":5.16},{"type":"A","date":"2018-03-29T05:44:30.000Z","volume":5000,"label":" ","price":5.17},{"type":"A","date":"2018-03-29T05:46:54.000Z","volume":19000,"label":" ","price":5.18},{"type":"A","date":"2018-03-29T05:48:55.000Z","volume":10000,"label":" ","price":5.19},{"type":"A","date":"2018-03-29T05:48:55.000Z","volume":2000,"label":" ","price":5.19},{"type":"A","date":"2018-03-29T05:48:55.000Z","volume":2000,"label":" ","price":5.2},{"type":"A","date":"2018-03-29T05:50:27.000Z","volume":1000,"label":" ","price":5.2},{"type":"B","date":"2018-03-29T06:00:33.000Z","volume":47000,"label":" ","price":5.18},{"type":"B","date":"2018-03-29T06:01:35.000Z","volume":1000,"label":" ","price":5.17},{"type":"B","date":"2018-03-29T06:04:21.000Z","volume":1000,"label":" ","price":5.17},{"type":"A","date":"2018-03-29T06:06:18.000Z","volume":10000,"label":"Y","price":5.19},{"type":"A","date":"2018-03-29T06:06:18.000Z","volume":36000,"label":" ","price":5.19},{"type":"B","date":"2018-03-29T06:08:32.000Z","volume":50000,"label":" ","price":5.19},{"type":"A","date":"2018-03-29T06:17:00.000Z","volume":1000,"label":" ","price":5.19},{"type":"U","date":"2018-03-29T06:19:49.000Z","volume":100,"label":"D","price":5.139},{"type":"B","date":"2018-03-29T06:20:24.000Z","volume":1000,"label":" ","price":5.18},{"type":"B","date":"2018-03-29T06:20:51.000Z","volume":1000,"label":" ","price":5.18},{"type":"U","date":"2018-03-29T06:20:51.000Z","volume":1000,"label":"X","price":5.18},{"type":"B","date":"2018-03-29T06:23:36.000Z","volume":1000,"label":" ","price":5.18},{"type":"A","date":"2018-03-29T06:25:23.000Z","volume":1000,"label":" ","price":5.19},{"type":"A","date":"2018-03-29T06:25:44.000Z","volume":30000,"label":" ","price":5.19},{"type":"B","date":"2018-03-29T06:28:51.000Z","volume":1000,"label":" ","price":5.19},{"type":"A","date":"2018-03-29T06:29:50.000Z","volume":39000,"label":" ","price":5.2},{"type":"A","date":"2018-03-29T06:30:21.000Z","volume":20000,"label":" ","price":5.2},{"type":"A","date":"2018-03-29T06:30:21.000Z","volume":7000,"label":" ","price":5.2},{"type":"A","date":"2018-03-29T06:30:28.000Z","volume":2000,"label":" ","price":5.2},{"type":"B","date":"2018-03-29T06:30:29.000Z","volume":1000,"label":" ","price":5.2},{"type":"U","date":"2018-03-29T06:32:58.000Z","volume":10000,"label":"X","price":5.2},{"type":"A","date":"2018-03-29T06:37:58.000Z","volume":20000,"label":" ","price":5.21},{"type":"A","date":"2018-03-29T06:37:58.000Z","volume":15000,"label":" ","price":5.21},{"type":"U","date":"2018-03-29T06:39:16.000Z","volume":141,"label":"D","price":5.12},{"type":"U","date":"2018-03-29T06:39:30.000Z","volume":1000,"label":"X","price":5.21},{"type":"U","date":"2018-03-29T06:40:44.000Z","volume":5000,"label":" ","price":5.21},{"type":"U","date":"2018-03-29T06:40:44.000Z","volume":4000,"label":"X","price":5.21},{"type":"A","date":"2018-03-29T06:42:02.000Z","volume":5000,"label":" ","price":5.21},{"type":"A","date":"2018-03-29T06:42:02.000Z","volume":2000,"label":" ","price":5.21},{"type":"A","date":"2018-03-29T06:42:02.000Z","volume":3000,"label":" ","price":5.22},{"type":"B","date":"2018-03-29T06:42:06.000Z","volume":18000,"label":" ","price":5.2},{"type":"U","date":"2018-03-29T06:43:18.000Z","volume":5000,"label":"X","price":5.205},{"type":"B","date":"2018-03-29T06:45:09.000Z","volume":3000,"label":" ","price":5.2},{"type":"B","date":"2018-03-29T06:46:37.000Z","volume":56000,"label":" ","price":5.2},{"type":"U","date":"2018-03-29T06:48:18.000Z","volume":7000,"label":"X","price":5.2},{"type":"B","date":"2018-03-29T06:53:46.000Z","volume":1000,"label":" ","price":5.19},{"type":"B","date":"2018-03-29T06:53:57.000Z","volume":2000,"label":" ","price":5.19},{"type":"B","date":"2018-03-29T06:53:57.000Z","volume":6000,"label":" ","price":5.19},{"type":"U","date":"2018-03-29T06:55:00.000Z","volume":1000,"label":"X","price":5.18},{"type":"A","date":"2018-03-29T06:55:20.000Z","volume":1000,"label":" ","price":5.19},{"type":"U","date":"2018-03-29T06:55:30.000Z","volume":1000,"label":"X","price":5.185},{"type":"U","date":"2018-03-29T06:56:00.000Z","volume":2000,"label":"X","price":5.185},{"type":"U","date":"2018-03-29T06:56:30.000Z","volume":1000,"label":"X","price":5.18},{"type":"B","date":"2018-03-29T06:56:30.000Z","volume":1000,"label":" ","price":5.18},{"type":"U","date":"2018-03-29T06:57:00.000Z","volume":1000,"label":"X","price":5.18},{"type":"B","date":"2018-03-29T06:57:04.000Z","volume":28000,"label":" ","price":5.18},{"type":"B","date":"2018-03-29T06:57:30.000Z","volume":2000,"label":" ","price":5.17},{"type":"U","date":"2018-03-29T06:57:30.000Z","volume":2000,"label":"X","price":5.17},{"type":"B","date":"2018-03-29T06:58:52.000Z","volume":1000,"label":" ","price":5.17},{"type":"U","date":"2018-03-29T06:58:57.000Z","volume":7000,"label":"X","price":5.17},{"type":"B","date":"2018-03-29T06:59:16.000Z","volume":1000,"label":" ","price":5.17},{"type":"B","date":"2018-03-29T07:02:01.000Z","volume":1000,"label":" ","price":5.17},{"type":"A","date":"2018-03-29T07:03:09.000Z","volume":39000,"label":" ","price":5.19},{"type":"B","date":"2018-03-29T07:11:52.000Z","volume":18000,"label":" ","price":5.18},{"type":"B","date":"2018-03-29T07:11:52.000Z","volume":1000,"label":" ","price":5.18},{"type":"U","date":"2018-03-29T07:11:57.000Z","volume":1000,"label":"X","price":5.185},{"type":"A","date":"2018-03-29T07:14:03.000Z","volume":5000,"label":" ","price":5.19},{"type":"B","date":"2018-03-29T07:15:54.000Z","volume":1000,"label":" ","price":5.18},{"type":"A","date":"2018-03-29T07:18:10.000Z","volume":1000,"label":" ","price":5.19},{"type":"B","date":"2018-03-29T07:18:31.000Z","volume":1000,"label":" ","price":5.18},{"type":"U","date":"2018-03-29T07:18:36.000Z","volume":3000,"label":"X","price":5.18},{"type":"B","date":"2018-03-29T07:19:00.000Z","volume":40000,"label":" ","price":5.18},{"type":"U","date":"2018-03-29T07:19:58.000Z","volume":1000,"label":"X","price":5.17},{"type":"B","date":"2018-03-29T07:20:21.000Z","volume":1000,"label":" ","price":5.17},{"type":"B","date":"2018-03-29T07:20:56.000Z","volume":10000,"label":" ","price":5.18},{"type":"B","date":"2018-03-29T07:21:16.000Z","volume":1000,"label":" ","price":5.17},{"type":"B","date":"2018-03-29T07:23:40.000Z","volume":1000,"label":" ","price":5.17},{"type":"B","date":"2018-03-29T07:24:01.000Z","volume":1000,"label":" ","price":5.17},{"type":"A","date":"2018-03-29T07:24:20.000Z","volume":1000,"label":" ","price":5.18},{"type":"B","date":"2018-03-29T07:26:46.000Z","volume":1000,"label":" ","price":5.17},{"type":"B","date":"2018-03-29T07:29:31.000Z","volume":1000,"label":" ","price":5.17},{"type":"U","date":"2018-03-29T07:30:57.000Z","volume":4000,"label":"X","price":5.17},{"type":"B","date":"2018-03-29T07:31:43.000Z","volume":1000,"label":" ","price":5.17},{"type":"B","date":"2018-03-29T07:32:16.000Z","volume":1000,"label":" ","price":5.17},{"type":"B","date":"2018-03-29T07:33:57.000Z","volume":5000,"label":" ","price":5.17},{"type":"B","date":"2018-03-29T07:34:54.000Z","volume":4000,"label":" ","price":5.17},{"type":"B","date":"2018-03-29T07:35:01.000Z","volume":1000,"label":" ","price":5.17},{"type":"B","date":"2018-03-29T07:35:51.000Z","volume":7000,"label":" ","price":5.17},{"type":"B","date":"2018-03-29T07:36:48.000Z","volume":7000,"label":" ","price":5.17},{"type":"A","date":"2018-03-29T07:37:10.000Z","volume":1000,"label":"Y","price":5.18},{"type":"A","date":"2018-03-29T07:37:10.000Z","volume":4000,"label":" ","price":5.18},{"type":"A","date":"2018-03-29T07:37:40.000Z","volume":6000,"label":"Y","price":5.18},{"type":"B","date":"2018-03-29T07:37:44.000Z","volume":7000,"label":" ","price":5.17},{"type":"A","date":"2018-03-29T07:38:10.000Z","volume":4000,"label":"Y","price":5.18},{"type":"A","date":"2018-03-29T07:38:10.000Z","volume":4000,"label":" ","price":5.18},{"type":"A","date":"2018-03-29T07:38:40.000Z","volume":5000,"label":"Y","price":5.18},{"type":"B","date":"2018-03-29T07:39:09.000Z","volume":6000,"label":" ","price":5.17},{"type":"B","date":"2018-03-29T07:39:10.000Z","volume":7000,"label":" ","price":5.17},{"type":"A","date":"2018-03-29T07:39:19.000Z","volume":48000,"label":" ","price":5.18},{"type":"A","date":"2018-03-29T07:40:11.000Z","volume":5000,"label":" ","price":5.19},{"type":"A","date":"2018-03-29T07:40:41.000Z","volume":2000,"label":"Y","price":5.19},{"type":"A","date":"2018-03-29T07:40:41.000Z","volume":4000,"label":" ","price":5.19},{"type":"A","date":"2018-03-29T07:40:42.000Z","volume":3000,"label":" ","price":5.19},{"type":"A","date":"2018-03-29T07:41:11.000Z","volume":3000,"label":" ","price":5.19},{"type":"A","date":"2018-03-29T07:41:12.000Z","volume":5000,"label":" ","price":5.2},{"type":"A","date":"2018-03-29T07:41:24.000Z","volume":40000,"label":" ","price":5.2},{"type":"A","date":"2018-03-29T07:41:24.000Z","volume":3000,"label":" ","price":5.2},{"type":"A","date":"2018-03-29T07:41:42.000Z","volume":5000,"label":" ","price":5.2},{"type":"A","date":"2018-03-29T07:42:12.000Z","volume":6000,"label":" ","price":5.2},{"type":"A","date":"2018-03-29T07:42:42.000Z","volume":4000,"label":" ","price":5.2},{"type":"A","date":"2018-03-29T07:42:42.000Z","volume":10000,"label":" ","price":5.2},{"type":"A","date":"2018-03-29T07:42:45.000Z","volume":2000,"label":" ","price":5.2},{"type":"A","date":"2018-03-29T07:43:02.000Z","volume":1000,"label":" ","price":5.2},{"type":"A","date":"2018-03-29T07:43:12.000Z","volume":6000,"label":" ","price":5.2},{"type":"B","date":"2018-03-29T07:43:20.000Z","volume":4000,"label":" ","price":5.19},{"type":"A","date":"2018-03-29T07:43:42.000Z","volume":4000,"label":" ","price":5.2},{"type":"A","date":"2018-03-29T07:44:00.000Z","volume":9000,"label":" ","price":5.2},{"type":"A","date":"2018-03-29T07:44:00.000Z","volume":15000,"label":" ","price":5.2},{"type":"A","date":"2018-03-29T07:44:00.000Z","volume":1000,"label":" ","price":5.2},{"type":"A","date":"2018-03-29T07:44:12.000Z","volume":1000,"label":"Y","price":5.2},{"type":"A","date":"2018-03-29T07:44:12.000Z","volume":5000,"label":" ","price":5.2},{"type":"A","date":"2018-03-29T07:44:27.000Z","volume":4000,"label":" ","price":5.2},{"type":"A","date":"2018-03-29T07:44:42.000Z","volume":5000,"label":" ","price":5.2},{"type":"A","date":"2018-03-29T07:45:12.000Z","volume":6000,"label":" ","price":5.2},{"type":"A","date":"2018-03-29T07:45:42.000Z","volume":10000,"label":" ","price":5.2},{"type":"A","date":"2018-03-29T07:45:42.000Z","volume":5000,"label":" ","price":5.2},{"type":"A","date":"2018-03-29T07:46:12.000Z","volume":5000,"label":" ","price":5.2},{"type":"A","date":"2018-03-29T07:46:42.000Z","volume":5000,"label":" ","price":5.21},{"type":"A","date":"2018-03-29T07:47:12.000Z","volume":8000,"label":" ","price":5.21},{"type":"A","date":"2018-03-29T07:47:42.000Z","volume":8000,"label":" ","price":5.21},{"type":"A","date":"2018-03-29T07:48:12.000Z","volume":8000,"label":" ","price":5.21},{"type":"A","date":"2018-03-29T07:48:42.000Z","volume":12000,"label":" ","price":5.21},{"type":"A","date":"2018-03-29T07:49:12.000Z","volume":12000,"label":" ","price":5.21},{"type":"A","date":"2018-03-29T07:49:22.000Z","volume":5000,"label":" ","price":5.2},{"type":"A","date":"2018-03-29T07:49:36.000Z","volume":4000,"label":" ","price":5.2},{"type":"A","date":"2018-03-29T07:49:42.000Z","volume":12000,"label":" ","price":5.2},{"type":"A","date":"2018-03-29T07:50:12.000Z","volume":12000,"label":" ","price":5.2},{"type":"A","date":"2018-03-29T07:50:42.000Z","volume":12000,"label":" ","price":5.2},{"type":"A","date":"2018-03-29T07:51:00.000Z","volume":4000,"label":" ","price":5.2},{"type":"A","date":"2018-03-29T07:51:12.000Z","volume":3000,"label":"Y","price":5.2},{"type":"A","date":"2018-03-29T07:51:12.000Z","volume":9000,"label":" ","price":5.2},{"type":"A","date":"2018-03-29T07:51:42.000Z","volume":4000,"label":" ","price":5.2},{"type":"A","date":"2018-03-29T07:51:43.000Z","volume":10000,"label":" ","price":5.21},{"type":"A","date":"2018-03-29T07:52:13.000Z","volume":12000,"label":" ","price":5.21},{"type":"A","date":"2018-03-29T07:52:43.000Z","volume":12000,"label":" ","price":5.21},{"type":"A","date":"2018-03-29T07:53:13.000Z","volume":15000,"label":" ","price":5.21},{"type":"A","date":"2018-03-29T07:53:13.000Z","volume":11000,"label":" ","price":5.21},{"type":"B","date":"2018-03-29T07:53:16.000Z","volume":10000,"label":" ","price":5.2},{"type":"A","date":"2018-03-29T07:53:20.000Z","volume":2000,"label":" ","price":5.21},{"type":"A","date":"2018-03-29T07:53:25.000Z","volume":25000,"label":" ","price":5.21},{"type":"B","date":"2018-03-29T07:53:25.000Z","volume":2000,"label":" ","price":5.21},{"type":"A","date":"2018-03-29T07:53:43.000Z","volume":10000,"label":" ","price":5.22},{"type":"B","date":"2018-03-29T07:54:09.000Z","volume":2000,"label":" ","price":5.21},{"type":"B","date":"2018-03-29T07:54:11.000Z","volume":22000,"label":" ","price":5.21},{"type":"A","date":"2018-03-29T07:54:14.000Z","volume":69000,"label":" ","price":5.22},{"type":"A","date":"2018-03-29T07:54:14.000Z","volume":7000,"label":" ","price":5.22},{"type":"A","date":"2018-03-29T07:54:43.000Z","volume":5000,"label":" ","price":5.23},{"type":"B","date":"2018-03-29T07:55:09.000Z","volume":1000,"label":" ","price":5.21},{"type":"A","date":"2018-03-29T07:55:13.000Z","volume":10000,"label":" ","price":5.22},{"type":"B","date":"2018-03-29T07:55:24.000Z","volume":1000,"label":" ","price":5.21},{"type":"B","date":"2018-03-29T07:55:39.000Z","volume":2000,"label":" ","price":5.21},{"type":"A","date":"2018-03-29T07:55:43.000Z","volume":12000,"label":" ","price":5.22},{"type":"B","date":"2018-03-29T07:56:03.000Z","volume":10000,"label":" ","price":5.21},{"type":"A","date":"2018-03-29T07:56:13.000Z","volume":5000,"label":" ","price":5.22},{"type":"B","date":"2018-03-29T07:56:24.000Z","volume":2000,"label":" ","price":5.21},{"type":"B","date":"2018-03-29T07:56:36.000Z","volume":10000,"label":" ","price":5.21},{"type":"A","date":"2018-03-29T07:56:43.000Z","volume":6000,"label":" ","price":5.22},{"type":"B","date":"2018-03-29T07:56:54.000Z","volume":1000,"label":" ","price":5.21},{"type":"B","date":"2018-03-29T07:57:05.000Z","volume":27000,"label":" ","price":5.21},{"type":"B","date":"2018-03-29T07:57:06.000Z","volume":2000,"label":" ","price":5.21},{"type":"B","date":"2018-03-29T07:57:06.000Z","volume":102000,"label":" ","price":5.21},{"type":"U","date":"2018-03-29T07:57:25.000Z","volume":525,"label":"D","price":5.15},{"type":"B","date":"2018-03-29T07:57:54.000Z","volume":2000,"label":" ","price":5.2},{"type":"B","date":"2018-03-29T07:57:56.000Z","volume":1000,"label":" ","price":5.2},{"type":"A","date":"2018-03-29T07:58:02.000Z","volume":1000,"label":" ","price":5.21},{"type":"A","date":"2018-03-29T07:58:03.000Z","volume":2000,"label":" ","price":5.21},{"type":"A","date":"2018-03-29T07:58:08.000Z","volume":4000,"label":" ","price":5.21},{"type":"A","date":"2018-03-29T07:58:09.000Z","volume":2000,"label":" ","price":5.21},{"type":"B","date":"2018-03-29T07:58:12.000Z","volume":11000,"label":" ","price":5.2},{"type":"B","date":"2018-03-29T07:58:12.000Z","volume":2000,"label":" ","price":5.2},{"type":"A","date":"2018-03-29T07:58:12.000Z","volume":4000,"label":" ","price":5.21},{"type":"A","date":"2018-03-29T07:58:13.000Z","volume":2000,"label":" ","price":5.21},{"type":"A","date":"2018-03-29T07:58:19.000Z","volume":5000,"label":" ","price":5.21},{"type":"B","date":"2018-03-29T07:58:24.000Z","volume":2000,"label":" ","price":5.2},{"type":"A","date":"2018-03-29T07:58:24.000Z","volume":6000,"label":" ","price":5.21},{"type":"A","date":"2018-03-29T07:58:29.000Z","volume":6000,"label":" ","price":5.21},{"type":"A","date":"2018-03-29T07:58:33.000Z","volume":6000,"label":" ","price":5.21},{"type":"A","date":"2018-03-29T07:58:34.000Z","volume":2000,"label":" ","price":5.21},{"type":"A","date":"2018-03-29T07:58:39.000Z","volume":5000,"label":" ","price":5.21},{"type":"A","date":"2018-03-29T07:58:43.000Z","volume":6000,"label":" ","price":5.21},{"type":"A","date":"2018-03-29T07:58:45.000Z","volume":3000,"label":" ","price":5.21},{"type":"A","date":"2018-03-29T07:58:53.000Z","volume":8000,"label":" ","price":5.21},{"type":"A","date":"2018-03-29T07:58:54.000Z","volume":3000,"label":" ","price":5.21},{"type":"B","date":"2018-03-29T07:58:54.000Z","volume":1000,"label":" ","price":5.2},{"type":"A","date":"2018-03-29T07:59:06.000Z","volume":11000,"label":" ","price":5.21},{"type":"B","date":"2018-03-29T07:59:07.000Z","volume":1000,"label":" ","price":5.2},{"type":"A","date":"2018-03-29T07:59:08.000Z","volume":5000,"label":" ","price":5.21},{"type":"B","date":"2018-03-29T07:59:09.000Z","volume":1000,"label":" ","price":5.2},{"type":"A","date":"2018-03-29T07:59:09.000Z","volume":3000,"label":" ","price":5.21},{"type":"A","date":"2018-03-29T07:59:13.000Z","volume":4000,"label":" ","price":5.22},{"type":"U","date":"2018-03-29T07:59:27.000Z","volume":1000,"label":"X","price":5.21},{"type":"A","date":"2018-03-29T07:59:30.000Z","volume":8000,"label":" ","price":5.21},{"type":"B","date":"2018-03-29T07:59:50.000Z","volume":1000,"label":" ","price":5.2},{"type":"A","date":"2018-03-29T07:59:52.000Z","volume":1000,"label":" ","price":5.21},{"type":"B","date":"2018-03-29T07:59:54.000Z","volume":1000,"label":" ","price":5.2},{"type":"A","date":"2018-03-29T07:59:55.000Z","volume":9000,"label":" ","price":5.21},{"type":"A","date":"2018-03-29T07:59:56.000Z","volume":17000,"label":"Y","price":5.22},{"type":"A","date":"2018-03-29T07:59:56.000Z","volume":5000,"label":" ","price":5.22},{"type":"U","date":"2018-03-29T08:08:11.000Z","volume":298000,"label":"U","price":5.21}]