[{"type":"U","date":"2018-04-25T01:02:15.000Z","volume":4000,"label":"P","price":41.5},{"type":"U","date":"2018-04-25T01:04:59.000Z","volume":98800,"label":"P","price":41.553},{"type":"U","date":"2018-04-25T01:04:59.000Z","volume":889200,"label":"P","price":41.554},{"type":"U","date":"2018-04-25T01:20:00.000Z","volume":4000,"label":"U","price":41.05},{"type":"A","date":"2018-04-25T01:30:02.000Z","volume":4000,"label":" ","price":41.05},{"type":"B","date":"2018-04-25T01:55:44.000Z","volume":10000,"label":" ","price":41.15},{"type":"B","date":"2018-04-25T01:55:44.000Z","volume":6000,"label":" ","price":41.15},{"type":"B","date":"2018-04-25T01:55:44.000Z","volume":2000,"label":" ","price":41.15},{"type":"U","date":"2018-04-25T01:55:45.000Z","volume":2000,"label":"X","price":41.3},{"type":"B","date":"2018-04-25T02:01:06.000Z","volume":2000,"label":" ","price":41.1},{"type":"B","date":"2018-04-25T02:01:08.000Z","volume":2000,"label":" ","price":41.1},{"type":"B","date":"2018-04-25T02:01:45.000Z","volume":4000,"label":" ","price":41.1},{"type":"B","date":"2018-04-25T02:04:29.000Z","volume":4000,"label":" ","price":41.1},{"type":"U","date":"2018-04-25T02:04:37.000Z","volume":2000,"label":"X","price":41.3},{"type":"B","date":"2018-04-25T02:04:47.000Z","volume":2000,"label":" ","price":41.1},{"type":"A","date":"2018-04-25T02:12:28.000Z","volume":4000,"label":" ","price":41.3},{"type":"A","date":"2018-04-25T02:23:15.000Z","volume":2000,"label":"Y","price":41.2},{"type":"A","date":"2018-04-25T02:23:15.000Z","volume":2000,"label":" ","price":41.2},{"type":"U","date":"2018-04-25T02:23:21.000Z","volume":2000,"label":"X","price":41.2},{"type":"B","date":"2018-04-25T02:27:21.000Z","volume":2000,"label":" ","price":41.05},{"type":"A","date":"2018-04-25T02:37:45.000Z","volume":2000,"label":" ","price":41.2},{"type":"A","date":"2018-04-25T03:12:13.000Z","volume":2000,"label":" ","price":41.2},{"type":"A","date":"2018-04-25T03:15:26.000Z","volume":2000,"label":" ","price":41.2},{"type":"A","date":"2018-04-25T03:15:26.000Z","volume":4000,"label":" ","price":41.2},{"type":"U","date":"2018-04-25T03:15:28.000Z","volume":2000,"label":"X","price":41.2},{"type":"A","date":"2018-04-25T03:15:30.000Z","volume":2000,"label":" ","price":41.2},{"type":"B","date":"2018-04-25T03:16:53.000Z","volume":2000,"label":" ","price":41.1},{"type":"A","date":"2018-04-25T03:37:47.000Z","volume":2000,"label":" ","price":41.15},{"type":"U","date":"2018-04-25T03:37:52.000Z","volume":2000,"label":"X","price":41.15},{"type":"A","date":"2018-04-25T03:40:26.000Z","volume":36000,"label":" ","price":41.15},{"type":"B","date":"2018-04-25T03:40:27.000Z","volume":2000,"label":" ","price":41.15},{"type":"B","date":"2018-04-25T03:40:27.000Z","volume":2000,"label":" ","price":41.1},{"type":"B","date":"2018-04-25T05:04:49.000Z","volume":8000,"label":" ","price":41.1},{"type":"B","date":"2018-04-25T05:04:49.000Z","volume":8000,"label":" ","price":41.05},{"type":"B","date":"2018-04-25T05:05:52.000Z","volume":2000,"label":" ","price":41.05},{"type":"B","date":"2018-04-25T05:10:35.000Z","volume":8000,"label":" ","price":41.05},{"type":"B","date":"2018-04-25T05:12:26.000Z","volume":8000,"label":" ","price":41},{"type":"B","date":"2018-04-25T05:14:24.000Z","volume":2000,"label":" ","price":40.9},{"type":"B","date":"2018-04-25T05:21:22.000Z","volume":2000,"label":" ","price":40.9},{"type":"B","date":"2018-04-25T05:21:33.000Z","volume":4000,"label":" ","price":40.9},{"type":"B","date":"2018-04-25T05:21:45.000Z","volume":2000,"label":" ","price":40.9},{"type":"B","date":"2018-04-25T05:23:16.000Z","volume":6000,"label":" ","price":40.9},{"type":"U","date":"2018-04-25T05:27:20.000Z","volume":2000,"label":" ","price":40.9},{"type":"A","date":"2018-04-25T05:30:56.000Z","volume":8000,"label":" ","price":40.85},{"type":"A","date":"2018-04-25T05:32:02.000Z","volume":20000,"label":" ","price":40.85},{"type":"A","date":"2018-04-25T05:32:03.000Z","volume":2000,"label":" ","price":40.9},{"type":"A","date":"2018-04-25T05:32:03.000Z","volume":4000,"label":" ","price":40.95},{"type":"A","date":"2018-04-25T05:32:03.000Z","volume":4000,"label":" ","price":41},{"type":"U","date":"2018-04-25T05:33:16.000Z","volume":2000,"label":"X","price":41.9},{"type":"B","date":"2018-04-25T05:33:54.000Z","volume":8000,"label":" ","price":41.2},{"type":"U","date":"2018-04-25T05:38:17.000Z","volume":2000,"label":"X","price":41.85},{"type":"B","date":"2018-04-25T05:40:14.000Z","volume":4000,"label":" ","price":41.25},{"type":"A","date":"2018-04-25T05:40:32.000Z","volume":4000,"label":" ","price":41.8},{"type":"U","date":"2018-04-25T05:42:48.000Z","volume":2000,"label":"X","price":41.7},{"type":"U","date":"2018-04-25T05:47:08.000Z","volume":2000,"label":"X","price":41.7},{"type":"U","date":"2018-04-25T05:51:19.000Z","volume":2000,"label":"X","price":41.6},{"type":"U","date":"2018-04-25T05:55:19.000Z","volume":2000,"label":"X","price":41.6},{"type":"U","date":"2018-04-25T05:59:20.000Z","volume":2000,"label":"X","price":41.5},{"type":"B","date":"2018-04-25T06:00:52.000Z","volume":4000,"label":" ","price":41.1},{"type":"U","date":"2018-04-25T06:03:10.000Z","volume":2000,"label":"X","price":41.45},{"type":"A","date":"2018-04-25T06:07:01.000Z","volume":2000,"label":" ","price":41.4},{"type":"A","date":"2018-04-25T06:08:18.000Z","volume":4000,"label":" ","price":41.3},{"type":"A","date":"2018-04-25T06:10:52.000Z","volume":2000,"label":" ","price":41.25},{"type":"A","date":"2018-04-25T06:12:36.000Z","volume":2000,"label":" ","price":41.2},{"type":"A","date":"2018-04-25T06:14:43.000Z","volume":2000,"label":" ","price":41.2},{"type":"U","date":"2018-04-25T06:16:43.000Z","volume":2000,"label":"X","price":41.2},{"type":"U","date":"2018-04-25T06:18:24.000Z","volume":2000,"label":"X","price":41.2},{"type":"A","date":"2018-04-25T06:21:55.000Z","volume":2000,"label":" ","price":41.2},{"type":"A","date":"2018-04-25T06:22:21.000Z","volume":2000,"label":" ","price":41.2},{"type":"B","date":"2018-04-25T06:24:04.000Z","volume":2000,"label":" ","price":41.05},{"type":"A","date":"2018-04-25T06:25:25.000Z","volume":2000,"label":" ","price":41.2},{"type":"A","date":"2018-04-25T06:27:30.000Z","volume":2000,"label":" ","price":41.2},{"type":"A","date":"2018-04-25T06:28:46.000Z","volume":2000,"label":" ","price":41.2},{"type":"A","date":"2018-04-25T06:31:56.000Z","volume":2000,"label":" ","price":41.2},{"type":"A","date":"2018-04-25T06:34:13.000Z","volume":2000,"label":" ","price":41.2},{"type":"A","date":"2018-04-25T06:35:06.000Z","volume":2000,"label":" ","price":41.2},{"type":"A","date":"2018-04-25T06:35:26.000Z","volume":2000,"label":" ","price":41.2},{"type":"U","date":"2018-04-25T06:38:07.000Z","volume":2000,"label":"X","price":41.2},{"type":"A","date":"2018-04-25T06:43:59.000Z","volume":2000,"label":" ","price":41.2},{"type":"A","date":"2018-04-25T06:43:59.000Z","volume":4000,"label":" ","price":41.2},{"type":"U","date":"2018-04-25T06:44:00.000Z","volume":2000,"label":"X","price":40.95},{"type":"A","date":"2018-04-25T06:44:08.000Z","volume":2000,"label":" ","price":41.2},{"type":"A","date":"2018-04-25T06:44:08.000Z","volume":2000,"label":" ","price":41.2},{"type":"A","date":"2018-04-25T06:44:10.000Z","volume":6000,"label":" ","price":41.2},{"type":"U","date":"2018-04-25T06:46:58.000Z","volume":2000,"label":"X","price":41.2},{"type":"A","date":"2018-04-25T06:49:53.000Z","volume":2000,"label":" ","price":41.2},{"type":"B","date":"2018-04-25T06:59:56.000Z","volume":4000,"label":" ","price":40.75},{"type":"B","date":"2018-04-25T06:59:56.000Z","volume":2000,"label":" ","price":40.75},{"type":"A","date":"2018-04-25T06:59:56.000Z","volume":2000,"label":" ","price":41.2},{"type":"B","date":"2018-04-25T06:59:56.000Z","volume":2000,"label":" ","price":40.75},{"type":"A","date":"2018-04-25T06:59:56.000Z","volume":2000,"label":" ","price":40.75},{"type":"A","date":"2018-04-25T06:59:56.000Z","volume":6000,"label":" ","price":40.75},{"type":"A","date":"2018-04-25T06:59:56.000Z","volume":2000,"label":" ","price":40.8},{"type":"A","date":"2018-04-25T07:00:00.000Z","volume":6000,"label":" ","price":40.8},{"type":"A","date":"2018-04-25T07:00:00.000Z","volume":2000,"label":" ","price":40.95},{"type":"U","date":"2018-04-25T07:02:20.000Z","volume":2000,"label":"X","price":41.15},{"type":"A","date":"2018-04-25T07:06:51.000Z","volume":2000,"label":" ","price":41.15},{"type":"A","date":"2018-04-25T07:07:11.000Z","volume":2000,"label":" ","price":41.15},{"type":"A","date":"2018-04-25T07:07:21.000Z","volume":2000,"label":" ","price":41.15},{"type":"B","date":"2018-04-25T07:08:43.000Z","volume":4000,"label":" ","price":40.8},{"type":"B","date":"2018-04-25T07:08:43.000Z","volume":4000,"label":" ","price":40.75},{"type":"B","date":"2018-04-25T07:08:43.000Z","volume":4000,"label":" ","price":40.7},{"type":"A","date":"2018-04-25T07:08:43.000Z","volume":2000,"label":" ","price":41.15},{"type":"U","date":"2018-04-25T07:09:21.000Z","volume":2000,"label":"X","price":41.1},{"type":"A","date":"2018-04-25T07:13:12.000Z","volume":2000,"label":" ","price":41.1},{"type":"A","date":"2018-04-25T07:13:42.000Z","volume":2000,"label":" ","price":41.1},{"type":"U","date":"2018-04-25T07:17:12.000Z","volume":2000,"label":"X","price":41.1},{"type":"A","date":"2018-04-25T07:17:45.000Z","volume":2000,"label":" ","price":41.1},{"type":"B","date":"2018-04-25T07:18:23.000Z","volume":2000,"label":"Y","price":41.05},{"type":"B","date":"2018-04-25T07:18:23.000Z","volume":2000,"label":" ","price":41.05},{"type":"A","date":"2018-04-25T07:18:30.000Z","volume":6000,"label":" ","price":41.1},{"type":"A","date":"2018-04-25T07:18:30.000Z","volume":2000,"label":" ","price":41.1},{"type":"U","date":"2018-04-25T07:19:14.000Z","volume":2000,"label":"X","price":41.1},{"type":"A","date":"2018-04-25T07:21:14.000Z","volume":2000,"label":" ","price":41.1},{"type":"A","date":"2018-04-25T07:24:04.000Z","volume":2000,"label":" ","price":41.1},{"type":"A","date":"2018-04-25T07:24:04.000Z","volume":2000,"label":" ","price":41.1},{"type":"A","date":"2018-04-25T07:24:05.000Z","volume":8000,"label":" ","price":41.1},{"type":"A","date":"2018-04-25T07:24:05.000Z","volume":2000,"label":" ","price":41.1},{"type":"U","date":"2018-04-25T07:26:24.000Z","volume":2000,"label":"X","price":41.1},{"type":"A","date":"2018-04-25T07:28:40.000Z","volume":16000,"label":" ","price":41.1},{"type":"A","date":"2018-04-25T07:28:42.000Z","volume":2000,"label":" ","price":41.15},{"type":"U","date":"2018-04-25T07:28:42.000Z","volume":2000,"label":" ","price":41.15},{"type":"A","date":"2018-04-25T07:30:15.000Z","volume":2000,"label":" ","price":41.2},{"type":"A","date":"2018-04-25T07:33:23.000Z","volume":2000,"label":" ","price":41.2},{"type":"A","date":"2018-04-25T07:33:45.000Z","volume":2000,"label":" ","price":41.2},{"type":"A","date":"2018-04-25T07:36:02.000Z","volume":6000,"label":" ","price":41.2},{"type":"A","date":"2018-04-25T07:36:03.000Z","volume":2000,"label":" ","price":41.2},{"type":"A","date":"2018-04-25T07:36:45.000Z","volume":2000,"label":" ","price":41.2},{"type":"A","date":"2018-04-25T07:36:45.000Z","volume":8000,"label":" ","price":41.2},{"type":"A","date":"2018-04-25T07:39:30.000Z","volume":2000,"label":" ","price":41.25},{"type":"A","date":"2018-04-25T07:39:30.000Z","volume":2000,"label":" ","price":41.25},{"type":"A","date":"2018-04-25T07:39:36.000Z","volume":2000,"label":" ","price":41.4},{"type":"A","date":"2018-04-25T07:41:25.000Z","volume":2000,"label":" ","price":41.4},{"type":"U","date":"2018-04-25T07:42:07.000Z","volume":2000,"label":"X","price":41.4},{"type":"B","date":"2018-04-25T07:43:30.000Z","volume":2000,"label":"Y","price":41.35},{"type":"B","date":"2018-04-25T07:43:30.000Z","volume":6000,"label":" ","price":41.35},{"type":"B","date":"2018-04-25T07:43:30.000Z","volume":4000,"label":" ","price":41.05},{"type":"A","date":"2018-04-25T07:45:19.000Z","volume":2000,"label":" ","price":41.4},{"type":"U","date":"2018-04-25T07:46:28.000Z","volume":2000,"label":"X","price":41.4},{"type":"U","date":"2018-04-25T07:48:28.000Z","volume":2000,"label":"X","price":41.4},{"type":"A","date":"2018-04-25T07:48:42.000Z","volume":2000,"label":" ","price":41.4},{"type":"A","date":"2018-04-25T07:50:19.000Z","volume":2000,"label":" ","price":41.4},{"type":"A","date":"2018-04-25T07:51:04.000Z","volume":2000,"label":" ","price":41.4},{"type":"A","date":"2018-04-25T07:51:59.000Z","volume":2000,"label":" ","price":41.4},{"type":"B","date":"2018-04-25T07:52:18.000Z","volume":2000,"label":" ","price":41.35},{"type":"B","date":"2018-04-25T07:52:18.000Z","volume":2000,"label":" ","price":41.35},{"type":"B","date":"2018-04-25T07:52:18.000Z","volume":2000,"label":" ","price":41.05},{"type":"A","date":"2018-04-25T07:53:22.000Z","volume":6000,"label":" ","price":41.25},{"type":"A","date":"2018-04-25T07:53:30.000Z","volume":2000,"label":" ","price":41.25},{"type":"A","date":"2018-04-25T07:53:40.000Z","volume":4000,"label":" ","price":41.25},{"type":"A","date":"2018-04-25T07:53:40.000Z","volume":2000,"label":" ","price":41.25},{"type":"A","date":"2018-04-25T07:53:58.000Z","volume":2000,"label":" ","price":41.25},{"type":"A","date":"2018-04-25T07:55:01.000Z","volume":2000,"label":" ","price":41.3},{"type":"A","date":"2018-04-25T07:56:22.000Z","volume":2000,"label":" ","price":41.3},{"type":"A","date":"2018-04-25T07:56:38.000Z","volume":2000,"label":" ","price":41.3},{"type":"A","date":"2018-04-25T07:57:25.000Z","volume":2000,"label":" ","price":41.3},{"type":"A","date":"2018-04-25T07:57:42.000Z","volume":2000,"label":" ","price":41.3},{"type":"B","date":"2018-04-25T07:58:07.000Z","volume":4000,"label":" ","price":41.25},{"type":"B","date":"2018-04-25T07:58:08.000Z","volume":2000,"label":" ","price":41.25},{"type":"B","date":"2018-04-25T07:58:08.000Z","volume":2000,"label":"Y","price":41.25},{"type":"A","date":"2018-04-25T07:59:27.000Z","volume":2000,"label":" ","price":41.3},{"type":"A","date":"2018-04-25T07:59:50.000Z","volume":2000,"label":" ","price":41.3},{"type":"U","date":"2018-04-25T08:08:25.000Z","volume":90000,"label":"U","price":41.3}]