[{"type":"A","date":"2018-03-20T07:37:58.000Z","volume":30000,"price":7.36,"category":"ubbull"},{"type":"A","date":"2018-03-20T05:52:26.000Z","volume":138000,"price":7.3,"category":"ubbull"},{"type":"A","date":"2018-03-20T05:52:26.000Z","volume":30000,"price":7.27,"category":"ubbull"},{"type":"A","date":"2018-03-20T02:45:26.000Z","volume":28000,"price":7.2,"category":"ubbull"},{"type":"A","date":"2018-03-20T02:09:13.000Z","volume":40000,"price":7.21,"category":"ubbull"},{"type":"A","date":"2018-03-20T05:59:19.000Z","volume":14000,"price":7.35,"category":"bbull"},{"type":"A","date":"2018-03-20T05:56:21.000Z","volume":16000,"price":7.35,"category":"bbull"},{"type":"A","date":"2018-03-20T05:52:26.000Z","volume":22000,"price":7.29,"category":"bbull"},{"type":"A","date":"2018-03-20T05:30:55.000Z","volume":20000,"price":7.27,"category":"bbull"},{"type":"A","date":"2018-03-20T02:57:16.000Z","volume":16000,"price":7.19,"category":"bbull"},{"type":"A","date":"2018-03-20T02:00:16.000Z","volume":20000,"price":7.22,"category":"bbull"},{"type":"A","date":"2018-03-20T07:56:41.000Z","volume":2000,"price":7.37,"category":"rbull"},{"type":"A","date":"2018-03-20T07:55:51.000Z","volume":2000,"price":7.35,"category":"rbull"},{"type":"A","date":"2018-03-20T07:55:03.000Z","volume":2000,"price":7.35,"category":"rbull"},{"type":"A","date":"2018-03-20T07:45:20.000Z","volume":2000,"price":7.3,"category":"rbull"},{"type":"A","date":"2018-03-20T07:44:54.000Z","volume":2000,"price":7.35,"category":"rbull"},{"type":"A","date":"2018-03-20T07:38:16.000Z","volume":2000,"price":7.36,"category":"rbull"},{"type":"A","date":"2018-03-20T07:29:40.000Z","volume":2000,"price":7.36,"category":"rbull"},{"type":"A","date":"2018-03-20T07:27:23.000Z","volume":2000,"price":7.36,"category":"rbull"},{"type":"A","date":"2018-03-20T07:15:20.000Z","volume":2000,"price":7.36,"category":"rbull"},{"type":"A","date":"2018-03-20T07:14:47.000Z","volume":2000,"price":7.36,"category":"rbull"},{"type":"A","date":"2018-03-20T06:57:39.000Z","volume":2000,"price":7.36,"category":"rbull"},{"type":"A","date":"2018-03-20T06:44:43.000Z","volume":2000,"price":7.37,"category":"rbull"},{"type":"A","date":"2018-03-20T06:35:05.000Z","volume":2000,"price":7.38,"category":"rbull"},{"type":"A","date":"2018-03-20T06:28:24.000Z","volume":2000,"price":7.35,"category":"rbull"},{"type":"A","date":"2018-03-20T06:18:06.000Z","volume":2000,"price":7.36,"category":"rbull"},{"type":"A","date":"2018-03-20T03:55:01.000Z","volume":2000,"price":7.21,"category":"rbull"},{"type":"A","date":"2018-03-20T02:12:17.000Z","volume":2000,"price":7.25,"category":"rbull"},{"type":"B","date":"2018-03-20T07:50:46.000Z","volume":2000,"price":7.3,"category":"rbear"},{"type":"B","date":"2018-03-20T07:38:29.000Z","volume":2000,"price":7.36,"category":"rbear"},{"type":"B","date":"2018-03-20T07:38:29.000Z","volume":2000,"price":7.36,"category":"rbear"},{"type":"B","date":"2018-03-20T06:27:49.000Z","volume":2000,"price":7.32,"category":"rbear"},{"type":"B","date":"2018-03-20T06:26:27.000Z","volume":2000,"price":7.3,"category":"rbear"},{"type":"B","date":"2018-03-20T06:10:23.000Z","volume":2000,"price":7.35,"category":"rbear"},{"type":"B","date":"2018-03-20T05:55:16.000Z","volume":2000,"price":7.26,"category":"rbear"},{"type":"B","date":"2018-03-20T05:40:13.000Z","volume":2000,"price":7.23,"category":"rbear"},{"type":"B","date":"2018-03-20T05:38:19.000Z","volume":2000,"price":7.23,"category":"rbear"},{"type":"B","date":"2018-03-20T05:31:36.000Z","volume":2000,"price":7.27,"category":"rbear"},{"type":"B","date":"2018-03-20T03:42:26.000Z","volume":2000,"price":7.21,"category":"rbear"},{"type":"B","date":"2018-03-20T02:56:01.000Z","volume":2000,"price":7.17,"category":"rbear"},{"type":"B","date":"2018-03-20T01:56:26.000Z","volume":2000,"price":7.15,"category":"rbear"},{"type":"B","date":"2018-03-20T03:54:54.000Z","volume":14000,"price":7.21,"category":"bbear"},{"type":"B","date":"2018-03-20T03:44:17.000Z","volume":16000,"price":7.21,"category":"bbear"},{"type":"B","date":"2018-03-20T02:15:09.000Z","volume":18000,"price":7.2,"category":"bbear"},{"type":"B","date":"2018-03-20T02:13:54.000Z","volume":14000,"price":7.21,"category":"bbear"}]