[{"type":"B","date":"2018-04-16T01:51:51.000Z","volume":9000,"label":"Y","price":2.73},{"type":"U","date":"2018-04-16T02:08:34.000Z","volume":600,"label":"D","price":2.7},{"type":"A","date":"2018-04-16T02:17:14.000Z","volume":7000,"label":" ","price":2.76},{"type":"B","date":"2018-04-16T02:20:40.000Z","volume":3000,"label":" ","price":2.76},{"type":"A","date":"2018-04-16T02:34:02.000Z","volume":12000,"label":" ","price":2.76},{"type":"B","date":"2018-04-16T02:39:22.000Z","volume":28000,"label":" ","price":2.75},{"type":"B","date":"2018-04-16T02:42:28.000Z","volume":24000,"label":" ","price":2.75},{"type":"A","date":"2018-04-16T02:42:50.000Z","volume":1000,"label":" ","price":2.76},{"type":"B","date":"2018-04-16T02:43:45.000Z","volume":44000,"label":" ","price":2.75},{"type":"A","date":"2018-04-16T02:44:02.000Z","volume":1000,"label":" ","price":2.76},{"type":"B","date":"2018-04-16T02:52:01.000Z","volume":50000,"label":" ","price":2.75},{"type":"A","date":"2018-04-16T02:53:13.000Z","volume":1000,"label":" ","price":2.76},{"type":"B","date":"2018-04-16T03:00:43.000Z","volume":30000,"label":" ","price":2.75},{"type":"B","date":"2018-04-16T03:01:16.000Z","volume":2000,"label":" ","price":2.75},{"type":"A","date":"2018-04-16T03:01:34.000Z","volume":1000,"label":" ","price":2.76},{"type":"B","date":"2018-04-16T03:29:28.000Z","volume":3000,"label":" ","price":2.75},{"type":"B","date":"2018-04-16T03:30:31.000Z","volume":1000,"label":" ","price":2.75},{"type":"A","date":"2018-04-16T03:31:11.000Z","volume":1000,"label":" ","price":2.76},{"type":"B","date":"2018-04-16T05:53:45.000Z","volume":2000,"label":" ","price":2.75},{"type":"B","date":"2018-04-16T05:54:59.000Z","volume":1000,"label":" ","price":2.75},{"type":"A","date":"2018-04-16T05:55:41.000Z","volume":1000,"label":" ","price":2.76},{"type":"B","date":"2018-04-16T06:09:21.000Z","volume":17000,"label":" ","price":2.75},{"type":"B","date":"2018-04-16T06:09:57.000Z","volume":3000,"label":" ","price":2.74},{"type":"A","date":"2018-04-16T06:22:04.000Z","volume":1000,"label":" ","price":2.76},{"type":"B","date":"2018-04-16T06:31:48.000Z","volume":8000,"label":" ","price":2.74},{"type":"A","date":"2018-04-16T06:36:11.000Z","volume":1000,"label":" ","price":2.75},{"type":"A","date":"2018-04-16T06:37:11.000Z","volume":3000,"label":" ","price":2.75},{"type":"A","date":"2018-04-16T06:38:08.000Z","volume":1000,"label":" ","price":2.75},{"type":"A","date":"2018-04-16T06:39:10.000Z","volume":1000,"label":" ","price":2.75},{"type":"B","date":"2018-04-16T07:36:38.000Z","volume":14000,"label":" ","price":2.74},{"type":"A","date":"2018-04-16T07:38:15.000Z","volume":1000,"label":" ","price":2.75},{"type":"B","date":"2018-04-16T07:51:01.000Z","volume":10000,"label":" ","price":2.74},{"type":"A","date":"2018-04-16T07:51:21.000Z","volume":1000,"label":" ","price":2.75},{"type":"A","date":"2018-04-16T07:53:25.000Z","volume":10000,"label":" ","price":2.75},{"type":"A","date":"2018-04-16T07:53:56.000Z","volume":20000,"label":" ","price":2.76},{"type":"B","date":"2018-04-16T07:54:27.000Z","volume":5000,"label":" ","price":2.76},{"type":"A","date":"2018-04-16T07:54:46.000Z","volume":1000,"label":" ","price":2.78},{"type":"A","date":"2018-04-16T07:55:23.000Z","volume":40000,"label":" ","price":2.78},{"type":"A","date":"2018-04-16T07:55:55.000Z","volume":1000,"label":" ","price":2.79},{"type":"A","date":"2018-04-16T07:57:06.000Z","volume":4000,"label":" ","price":2.79},{"type":"A","date":"2018-04-16T07:59:29.000Z","volume":10000,"label":" ","price":2.77},{"type":"A","date":"2018-04-16T07:59:45.000Z","volume":1000,"label":" ","price":2.79}]