[{"type":"U","date":"2018-03-20T01:20:00.000Z","volume":1000,"label":"U","price":15.7},{"type":"B","date":"2018-03-20T01:30:00.000Z","volume":500,"label":" ","price":15.62},{"type":"A","date":"2018-03-20T01:30:01.000Z","volume":1000,"label":" ","price":15.62},{"type":"A","date":"2018-03-20T01:30:01.000Z","volume":1000,"label":" ","price":15.7},{"type":"B","date":"2018-03-20T01:30:02.000Z","volume":500,"label":" ","price":15.7},{"type":"A","date":"2018-03-20T01:31:02.000Z","volume":1500,"label":" ","price":15.78},{"type":"A","date":"2018-03-20T01:31:02.000Z","volume":500,"label":" ","price":15.78},{"type":"A","date":"2018-03-20T01:31:02.000Z","volume":500,"label":" ","price":15.78},{"type":"A","date":"2018-03-20T01:31:02.000Z","volume":500,"label":" ","price":15.8},{"type":"B","date":"2018-03-20T01:31:04.000Z","volume":500,"label":" ","price":15.78},{"type":"B","date":"2018-03-20T01:31:19.000Z","volume":2500,"label":" ","price":15.78},{"type":"B","date":"2018-03-20T01:31:19.000Z","volume":500,"label":"Y","price":15.78},{"type":"A","date":"2018-03-20T01:32:03.000Z","volume":1500,"label":" ","price":15.8},{"type":"B","date":"2018-03-20T01:32:05.000Z","volume":500,"label":"Y","price":15.78},{"type":"A","date":"2018-03-20T01:33:03.000Z","volume":2000,"label":" ","price":15.8},{"type":"A","date":"2018-03-20T01:34:02.000Z","volume":500,"label":" ","price":15.8},{"type":"A","date":"2018-03-20T01:34:03.000Z","volume":1500,"label":" ","price":15.8},{"type":"A","date":"2018-03-20T01:34:03.000Z","volume":2000,"label":"Y","price":15.8},{"type":"A","date":"2018-03-20T01:34:03.000Z","volume":6000,"label":" ","price":15.8},{"type":"B","date":"2018-03-20T01:34:26.000Z","volume":3000,"label":" ","price":15.8},{"type":"B","date":"2018-03-20T01:34:26.000Z","volume":500,"label":" ","price":15.8},{"type":"B","date":"2018-03-20T01:34:28.000Z","volume":500,"label":" ","price":15.8},{"type":"A","date":"2018-03-20T01:34:30.000Z","volume":3500,"label":" ","price":15.82},{"type":"A","date":"2018-03-20T01:34:47.000Z","volume":500,"label":" ","price":15.84},{"type":"A","date":"2018-03-20T01:35:02.000Z","volume":500,"label":" ","price":15.84},{"type":"A","date":"2018-03-20T01:35:02.000Z","volume":500,"label":" ","price":15.84},{"type":"A","date":"2018-03-20T01:35:03.000Z","volume":1500,"label":" ","price":15.84},{"type":"A","date":"2018-03-20T01:35:05.000Z","volume":1000,"label":" ","price":15.84},{"type":"B","date":"2018-03-20T01:35:30.000Z","volume":1000,"label":" ","price":15.82},{"type":"A","date":"2018-03-20T01:36:34.000Z","volume":2000,"label":" ","price":15.84},{"type":"A","date":"2018-03-20T01:37:34.000Z","volume":1500,"label":" ","price":15.84},{"type":"B","date":"2018-03-20T01:37:35.000Z","volume":500,"label":"Y","price":15.82},{"type":"B","date":"2018-03-20T01:37:47.000Z","volume":5000,"label":" ","price":15.82},{"type":"B","date":"2018-03-20T01:37:47.000Z","volume":4000,"label":" ","price":15.82},{"type":"B","date":"2018-03-20T01:37:50.000Z","volume":500,"label":" ","price":15.8},{"type":"B","date":"2018-03-20T01:37:50.000Z","volume":4000,"label":" ","price":15.8},{"type":"B","date":"2018-03-20T01:37:50.000Z","volume":500,"label":" ","price":15.78},{"type":"A","date":"2018-03-20T01:38:10.000Z","volume":3000,"label":" ","price":15.74},{"type":"U","date":"2018-03-20T01:38:25.000Z","volume":1500,"label":" ","price":15.74},{"type":"A","date":"2018-03-20T01:38:30.000Z","volume":500,"label":" ","price":15.76},{"type":"A","date":"2018-03-20T01:38:30.000Z","volume":500,"label":" ","price":15.78},{"type":"A","date":"2018-03-20T01:39:35.000Z","volume":1500,"label":" ","price":15.84},{"type":"A","date":"2018-03-20T01:40:35.000Z","volume":2000,"label":" ","price":15.84},{"type":"A","date":"2018-03-20T01:41:35.000Z","volume":1500,"label":" ","price":15.84},{"type":"A","date":"2018-03-20T01:42:36.000Z","volume":2000,"label":" ","price":15.84},{"type":"A","date":"2018-03-20T01:42:40.000Z","volume":3000,"label":" ","price":15.84},{"type":"A","date":"2018-03-20T01:43:17.000Z","volume":500,"label":" ","price":15.86},{"type":"A","date":"2018-03-20T01:43:17.000Z","volume":500,"label":" ","price":15.86},{"type":"A","date":"2018-03-20T01:43:20.000Z","volume":1500,"label":"Y","price":15.86},{"type":"A","date":"2018-03-20T01:43:20.000Z","volume":3500,"label":" ","price":15.86},{"type":"A","date":"2018-03-20T01:43:36.000Z","volume":1000,"label":" ","price":15.88},{"type":"A","date":"2018-03-20T01:43:36.000Z","volume":500,"label":" ","price":15.88},{"type":"A","date":"2018-03-20T01:44:02.000Z","volume":1000,"label":" ","price":15.9},{"type":"B","date":"2018-03-20T01:44:12.000Z","volume":5000,"label":" ","price":15.88},{"type":"B","date":"2018-03-20T01:44:13.000Z","volume":3000,"label":" ","price":15.88},{"type":"B","date":"2018-03-20T01:44:14.000Z","volume":1000,"label":" ","price":15.86},{"type":"B","date":"2018-03-20T01:44:14.000Z","volume":1000,"label":" ","price":15.84},{"type":"B","date":"2018-03-20T01:44:14.000Z","volume":500,"label":" ","price":15.82},{"type":"A","date":"2018-03-20T01:44:36.000Z","volume":2000,"label":" ","price":15.8},{"type":"A","date":"2018-03-20T01:45:37.000Z","volume":1500,"label":" ","price":15.82},{"type":"A","date":"2018-03-20T01:45:37.000Z","volume":1000,"label":" ","price":15.82},{"type":"A","date":"2018-03-20T01:45:47.000Z","volume":500,"label":" ","price":15.84},{"type":"A","date":"2018-03-20T01:45:47.000Z","volume":500,"label":" ","price":15.84},{"type":"A","date":"2018-03-20T01:46:37.000Z","volume":2000,"label":" ","price":15.88},{"type":"A","date":"2018-03-20T01:47:37.000Z","volume":1500,"label":" ","price":15.88},{"type":"A","date":"2018-03-20T01:48:35.000Z","volume":3000,"label":" ","price":15.88},{"type":"A","date":"2018-03-20T01:48:37.000Z","volume":1000,"label":" ","price":15.88},{"type":"B","date":"2018-03-20T01:48:37.000Z","volume":1000,"label":" ","price":15.88},{"type":"A","date":"2018-03-20T01:49:07.000Z","volume":3000,"label":" ","price":15.9},{"type":"A","date":"2018-03-20T01:49:37.000Z","volume":1500,"label":" ","price":15.9},{"type":"A","date":"2018-03-20T01:50:02.000Z","volume":1000,"label":" ","price":15.9},{"type":"A","date":"2018-03-20T01:50:05.000Z","volume":500,"label":" ","price":15.88},{"type":"A","date":"2018-03-20T01:50:08.000Z","volume":1000,"label":" ","price":15.9},{"type":"A","date":"2018-03-20T01:50:30.000Z","volume":1000,"label":" ","price":15.88},{"type":"A","date":"2018-03-20T01:50:30.000Z","volume":1000,"label":"Y","price":15.88},{"type":"A","date":"2018-03-20T01:50:31.000Z","volume":2000,"label":" ","price":15.9},{"type":"A","date":"2018-03-20T01:50:31.000Z","volume":3000,"label":" ","price":15.9},{"type":"A","date":"2018-03-20T01:50:37.000Z","volume":2000,"label":" ","price":15.92},{"type":"A","date":"2018-03-20T01:50:38.000Z","volume":1000,"label":" ","price":15.92},{"type":"A","date":"2018-03-20T01:50:38.000Z","volume":500,"label":" ","price":15.94},{"type":"A","date":"2018-03-20T01:50:38.000Z","volume":500,"label":" ","price":15.94},{"type":"A","date":"2018-03-20T01:50:38.000Z","volume":1500,"label":" ","price":15.94},{"type":"B","date":"2018-03-20T01:51:01.000Z","volume":9000,"label":" ","price":15.94},{"type":"B","date":"2018-03-20T01:51:01.000Z","volume":1000,"label":" ","price":15.94},{"type":"B","date":"2018-03-20T01:51:05.000Z","volume":500,"label":" ","price":15.94},{"type":"B","date":"2018-03-20T01:51:07.000Z","volume":2500,"label":" ","price":15.94},{"type":"B","date":"2018-03-20T01:51:07.000Z","volume":500,"label":" ","price":15.94},{"type":"B","date":"2018-03-20T01:51:11.000Z","volume":2000,"label":" ","price":15.94},{"type":"B","date":"2018-03-20T01:51:12.000Z","volume":3500,"label":" ","price":15.92},{"type":"B","date":"2018-03-20T01:51:16.000Z","volume":500,"label":" ","price":15.9},{"type":"A","date":"2018-03-20T01:51:38.000Z","volume":1500,"label":" ","price":15.92},{"type":"A","date":"2018-03-20T01:52:00.000Z","volume":2000,"label":" ","price":15.9},{"type":"A","date":"2018-03-20T01:52:39.000Z","volume":2000,"label":" ","price":15.9},{"type":"A","date":"2018-03-20T01:53:39.000Z","volume":2000,"label":" ","price":15.9},{"type":"A","date":"2018-03-20T01:53:47.000Z","volume":500,"label":" ","price":15.9},{"type":"A","date":"2018-03-20T01:53:47.000Z","volume":500,"label":" ","price":15.92},{"type":"B","date":"2018-03-20T01:53:47.000Z","volume":500,"label":" ","price":15.92},{"type":"A","date":"2018-03-20T01:54:39.000Z","volume":1500,"label":" ","price":15.94},{"type":"A","date":"2018-03-20T01:54:42.000Z","volume":500,"label":" ","price":15.92},{"type":"A","date":"2018-03-20T01:54:49.000Z","volume":500,"label":" ","price":15.94},{"type":"A","date":"2018-03-20T01:54:50.000Z","volume":2000,"label":"Y","price":15.94},{"type":"A","date":"2018-03-20T01:54:50.000Z","volume":1000,"label":" ","price":15.94},{"type":"A","date":"2018-03-20T01:55:39.000Z","volume":2000,"label":" ","price":15.96},{"type":"A","date":"2018-03-20T01:55:42.000Z","volume":500,"label":" ","price":15.94},{"type":"B","date":"2018-03-20T01:56:23.000Z","volume":10000,"label":" ","price":15.92},{"type":"B","date":"2018-03-20T01:56:25.000Z","volume":500,"label":" ","price":15.9},{"type":"B","date":"2018-03-20T01:56:30.000Z","volume":3000,"label":" ","price":15.9},{"type":"A","date":"2018-03-20T01:56:39.000Z","volume":1500,"label":" ","price":15.92},{"type":"A","date":"2018-03-20T01:57:40.000Z","volume":2000,"label":" ","price":15.92},{"type":"B","date":"2018-03-20T01:57:42.000Z","volume":500,"label":" ","price":15.9},{"type":"B","date":"2018-03-20T01:57:44.000Z","volume":500,"label":" ","price":15.9},{"type":"A","date":"2018-03-20T01:58:40.000Z","volume":1500,"label":" ","price":15.92},{"type":"A","date":"2018-03-20T01:58:40.000Z","volume":1500,"label":" ","price":15.92},{"type":"A","date":"2018-03-20T01:59:40.000Z","volume":2000,"label":" ","price":15.96},{"type":"A","date":"2018-03-20T02:00:40.000Z","volume":1500,"label":" ","price":15.96},{"type":"A","date":"2018-03-20T02:00:47.000Z","volume":500,"label":" ","price":15.94},{"type":"A","date":"2018-03-20T02:00:47.000Z","volume":500,"label":" ","price":15.94},{"type":"B","date":"2018-03-20T02:00:49.000Z","volume":500,"label":" ","price":15.94},{"type":"A","date":"2018-03-20T02:01:40.000Z","volume":2000,"label":" ","price":15.96},{"type":"A","date":"2018-03-20T02:02:40.000Z","volume":1500,"label":" ","price":15.96},{"type":"A","date":"2018-03-20T02:03:15.000Z","volume":2000,"label":" ","price":15.96},{"type":"A","date":"2018-03-20T02:03:16.000Z","volume":1000,"label":" ","price":15.96},{"type":"A","date":"2018-03-20T02:03:40.000Z","volume":2000,"label":" ","price":15.96},{"type":"A","date":"2018-03-20T02:04:02.000Z","volume":1000,"label":" ","price":15.96},{"type":"B","date":"2018-03-20T02:04:04.000Z","volume":500,"label":" ","price":15.94},{"type":"A","date":"2018-03-20T02:04:42.000Z","volume":1500,"label":" ","price":15.96},{"type":"B","date":"2018-03-20T02:04:45.000Z","volume":1000,"label":" ","price":15.94},{"type":"A","date":"2018-03-20T02:04:47.000Z","volume":500,"label":" ","price":15.96},{"type":"A","date":"2018-03-20T02:05:20.000Z","volume":500,"label":"Y","price":15.96},{"type":"A","date":"2018-03-20T02:05:20.000Z","volume":1500,"label":" ","price":15.96},{"type":"A","date":"2018-03-20T02:05:21.000Z","volume":500,"label":" ","price":15.96},{"type":"A","date":"2018-03-20T02:05:35.000Z","volume":500,"label":"Y","price":15.96},{"type":"A","date":"2018-03-20T02:05:35.000Z","volume":2000,"label":" ","price":15.96},{"type":"A","date":"2018-03-20T02:05:42.000Z","volume":1500,"label":" ","price":15.96},{"type":"A","date":"2018-03-20T02:05:47.000Z","volume":500,"label":" ","price":15.98},{"type":"A","date":"2018-03-20T02:06:02.000Z","volume":500,"label":" ","price":15.98},{"type":"A","date":"2018-03-20T02:06:32.000Z","volume":500,"label":" ","price":15.98},{"type":"A","date":"2018-03-20T02:06:42.000Z","volume":1500,"label":" ","price":15.98},{"type":"A","date":"2018-03-20T02:07:02.000Z","volume":1000,"label":" ","price":15.98},{"type":"B","date":"2018-03-20T02:07:41.000Z","volume":9000,"label":" ","price":15.96},{"type":"A","date":"2018-03-20T02:07:41.000Z","volume":500,"label":" ","price":15.98},{"type":"B","date":"2018-03-20T02:07:41.000Z","volume":1000,"label":" ","price":15.96},{"type":"A","date":"2018-03-20T02:07:42.000Z","volume":500,"label":" ","price":15.96},{"type":"A","date":"2018-03-20T02:07:42.000Z","volume":1500,"label":" ","price":15.98},{"type":"B","date":"2018-03-20T02:07:45.000Z","volume":2000,"label":" ","price":15.94},{"type":"A","date":"2018-03-20T02:08:42.000Z","volume":1500,"label":" ","price":15.96},{"type":"B","date":"2018-03-20T02:08:45.000Z","volume":1500,"label":" ","price":15.94},{"type":"A","date":"2018-03-20T02:08:46.000Z","volume":500,"label":" ","price":15.96},{"type":"A","date":"2018-03-20T02:09:32.000Z","volume":1000,"label":" ","price":15.98},{"type":"A","date":"2018-03-20T02:09:42.000Z","volume":2000,"label":" ","price":15.98},{"type":"A","date":"2018-03-20T02:10:35.000Z","volume":500,"label":" ","price":15.96},{"type":"B","date":"2018-03-20T02:10:35.000Z","volume":1000,"label":"Y","price":15.96},{"type":"A","date":"2018-03-20T02:10:43.000Z","volume":1500,"label":" ","price":15.98},{"type":"A","date":"2018-03-20T02:11:13.000Z","volume":500,"label":" ","price":15.98},{"type":"A","date":"2018-03-20T02:11:13.000Z","volume":35000,"label":" ","price":15.98},{"type":"A","date":"2018-03-20T02:11:43.000Z","volume":2000,"label":" ","price":16},{"type":"A","date":"2018-03-20T02:12:43.000Z","volume":2000,"label":" ","price":16},{"type":"A","date":"2018-03-20T02:13:13.000Z","volume":1000,"label":" ","price":16},{"type":"A","date":"2018-03-20T02:13:38.000Z","volume":1500,"label":" ","price":16},{"type":"A","date":"2018-03-20T02:13:43.000Z","volume":1500,"label":" ","price":16},{"type":"A","date":"2018-03-20T02:13:50.000Z","volume":2000,"label":" ","price":16},{"type":"A","date":"2018-03-20T02:13:50.000Z","volume":5500,"label":" ","price":16},{"type":"A","date":"2018-03-20T02:13:50.000Z","volume":1000,"label":" ","price":16},{"type":"B","date":"2018-03-20T02:13:52.000Z","volume":2000,"label":" ","price":15.98},{"type":"B","date":"2018-03-20T02:13:54.000Z","volume":3500,"label":" ","price":15.98},{"type":"A","date":"2018-03-20T02:14:43.000Z","volume":2000,"label":" ","price":16},{"type":"A","date":"2018-03-20T02:14:44.000Z","volume":3500,"label":" ","price":16},{"type":"A","date":"2018-03-20T02:15:17.000Z","volume":1500,"label":" ","price":16},{"type":"A","date":"2018-03-20T02:15:17.000Z","volume":1500,"label":" ","price":16},{"type":"A","date":"2018-03-20T02:15:17.000Z","volume":2000,"label":" ","price":16},{"type":"A","date":"2018-03-20T02:15:17.000Z","volume":1000,"label":" ","price":16},{"type":"A","date":"2018-03-20T02:15:43.000Z","volume":1500,"label":" ","price":16},{"type":"A","date":"2018-03-20T02:16:00.000Z","volume":2000,"label":"Y","price":16},{"type":"A","date":"2018-03-20T02:16:00.000Z","volume":4000,"label":"Y","price":16},{"type":"A","date":"2018-03-20T02:16:00.000Z","volume":43500,"label":" ","price":16},{"type":"A","date":"2018-03-20T02:16:00.000Z","volume":1500,"label":" ","price":16.02},{"type":"B","date":"2018-03-20T02:16:22.000Z","volume":6000,"label":" ","price":16},{"type":"A","date":"2018-03-20T02:16:32.000Z","volume":1000,"label":" ","price":16.04},{"type":"A","date":"2018-03-20T02:16:45.000Z","volume":2000,"label":" ","price":16.04},{"type":"A","date":"2018-03-20T02:17:03.000Z","volume":500,"label":" ","price":16.04},{"type":"A","date":"2018-03-20T02:17:17.000Z","volume":500,"label":" ","price":16.04},{"type":"A","date":"2018-03-20T02:17:32.000Z","volume":2000,"label":" ","price":16.04},{"type":"A","date":"2018-03-20T02:17:45.000Z","volume":1500,"label":" ","price":16.04},{"type":"A","date":"2018-03-20T02:17:47.000Z","volume":500,"label":" ","price":16.04},{"type":"A","date":"2018-03-20T02:18:17.000Z","volume":500,"label":" ","price":16.04},{"type":"A","date":"2018-03-20T02:18:32.000Z","volume":500,"label":" ","price":16.04},{"type":"A","date":"2018-03-20T02:18:45.000Z","volume":2000,"label":" ","price":16.04},{"type":"A","date":"2018-03-20T02:18:47.000Z","volume":1000,"label":" ","price":16.04},{"type":"A","date":"2018-03-20T02:19:02.000Z","volume":500,"label":" ","price":16.04},{"type":"A","date":"2018-03-20T02:19:02.000Z","volume":500,"label":" ","price":16.04},{"type":"A","date":"2018-03-20T02:19:32.000Z","volume":500,"label":" ","price":16.04},{"type":"A","date":"2018-03-20T02:19:32.000Z","volume":500,"label":" ","price":16.04},{"type":"A","date":"2018-03-20T02:19:37.000Z","volume":500,"label":" ","price":16.04},{"type":"A","date":"2018-03-20T02:19:45.000Z","volume":1500,"label":" ","price":16.04},{"type":"A","date":"2018-03-20T02:19:47.000Z","volume":500,"label":" ","price":16.04},{"type":"A","date":"2018-03-20T02:19:47.000Z","volume":500,"label":" ","price":16.04},{"type":"A","date":"2018-03-20T02:20:19.000Z","volume":500,"label":" ","price":16.04},{"type":"A","date":"2018-03-20T02:20:20.000Z","volume":3500,"label":" ","price":16.02},{"type":"A","date":"2018-03-20T02:20:45.000Z","volume":2000,"label":" ","price":16.04},{"type":"A","date":"2018-03-20T02:21:45.000Z","volume":1500,"label":" ","price":16.04},{"type":"A","date":"2018-03-20T02:21:47.000Z","volume":500,"label":" ","price":16.04},{"type":"A","date":"2018-03-20T02:22:30.000Z","volume":1000,"label":"Y","price":16.04},{"type":"A","date":"2018-03-20T02:22:30.000Z","volume":1000,"label":" ","price":16.04},{"type":"A","date":"2018-03-20T02:22:32.000Z","volume":2000,"label":" ","price":16.04},{"type":"A","date":"2018-03-20T02:22:46.000Z","volume":2000,"label":" ","price":16.04},{"type":"A","date":"2018-03-20T02:22:58.000Z","volume":2000,"label":" ","price":16.04},{"type":"B","date":"2018-03-20T02:22:59.000Z","volume":1000,"label":" ","price":16.02},{"type":"A","date":"2018-03-20T02:23:02.000Z","volume":1500,"label":" ","price":16.04},{"type":"A","date":"2018-03-20T02:23:46.000Z","volume":1500,"label":" ","price":16.04},{"type":"B","date":"2018-03-20T02:24:01.000Z","volume":8000,"label":" ","price":16.02},{"type":"B","date":"2018-03-20T02:24:01.000Z","volume":13000,"label":" ","price":16.02},{"type":"A","date":"2018-03-20T02:24:01.000Z","volume":1000,"label":" ","price":16.04},{"type":"B","date":"2018-03-20T02:24:10.000Z","volume":3500,"label":" ","price":16.02},{"type":"A","date":"2018-03-20T02:24:46.000Z","volume":2000,"label":" ","price":16.02},{"type":"A","date":"2018-03-20T02:25:16.000Z","volume":500,"label":" ","price":16.02},{"type":"A","date":"2018-03-20T02:25:46.000Z","volume":1500,"label":" ","price":16.02},{"type":"B","date":"2018-03-20T02:26:22.000Z","volume":7000,"label":" ","price":16},{"type":"A","date":"2018-03-20T02:26:46.000Z","volume":2000,"label":" ","price":16},{"type":"A","date":"2018-03-20T02:27:19.000Z","volume":3000,"label":" ","price":16},{"type":"A","date":"2018-03-20T02:27:28.000Z","volume":3000,"label":" ","price":16},{"type":"B","date":"2018-03-20T02:27:41.000Z","volume":5500,"label":" ","price":16},{"type":"A","date":"2018-03-20T02:27:41.000Z","volume":1000,"label":" ","price":16.02},{"type":"A","date":"2018-03-20T02:27:46.000Z","volume":1500,"label":" ","price":16.02},{"type":"B","date":"2018-03-20T02:28:05.000Z","volume":4500,"label":" ","price":16},{"type":"B","date":"2018-03-20T02:28:05.000Z","volume":1000,"label":" ","price":16},{"type":"A","date":"2018-03-20T02:28:47.000Z","volume":2000,"label":" ","price":16},{"type":"B","date":"2018-03-20T02:29:40.000Z","volume":1500,"label":"Y","price":15.98},{"type":"B","date":"2018-03-20T02:29:40.000Z","volume":16500,"label":" ","price":15.98},{"type":"A","date":"2018-03-20T02:29:48.000Z","volume":2000,"label":" ","price":16},{"type":"B","date":"2018-03-20T02:29:57.000Z","volume":500,"label":" ","price":15.98},{"type":"A","date":"2018-03-20T02:30:18.000Z","volume":500,"label":" ","price":16},{"type":"A","date":"2018-03-20T02:30:48.000Z","volume":1500,"label":" ","price":16},{"type":"B","date":"2018-03-20T02:30:51.000Z","volume":16000,"label":" ","price":15.92},{"type":"B","date":"2018-03-20T02:31:27.000Z","volume":18000,"label":" ","price":15.92},{"type":"A","date":"2018-03-20T02:31:27.000Z","volume":1500,"label":" ","price":16},{"type":"A","date":"2018-03-20T02:31:48.000Z","volume":2000,"label":" ","price":16},{"type":"B","date":"2018-03-20T02:31:59.000Z","volume":20000,"label":" ","price":15.92},{"type":"A","date":"2018-03-20T02:32:48.000Z","volume":1500,"label":" ","price":16},{"type":"A","date":"2018-03-20T02:33:48.000Z","volume":2000,"label":" ","price":16},{"type":"A","date":"2018-03-20T02:34:48.000Z","volume":1500,"label":" ","price":16},{"type":"A","date":"2018-03-20T02:35:49.000Z","volume":2000,"label":" ","price":16},{"type":"A","date":"2018-03-20T02:36:49.000Z","volume":1500,"label":" ","price":16},{"type":"A","date":"2018-03-20T02:37:17.000Z","volume":1000,"label":" ","price":16},{"type":"A","date":"2018-03-20T02:37:49.000Z","volume":2000,"label":" ","price":16},{"type":"A","date":"2018-03-20T02:38:49.000Z","volume":1500,"label":" ","price":16},{"type":"A","date":"2018-03-20T02:39:32.000Z","volume":1000,"label":" ","price":16},{"type":"A","date":"2018-03-20T02:39:49.000Z","volume":2000,"label":" ","price":16},{"type":"A","date":"2018-03-20T02:40:49.000Z","volume":1500,"label":" ","price":16},{"type":"A","date":"2018-03-20T02:41:00.000Z","volume":1500,"label":"Y","price":16},{"type":"B","date":"2018-03-20T02:41:07.000Z","volume":500,"label":" ","price":15.98},{"type":"A","date":"2018-03-20T02:41:49.000Z","volume":2000,"label":" ","price":16},{"type":"A","date":"2018-03-20T02:42:02.000Z","volume":1500,"label":" ","price":16},{"type":"A","date":"2018-03-20T02:42:17.000Z","volume":1500,"label":" ","price":16},{"type":"A","date":"2018-03-20T02:42:51.000Z","volume":1500,"label":" ","price":16},{"type":"A","date":"2018-03-20T02:43:47.000Z","volume":1000,"label":" ","price":16},{"type":"A","date":"2018-03-20T02:43:47.000Z","volume":500,"label":"Y","price":16},{"type":"A","date":"2018-03-20T02:43:47.000Z","volume":20500,"label":" ","price":16},{"type":"A","date":"2018-03-20T02:43:51.000Z","volume":1000,"label":" ","price":16.02},{"type":"B","date":"2018-03-20T02:44:01.000Z","volume":1000,"label":" ","price":16},{"type":"B","date":"2018-03-20T02:44:33.000Z","volume":500,"label":" ","price":16},{"type":"A","date":"2018-03-20T02:44:47.000Z","volume":1000,"label":" ","price":16.02},{"type":"A","date":"2018-03-20T02:44:51.000Z","volume":1500,"label":" ","price":16.02},{"type":"A","date":"2018-03-20T02:45:02.000Z","volume":1000,"label":" ","price":16.02},{"type":"A","date":"2018-03-20T02:45:17.000Z","volume":1000,"label":" ","price":16.02},{"type":"A","date":"2018-03-20T02:45:17.000Z","volume":1000,"label":" ","price":16.02},{"type":"B","date":"2018-03-20T02:45:27.000Z","volume":3000,"label":" ","price":16},{"type":"A","date":"2018-03-20T02:45:41.000Z","volume":500,"label":" ","price":16.02},{"type":"A","date":"2018-03-20T02:45:51.000Z","volume":2000,"label":" ","price":16.02},{"type":"A","date":"2018-03-20T02:46:00.000Z","volume":2000,"label":" ","price":16.02},{"type":"B","date":"2018-03-20T02:46:32.000Z","volume":16500,"label":" ","price":16},{"type":"A","date":"2018-03-20T02:46:32.000Z","volume":1000,"label":" ","price":16.02},{"type":"A","date":"2018-03-20T02:46:32.000Z","volume":1000,"label":" ","price":16.02},{"type":"A","date":"2018-03-20T02:46:32.000Z","volume":1000,"label":" ","price":16.02},{"type":"A","date":"2018-03-20T02:46:51.000Z","volume":1500,"label":" ","price":16.02},{"type":"A","date":"2018-03-20T02:47:51.000Z","volume":2000,"label":" ","price":16},{"type":"A","date":"2018-03-20T02:48:53.000Z","volume":2000,"label":" ","price":16},{"type":"A","date":"2018-03-20T02:49:53.000Z","volume":1500,"label":" ","price":16},{"type":"A","date":"2018-03-20T02:50:53.000Z","volume":2000,"label":" ","price":16},{"type":"A","date":"2018-03-20T02:51:53.000Z","volume":1500,"label":" ","price":16},{"type":"A","date":"2018-03-20T02:52:17.000Z","volume":1000,"label":" ","price":16},{"type":"A","date":"2018-03-20T02:52:17.000Z","volume":1000,"label":" ","price":16},{"type":"A","date":"2018-03-20T02:52:50.000Z","volume":1500,"label":" ","price":16},{"type":"A","date":"2018-03-20T02:52:53.000Z","volume":2000,"label":" ","price":16},{"type":"A","date":"2018-03-20T02:52:55.000Z","volume":2000,"label":" ","price":16},{"type":"A","date":"2018-03-20T02:53:10.000Z","volume":2000,"label":" ","price":16},{"type":"A","date":"2018-03-20T02:53:17.000Z","volume":1000,"label":" ","price":16},{"type":"A","date":"2018-03-20T02:53:17.000Z","volume":500,"label":" ","price":16},{"type":"A","date":"2018-03-20T02:53:17.000Z","volume":500,"label":" ","price":16},{"type":"A","date":"2018-03-20T02:53:17.000Z","volume":1000,"label":" ","price":16},{"type":"A","date":"2018-03-20T02:53:17.000Z","volume":500,"label":" ","price":16},{"type":"A","date":"2018-03-20T02:53:17.000Z","volume":1500,"label":" ","price":16},{"type":"A","date":"2018-03-20T02:53:17.000Z","volume":500,"label":" ","price":16},{"type":"A","date":"2018-03-20T02:53:17.000Z","volume":500,"label":" ","price":16},{"type":"A","date":"2018-03-20T02:53:17.000Z","volume":1000,"label":" ","price":16.02},{"type":"A","date":"2018-03-20T02:53:53.000Z","volume":1500,"label":" ","price":16.02},{"type":"A","date":"2018-03-20T02:54:54.000Z","volume":2000,"label":" ","price":16.02},{"type":"A","date":"2018-03-20T02:55:54.000Z","volume":1500,"label":" ","price":16.02},{"type":"A","date":"2018-03-20T02:56:54.000Z","volume":2000,"label":" ","price":16.02},{"type":"A","date":"2018-03-20T02:56:56.000Z","volume":500,"label":" ","price":16.02},{"type":"A","date":"2018-03-20T02:57:54.000Z","volume":1500,"label":" ","price":16.02},{"type":"A","date":"2018-03-20T02:58:33.000Z","volume":1500,"label":" ","price":16.02},{"type":"B","date":"2018-03-20T02:58:41.000Z","volume":500,"label":" ","price":16},{"type":"A","date":"2018-03-20T02:58:54.000Z","volume":2000,"label":" ","price":16.02},{"type":"A","date":"2018-03-20T02:59:02.000Z","volume":1000,"label":" ","price":16.02},{"type":"A","date":"2018-03-20T02:59:54.000Z","volume":1500,"label":" ","price":16.02},{"type":"A","date":"2018-03-20T03:00:11.000Z","volume":500,"label":" ","price":16.02},{"type":"A","date":"2018-03-20T03:00:17.000Z","volume":1000,"label":" ","price":16.02},{"type":"A","date":"2018-03-20T03:00:17.000Z","volume":1000,"label":" ","price":16.02},{"type":"A","date":"2018-03-20T03:00:54.000Z","volume":2000,"label":" ","price":16.02},{"type":"A","date":"2018-03-20T03:01:17.000Z","volume":1000,"label":" ","price":16.02},{"type":"A","date":"2018-03-20T03:01:17.000Z","volume":1000,"label":" ","price":16.02},{"type":"A","date":"2018-03-20T03:01:55.000Z","volume":1500,"label":" ","price":16.02},{"type":"A","date":"2018-03-20T03:01:55.000Z","volume":2000,"label":" ","price":16.02},{"type":"A","date":"2018-03-20T03:02:00.000Z","volume":1500,"label":" ","price":16.02},{"type":"A","date":"2018-03-20T03:02:00.000Z","volume":2000,"label":" ","price":16.02},{"type":"A","date":"2018-03-20T03:02:00.000Z","volume":500,"label":" ","price":16.02},{"type":"A","date":"2018-03-20T03:02:00.000Z","volume":500,"label":"Y","price":16.02},{"type":"A","date":"2018-03-20T03:02:00.000Z","volume":1500,"label":" ","price":16.02},{"type":"A","date":"2018-03-20T03:02:32.000Z","volume":1000,"label":" ","price":16.04},{"type":"A","date":"2018-03-20T03:02:56.000Z","volume":2000,"label":" ","price":16.04},{"type":"A","date":"2018-03-20T03:03:02.000Z","volume":1000,"label":" ","price":16.04},{"type":"A","date":"2018-03-20T03:03:38.000Z","volume":500,"label":" ","price":16.02},{"type":"A","date":"2018-03-20T03:03:40.000Z","volume":2000,"label":" ","price":16.02},{"type":"A","date":"2018-03-20T03:03:47.000Z","volume":1000,"label":" ","price":16.02},{"type":"A","date":"2018-03-20T03:03:47.000Z","volume":1000,"label":" ","price":16.02},{"type":"A","date":"2018-03-20T03:03:56.000Z","volume":1500,"label":" ","price":16.02},{"type":"A","date":"2018-03-20T03:03:56.000Z","volume":500,"label":" ","price":16.02},{"type":"A","date":"2018-03-20T03:03:57.000Z","volume":1000,"label":" ","price":16.02},{"type":"A","date":"2018-03-20T03:03:57.000Z","volume":1000,"label":" ","price":16.02},{"type":"A","date":"2018-03-20T03:03:57.000Z","volume":1500,"label":" ","price":16.02},{"type":"A","date":"2018-03-20T03:04:02.000Z","volume":1000,"label":" ","price":16.02},{"type":"A","date":"2018-03-20T03:04:56.000Z","volume":2000,"label":" ","price":16.04},{"type":"A","date":"2018-03-20T03:05:10.000Z","volume":1000,"label":" ","price":16.04},{"type":"A","date":"2018-03-20T03:05:56.000Z","volume":2000,"label":" ","price":16.04},{"type":"A","date":"2018-03-20T03:06:56.000Z","volume":1500,"label":" ","price":16.04},{"type":"A","date":"2018-03-20T03:07:32.000Z","volume":1000,"label":" ","price":16.04},{"type":"A","date":"2018-03-20T03:07:57.000Z","volume":2000,"label":" ","price":16.04},{"type":"A","date":"2018-03-20T03:08:18.000Z","volume":500,"label":" ","price":16.04},{"type":"A","date":"2018-03-20T03:08:57.000Z","volume":1500,"label":" ","price":16.04},{"type":"A","date":"2018-03-20T03:09:57.000Z","volume":2000,"label":" ","price":16.04},{"type":"A","date":"2018-03-20T03:10:00.000Z","volume":2000,"label":" ","price":16.04},{"type":"A","date":"2018-03-20T03:10:17.000Z","volume":1000,"label":" ","price":16.04},{"type":"A","date":"2018-03-20T03:10:17.000Z","volume":1000,"label":" ","price":16.04},{"type":"A","date":"2018-03-20T03:10:17.000Z","volume":1000,"label":" ","price":16.04},{"type":"A","date":"2018-03-20T03:10:55.000Z","volume":2500,"label":" ","price":16.04},{"type":"B","date":"2018-03-20T03:10:57.000Z","volume":10000,"label":" ","price":16.02},{"type":"A","date":"2018-03-20T03:10:57.000Z","volume":1500,"label":"Y","price":16.04},{"type":"B","date":"2018-03-20T03:11:53.000Z","volume":2000,"label":" ","price":16.02},{"type":"A","date":"2018-03-20T03:11:57.000Z","volume":2000,"label":"Y","price":16.04},{"type":"A","date":"2018-03-20T03:12:48.000Z","volume":1000,"label":" ","price":16.04},{"type":"A","date":"2018-03-20T03:12:57.000Z","volume":1500,"label":" ","price":16.04},{"type":"A","date":"2018-03-20T03:13:58.000Z","volume":2000,"label":" ","price":16.04},{"type":"A","date":"2018-03-20T03:14:02.000Z","volume":500,"label":" ","price":16.04},{"type":"B","date":"2018-03-20T03:14:36.000Z","volume":1000,"label":" ","price":16.02},{"type":"B","date":"2018-03-20T03:14:36.000Z","volume":15500,"label":" ","price":16.02},{"type":"B","date":"2018-03-20T03:14:36.000Z","volume":5000,"label":" ","price":16},{"type":"B","date":"2018-03-20T03:14:36.000Z","volume":500,"label":" ","price":16.02},{"type":"B","date":"2018-03-20T03:14:41.000Z","volume":1000,"label":" ","price":15.98},{"type":"A","date":"2018-03-20T03:14:45.000Z","volume":7000,"label":" ","price":16.02},{"type":"A","date":"2018-03-20T03:14:45.000Z","volume":3000,"label":" ","price":16.04},{"type":"A","date":"2018-03-20T03:14:45.000Z","volume":500,"label":" ","price":16.04},{"type":"A","date":"2018-03-20T03:14:58.000Z","volume":1500,"label":" ","price":16.04},{"type":"A","date":"2018-03-20T03:15:58.000Z","volume":2000,"label":" ","price":16.04},{"type":"A","date":"2018-03-20T03:16:58.000Z","volume":1500,"label":" ","price":16.02},{"type":"U","date":"2018-03-20T03:17:06.000Z","volume":145,"label":"D","price":15.96},{"type":"A","date":"2018-03-20T03:17:59.000Z","volume":2000,"label":" ","price":16.02},{"type":"A","date":"2018-03-20T03:17:59.000Z","volume":2000,"label":" ","price":16.02},{"type":"A","date":"2018-03-20T03:18:20.000Z","volume":500,"label":" ","price":16.02},{"type":"B","date":"2018-03-20T03:18:20.000Z","volume":500,"label":" ","price":16.02},{"type":"B","date":"2018-03-20T03:18:24.000Z","volume":500,"label":" ","price":16.02},{"type":"B","date":"2018-03-20T03:18:32.000Z","volume":500,"label":" ","price":16.02},{"type":"B","date":"2018-03-20T03:18:41.000Z","volume":1000,"label":" ","price":16.02},{"type":"B","date":"2018-03-20T03:18:44.000Z","volume":7000,"label":" ","price":16.02},{"type":"A","date":"2018-03-20T03:18:59.000Z","volume":1500,"label":" ","price":16.02},{"type":"B","date":"2018-03-20T03:19:35.000Z","volume":1000,"label":" ","price":16},{"type":"A","date":"2018-03-20T03:20:00.000Z","volume":2000,"label":" ","price":16.02},{"type":"A","date":"2018-03-20T03:20:16.000Z","volume":500,"label":" ","price":16.02},{"type":"A","date":"2018-03-20T03:21:00.000Z","volume":1500,"label":" ","price":16.02},{"type":"B","date":"2018-03-20T03:21:10.000Z","volume":4500,"label":" ","price":15.98},{"type":"B","date":"2018-03-20T03:21:43.000Z","volume":3500,"label":" ","price":15.96},{"type":"A","date":"2018-03-20T03:22:00.000Z","volume":2000,"label":" ","price":15.96},{"type":"A","date":"2018-03-20T03:22:35.000Z","volume":500,"label":"Y","price":15.96},{"type":"A","date":"2018-03-20T03:22:35.000Z","volume":19500,"label":" ","price":15.96},{"type":"A","date":"2018-03-20T03:22:35.000Z","volume":1000,"label":"Y","price":15.96},{"type":"A","date":"2018-03-20T03:22:35.000Z","volume":1500,"label":" ","price":15.96},{"type":"A","date":"2018-03-20T03:23:00.000Z","volume":1500,"label":" ","price":15.98},{"type":"B","date":"2018-03-20T03:23:34.000Z","volume":1000,"label":" ","price":15.92},{"type":"A","date":"2018-03-20T03:24:00.000Z","volume":2000,"label":" ","price":15.98},{"type":"A","date":"2018-03-20T03:25:00.000Z","volume":2000,"label":" ","price":15.98},{"type":"A","date":"2018-03-20T03:25:11.000Z","volume":500,"label":" ","price":15.98},{"type":"A","date":"2018-03-20T03:26:00.000Z","volume":1500,"label":" ","price":15.98},{"type":"A","date":"2018-03-20T03:26:43.000Z","volume":3500,"label":"Y","price":15.98},{"type":"A","date":"2018-03-20T03:26:43.000Z","volume":500,"label":" ","price":15.98},{"type":"A","date":"2018-03-20T03:26:45.000Z","volume":1000,"label":" ","price":15.98},{"type":"A","date":"2018-03-20T03:27:01.000Z","volume":2000,"label":" ","price":16},{"type":"A","date":"2018-03-20T03:28:01.000Z","volume":1500,"label":" ","price":16},{"type":"A","date":"2018-03-20T03:28:05.000Z","volume":1500,"label":" ","price":16},{"type":"A","date":"2018-03-20T03:28:15.000Z","volume":500,"label":" ","price":16},{"type":"A","date":"2018-03-20T03:28:43.000Z","volume":2000,"label":" ","price":16},{"type":"B","date":"2018-03-20T03:28:53.000Z","volume":500,"label":" ","price":15.98},{"type":"A","date":"2018-03-20T03:29:01.000Z","volume":2000,"label":" ","price":16.02},{"type":"A","date":"2018-03-20T03:29:17.000Z","volume":500,"label":" ","price":16.02},{"type":"A","date":"2018-03-20T03:30:01.000Z","volume":1500,"label":" ","price":16.02},{"type":"A","date":"2018-03-20T03:30:17.000Z","volume":500,"label":" ","price":16.02},{"type":"A","date":"2018-03-20T03:30:19.000Z","volume":500,"label":" ","price":16.02},{"type":"A","date":"2018-03-20T03:31:01.000Z","volume":2000,"label":" ","price":16.02},{"type":"A","date":"2018-03-20T03:31:32.000Z","volume":500,"label":" ","price":16.02},{"type":"A","date":"2018-03-20T03:31:32.000Z","volume":500,"label":"Y","price":16.02},{"type":"A","date":"2018-03-20T03:32:01.000Z","volume":1500,"label":" ","price":16.02},{"type":"A","date":"2018-03-20T03:33:02.000Z","volume":2000,"label":" ","price":16.02},{"type":"A","date":"2018-03-20T03:33:10.000Z","volume":2000,"label":" ","price":16},{"type":"A","date":"2018-03-20T03:33:17.000Z","volume":500,"label":" ","price":16},{"type":"A","date":"2018-03-20T03:33:32.000Z","volume":1000,"label":" ","price":16},{"type":"A","date":"2018-03-20T03:33:47.000Z","volume":500,"label":" ","price":16.02},{"type":"A","date":"2018-03-20T03:34:00.000Z","volume":2000,"label":" ","price":16.02},{"type":"A","date":"2018-03-20T03:34:03.000Z","volume":1500,"label":" ","price":16.02},{"type":"A","date":"2018-03-20T03:35:02.000Z","volume":500,"label":" ","price":16.02},{"type":"A","date":"2018-03-20T03:35:03.000Z","volume":2000,"label":" ","price":16.02},{"type":"A","date":"2018-03-20T03:35:16.000Z","volume":500,"label":" ","price":16.02},{"type":"A","date":"2018-03-20T03:35:30.000Z","volume":1000,"label":" ","price":16.02},{"type":"A","date":"2018-03-20T03:35:32.000Z","volume":500,"label":" ","price":16.02},{"type":"A","date":"2018-03-20T03:36:03.000Z","volume":1500,"label":" ","price":16.02},{"type":"A","date":"2018-03-20T03:36:17.000Z","volume":500,"label":" ","price":16.02},{"type":"A","date":"2018-03-20T03:37:03.000Z","volume":2000,"label":" ","price":16.02},{"type":"B","date":"2018-03-20T03:37:15.000Z","volume":3500,"label":" ","price":15.98},{"type":"A","date":"2018-03-20T03:37:17.000Z","volume":500,"label":" ","price":16.02},{"type":"A","date":"2018-03-20T03:37:32.000Z","volume":500,"label":" ","price":16.02},{"type":"A","date":"2018-03-20T03:37:55.000Z","volume":500,"label":" ","price":16.02},{"type":"A","date":"2018-03-20T03:38:03.000Z","volume":1500,"label":" ","price":16.02},{"type":"U","date":"2018-03-20T03:38:07.000Z","volume":421,"label":"D","price":15.88},{"type":"A","date":"2018-03-20T03:38:17.000Z","volume":500,"label":" ","price":16.02},{"type":"A","date":"2018-03-20T03:39:04.000Z","volume":2000,"label":" ","price":16.02},{"type":"B","date":"2018-03-20T03:39:05.000Z","volume":500,"label":" ","price":16},{"type":"A","date":"2018-03-20T03:39:17.000Z","volume":500,"label":" ","price":16.02},{"type":"A","date":"2018-03-20T03:39:32.000Z","volume":500,"label":" ","price":16.02},{"type":"A","date":"2018-03-20T03:40:04.000Z","volume":1500,"label":" ","price":16.02},{"type":"A","date":"2018-03-20T03:40:11.000Z","volume":500,"label":" ","price":16.02},{"type":"A","date":"2018-03-20T03:41:04.000Z","volume":2000,"label":" ","price":16.02},{"type":"A","date":"2018-03-20T03:42:04.000Z","volume":2000,"label":" ","price":16.02},{"type":"B","date":"2018-03-20T03:42:09.000Z","volume":4000,"label":"Y","price":16},{"type":"B","date":"2018-03-20T03:42:09.000Z","volume":9000,"label":" ","price":16},{"type":"B","date":"2018-03-20T03:42:09.000Z","volume":500,"label":" ","price":16},{"type":"B","date":"2018-03-20T03:42:26.000Z","volume":500,"label":" ","price":16},{"type":"A","date":"2018-03-20T03:43:04.000Z","volume":1500,"label":" ","price":16.02},{"type":"B","date":"2018-03-20T03:43:07.000Z","volume":500,"label":" ","price":16},{"type":"B","date":"2018-03-20T03:43:30.000Z","volume":500,"label":" ","price":16},{"type":"A","date":"2018-03-20T03:44:05.000Z","volume":2000,"label":" ","price":16.02},{"type":"B","date":"2018-03-20T03:44:07.000Z","volume":1000,"label":" ","price":16},{"type":"A","date":"2018-03-20T03:45:06.000Z","volume":1500,"label":" ","price":16.02},{"type":"B","date":"2018-03-20T03:45:08.000Z","volume":500,"label":" ","price":16},{"type":"A","date":"2018-03-20T03:45:12.000Z","volume":1000,"label":" ","price":16.02},{"type":"A","date":"2018-03-20T03:45:47.000Z","volume":500,"label":"Y","price":16.02},{"type":"B","date":"2018-03-20T03:45:49.000Z","volume":500,"label":" ","price":16},{"type":"A","date":"2018-03-20T03:46:06.000Z","volume":2000,"label":" ","price":16.02},{"type":"B","date":"2018-03-20T03:46:08.000Z","volume":500,"label":" ","price":16},{"type":"B","date":"2018-03-20T03:46:46.000Z","volume":6500,"label":" ","price":16},{"type":"A","date":"2018-03-20T03:47:06.000Z","volume":1500,"label":" ","price":16},{"type":"A","date":"2018-03-20T03:48:06.000Z","volume":2000,"label":" ","price":16},{"type":"A","date":"2018-03-20T03:48:50.000Z","volume":500,"label":" ","price":16},{"type":"A","date":"2018-03-20T03:49:06.000Z","volume":1500,"label":" ","price":16},{"type":"B","date":"2018-03-20T03:49:35.000Z","volume":500,"label":" ","price":15.98},{"type":"A","date":"2018-03-20T03:50:06.000Z","volume":2000,"label":" ","price":16},{"type":"A","date":"2018-03-20T03:50:12.000Z","volume":500,"label":" ","price":16},{"type":"A","date":"2018-03-20T03:50:32.000Z","volume":500,"label":" ","price":16},{"type":"A","date":"2018-03-20T03:51:06.000Z","volume":1500,"label":" ","price":16},{"type":"A","date":"2018-03-20T03:51:32.000Z","volume":500,"label":" ","price":16},{"type":"A","date":"2018-03-20T03:51:32.000Z","volume":500,"label":" ","price":16},{"type":"A","date":"2018-03-20T03:52:07.000Z","volume":2000,"label":" ","price":16},{"type":"A","date":"2018-03-20T03:52:32.000Z","volume":500,"label":" ","price":16},{"type":"A","date":"2018-03-20T03:52:32.000Z","volume":500,"label":" ","price":16},{"type":"A","date":"2018-03-20T03:53:05.000Z","volume":3000,"label":" ","price":16},{"type":"A","date":"2018-03-20T03:53:08.000Z","volume":1500,"label":" ","price":16},{"type":"A","date":"2018-03-20T03:53:32.000Z","volume":500,"label":" ","price":16},{"type":"A","date":"2018-03-20T03:53:47.000Z","volume":500,"label":" ","price":16},{"type":"A","date":"2018-03-20T03:54:08.000Z","volume":2000,"label":" ","price":16},{"type":"A","date":"2018-03-20T03:54:32.000Z","volume":500,"label":" ","price":16},{"type":"A","date":"2018-03-20T03:55:08.000Z","volume":1500,"label":" ","price":16},{"type":"A","date":"2018-03-20T03:55:13.000Z","volume":500,"label":" ","price":16},{"type":"A","date":"2018-03-20T03:55:17.000Z","volume":500,"label":" ","price":16},{"type":"A","date":"2018-03-20T03:55:32.000Z","volume":500,"label":" ","price":16},{"type":"A","date":"2018-03-20T03:56:08.000Z","volume":2000,"label":" ","price":16},{"type":"A","date":"2018-03-20T03:56:09.000Z","volume":500,"label":" ","price":16},{"type":"A","date":"2018-03-20T03:56:32.000Z","volume":500,"label":" ","price":16},{"type":"A","date":"2018-03-20T03:56:32.000Z","volume":500,"label":" ","price":16},{"type":"A","date":"2018-03-20T03:57:05.000Z","volume":2500,"label":"Y","price":16},{"type":"A","date":"2018-03-20T03:57:05.000Z","volume":1000,"label":" ","price":16},{"type":"A","date":"2018-03-20T03:57:08.000Z","volume":1500,"label":" ","price":16},{"type":"A","date":"2018-03-20T03:57:32.000Z","volume":500,"label":" ","price":16},{"type":"A","date":"2018-03-20T03:57:47.000Z","volume":500,"label":" ","price":16},{"type":"A","date":"2018-03-20T03:58:09.000Z","volume":2000,"label":" ","price":16},{"type":"A","date":"2018-03-20T03:58:32.000Z","volume":500,"label":" ","price":16},{"type":"A","date":"2018-03-20T03:59:09.000Z","volume":2000,"label":" ","price":16},{"type":"A","date":"2018-03-20T03:59:10.000Z","volume":1000,"label":"Y","price":16},{"type":"A","date":"2018-03-20T03:59:10.000Z","volume":1500,"label":" ","price":16},{"type":"A","date":"2018-03-20T03:59:10.000Z","volume":1500,"label":" ","price":16},{"type":"A","date":"2018-03-20T03:59:10.000Z","volume":500,"label":" ","price":16},{"type":"B","date":"2018-03-20T03:59:10.000Z","volume":500,"label":" ","price":16},{"type":"B","date":"2018-03-20T03:59:24.000Z","volume":1000,"label":" ","price":16},{"type":"A","date":"2018-03-20T03:59:25.000Z","volume":500,"label":" ","price":16.02},{"type":"A","date":"2018-03-20T03:59:29.000Z","volume":500,"label":" ","price":16.02},{"type":"A","date":"2018-03-20T03:59:36.000Z","volume":1000,"label":" ","price":16},{"type":"A","date":"2018-03-20T03:59:36.000Z","volume":1000,"label":" ","price":16.02},{"type":"A","date":"2018-03-20T03:59:49.000Z","volume":500,"label":" ","price":16.02},{"type":"A","date":"2018-03-20T05:00:04.000Z","volume":1000,"label":" ","price":16},{"type":"A","date":"2018-03-20T05:00:09.000Z","volume":1500,"label":" ","price":16.02},{"type":"A","date":"2018-03-20T05:01:10.000Z","volume":2000,"label":" ","price":16.02},{"type":"A","date":"2018-03-20T05:02:10.000Z","volume":1500,"label":" ","price":16.02},{"type":"A","date":"2018-03-20T05:02:47.000Z","volume":500,"label":" ","price":16.02},{"type":"A","date":"2018-03-20T05:03:10.000Z","volume":2000,"label":" ","price":16.02},{"type":"A","date":"2018-03-20T05:03:17.000Z","volume":2000,"label":" ","price":16.02},{"type":"B","date":"2018-03-20T05:04:05.000Z","volume":500,"label":" ","price":16},{"type":"A","date":"2018-03-20T05:04:10.000Z","volume":1500,"label":" ","price":16.02},{"type":"A","date":"2018-03-20T05:05:10.000Z","volume":2000,"label":" ","price":16.02},{"type":"A","date":"2018-03-20T05:05:15.000Z","volume":2500,"label":" ","price":16.02},{"type":"A","date":"2018-03-20T05:05:18.000Z","volume":500,"label":" ","price":16.02},{"type":"B","date":"2018-03-20T05:05:25.000Z","volume":5000,"label":" ","price":16},{"type":"A","date":"2018-03-20T05:06:10.000Z","volume":1500,"label":" ","price":16.02},{"type":"B","date":"2018-03-20T05:06:18.000Z","volume":6000,"label":" ","price":16},{"type":"B","date":"2018-03-20T05:06:20.000Z","volume":500,"label":" ","price":16},{"type":"B","date":"2018-03-20T05:06:22.000Z","volume":2000,"label":" ","price":16},{"type":"A","date":"2018-03-20T05:07:11.000Z","volume":2000,"label":" ","price":16.02},{"type":"A","date":"2018-03-20T05:08:11.000Z","volume":1500,"label":" ","price":16.02},{"type":"A","date":"2018-03-20T05:09:11.000Z","volume":2000,"label":" ","price":16.02},{"type":"A","date":"2018-03-20T05:10:11.000Z","volume":1500,"label":" ","price":16.02},{"type":"A","date":"2018-03-20T05:10:23.000Z","volume":1000,"label":" ","price":16.02},{"type":"A","date":"2018-03-20T05:11:12.000Z","volume":2000,"label":" ","price":16.02},{"type":"B","date":"2018-03-20T05:11:14.000Z","volume":500,"label":" ","price":16},{"type":"B","date":"2018-03-20T05:11:16.000Z","volume":500,"label":"Y","price":16},{"type":"B","date":"2018-03-20T05:11:16.000Z","volume":2000,"label":" ","price":16},{"type":"A","date":"2018-03-20T05:12:11.000Z","volume":1500,"label":" ","price":16.02},{"type":"A","date":"2018-03-20T05:13:05.000Z","volume":2000,"label":"Y","price":16.02},{"type":"A","date":"2018-03-20T05:13:10.000Z","volume":500,"label":"Y","price":16.02},{"type":"A","date":"2018-03-20T05:13:10.000Z","volume":1000,"label":" ","price":16.02},{"type":"A","date":"2018-03-20T05:13:12.000Z","volume":2000,"label":" ","price":16.02},{"type":"A","date":"2018-03-20T05:14:13.000Z","volume":1500,"label":" ","price":16.02},{"type":"A","date":"2018-03-20T05:15:13.000Z","volume":2000,"label":" ","price":16.02},{"type":"A","date":"2018-03-20T05:15:20.000Z","volume":500,"label":" ","price":16.02},{"type":"A","date":"2018-03-20T05:16:13.000Z","volume":1500,"label":" ","price":16.02},{"type":"A","date":"2018-03-20T05:16:17.000Z","volume":500,"label":" ","price":16.02},{"type":"A","date":"2018-03-20T05:17:02.000Z","volume":500,"label":" ","price":16.02},{"type":"A","date":"2018-03-20T05:17:13.000Z","volume":2000,"label":" ","price":16.02},{"type":"A","date":"2018-03-20T05:17:14.000Z","volume":500,"label":" ","price":16.02},{"type":"A","date":"2018-03-20T05:18:02.000Z","volume":500,"label":" ","price":16.02},{"type":"A","date":"2018-03-20T05:18:13.000Z","volume":2000,"label":" ","price":16.02},{"type":"A","date":"2018-03-20T05:18:32.000Z","volume":500,"label":" ","price":16.02},{"type":"A","date":"2018-03-20T05:18:34.000Z","volume":1000,"label":" ","price":16.02},{"type":"A","date":"2018-03-20T05:19:02.000Z","volume":500,"label":" ","price":16.02},{"type":"A","date":"2018-03-20T05:19:13.000Z","volume":1500,"label":" ","price":16.02},{"type":"A","date":"2018-03-20T05:19:47.000Z","volume":500,"label":" ","price":16.02},{"type":"A","date":"2018-03-20T05:20:13.000Z","volume":2000,"label":" ","price":16.02},{"type":"A","date":"2018-03-20T05:20:32.000Z","volume":1000,"label":" ","price":16.02},{"type":"A","date":"2018-03-20T05:21:00.000Z","volume":7000,"label":" ","price":16.02},{"type":"A","date":"2018-03-20T05:21:00.000Z","volume":2000,"label":" ","price":16.02},{"type":"A","date":"2018-03-20T05:21:00.000Z","volume":1500,"label":" ","price":16.02},{"type":"A","date":"2018-03-20T05:21:00.000Z","volume":1500,"label":" ","price":16.02},{"type":"B","date":"2018-03-20T05:21:02.000Z","volume":1000,"label":" ","price":16},{"type":"B","date":"2018-03-20T05:21:04.000Z","volume":3500,"label":" ","price":16},{"type":"A","date":"2018-03-20T05:21:05.000Z","volume":2000,"label":"Y","price":16.02},{"type":"A","date":"2018-03-20T05:21:07.000Z","volume":500,"label":"Y","price":16.02},{"type":"A","date":"2018-03-20T05:21:07.000Z","volume":500,"label":" ","price":16.02},{"type":"A","date":"2018-03-20T05:21:10.000Z","volume":1000,"label":" ","price":16.02},{"type":"A","date":"2018-03-20T05:21:14.000Z","volume":1500,"label":" ","price":16.02},{"type":"A","date":"2018-03-20T05:21:17.000Z","volume":500,"label":" ","price":16.02},{"type":"A","date":"2018-03-20T05:21:17.000Z","volume":500,"label":" ","price":16.02},{"type":"A","date":"2018-03-20T05:22:14.000Z","volume":2000,"label":" ","price":16.04},{"type":"A","date":"2018-03-20T05:22:25.000Z","volume":500,"label":" ","price":16.04},{"type":"A","date":"2018-03-20T05:22:35.000Z","volume":500,"label":" ","price":16.04},{"type":"A","date":"2018-03-20T05:22:47.000Z","volume":500,"label":" ","price":16.04},{"type":"A","date":"2018-03-20T05:23:14.000Z","volume":1500,"label":" ","price":16.04},{"type":"U","date":"2018-03-20T05:24:00.000Z","volume":200,"label":"D","price":15.92},{"type":"A","date":"2018-03-20T05:24:02.000Z","volume":500,"label":" ","price":16.04},{"type":"B","date":"2018-03-20T05:24:11.000Z","volume":10500,"label":" ","price":16.02},{"type":"B","date":"2018-03-20T05:24:11.000Z","volume":5500,"label":" ","price":16},{"type":"B","date":"2018-03-20T05:24:13.000Z","volume":4500,"label":" ","price":16.02},{"type":"B","date":"2018-03-20T05:24:13.000Z","volume":500,"label":" ","price":16.02},{"type":"A","date":"2018-03-20T05:24:14.000Z","volume":2000,"label":" ","price":16.02},{"type":"A","date":"2018-03-20T05:25:14.000Z","volume":1500,"label":" ","price":16.04},{"type":"A","date":"2018-03-20T05:25:23.000Z","volume":1000,"label":" ","price":16.04},{"type":"A","date":"2018-03-20T05:26:15.000Z","volume":2000,"label":" ","price":16.04},{"type":"A","date":"2018-03-20T05:27:15.000Z","volume":1500,"label":" ","price":16.04},{"type":"U","date":"2018-03-20T05:28:15.000Z","volume":500,"label":" ","price":16.02},{"type":"A","date":"2018-03-20T05:28:15.000Z","volume":2000,"label":" ","price":16.04},{"type":"U","date":"2018-03-20T05:28:20.000Z","volume":1500,"label":" ","price":16.02},{"type":"U","date":"2018-03-20T05:28:20.000Z","volume":500,"label":" ","price":16.02},{"type":"A","date":"2018-03-20T05:29:15.000Z","volume":1500,"label":" ","price":16.04},{"type":"B","date":"2018-03-20T05:30:07.000Z","volume":500,"label":" ","price":16.02},{"type":"A","date":"2018-03-20T05:30:15.000Z","volume":2000,"label":" ","price":16.04},{"type":"A","date":"2018-03-20T05:30:17.000Z","volume":1000,"label":" ","price":16.04},{"type":"A","date":"2018-03-20T05:30:35.000Z","volume":1000,"label":"Y","price":16.02},{"type":"A","date":"2018-03-20T05:30:35.000Z","volume":500,"label":" ","price":16.02},{"type":"A","date":"2018-03-20T05:31:15.000Z","volume":1500,"label":" ","price":16.02},{"type":"A","date":"2018-03-20T05:31:17.000Z","volume":1000,"label":" ","price":16.02},{"type":"A","date":"2018-03-20T05:31:17.000Z","volume":500,"label":" ","price":16.02},{"type":"A","date":"2018-03-20T05:31:17.000Z","volume":1000,"label":" ","price":16.02},{"type":"A","date":"2018-03-20T05:31:17.000Z","volume":1000,"label":" ","price":16.02},{"type":"A","date":"2018-03-20T05:31:47.000Z","volume":1000,"label":" ","price":16.04},{"type":"A","date":"2018-03-20T05:32:07.000Z","volume":50000,"label":" ","price":16.04},{"type":"A","date":"2018-03-20T05:32:07.000Z","volume":5500,"label":" ","price":16.04},{"type":"A","date":"2018-03-20T05:32:07.000Z","volume":2000,"label":" ","price":16.06},{"type":"A","date":"2018-03-20T05:32:15.000Z","volume":2000,"label":" ","price":16.06},{"type":"A","date":"2018-03-20T05:33:16.000Z","volume":1500,"label":" ","price":16.06},{"type":"A","date":"2018-03-20T05:34:16.000Z","volume":2000,"label":" ","price":16.06},{"type":"A","date":"2018-03-20T05:34:31.000Z","volume":10000,"label":" ","price":16.06},{"type":"A","date":"2018-03-20T05:34:32.000Z","volume":500,"label":" ","price":16.06},{"type":"A","date":"2018-03-20T05:35:17.000Z","volume":2000,"label":" ","price":16.06},{"type":"A","date":"2018-03-20T05:35:17.000Z","volume":500,"label":" ","price":16.06},{"type":"A","date":"2018-03-20T05:35:17.000Z","volume":500,"label":" ","price":16.06},{"type":"A","date":"2018-03-20T05:35:25.000Z","volume":1000,"label":" ","price":16.06},{"type":"A","date":"2018-03-20T05:36:02.000Z","volume":500,"label":" ","price":16.06},{"type":"A","date":"2018-03-20T05:36:17.000Z","volume":1500,"label":" ","price":16.06},{"type":"A","date":"2018-03-20T05:36:46.000Z","volume":500,"label":" ","price":16.06},{"type":"A","date":"2018-03-20T05:36:47.000Z","volume":500,"label":" ","price":16.06},{"type":"A","date":"2018-03-20T05:37:17.000Z","volume":2000,"label":" ","price":16.06},{"type":"B","date":"2018-03-20T05:37:19.000Z","volume":3000,"label":"Y","price":16.04},{"type":"B","date":"2018-03-20T05:37:19.000Z","volume":7000,"label":" ","price":16.04},{"type":"A","date":"2018-03-20T05:38:17.000Z","volume":1500,"label":" ","price":16.06},{"type":"A","date":"2018-03-20T05:39:17.000Z","volume":2000,"label":" ","price":16.06},{"type":"A","date":"2018-03-20T05:40:18.000Z","volume":1500,"label":" ","price":16.06},{"type":"A","date":"2018-03-20T05:40:26.000Z","volume":500,"label":" ","price":16.06},{"type":"A","date":"2018-03-20T05:41:18.000Z","volume":2000,"label":" ","price":16.06},{"type":"B","date":"2018-03-20T05:41:20.000Z","volume":3000,"label":" ","price":16.04},{"type":"A","date":"2018-03-20T05:41:55.000Z","volume":1000,"label":" ","price":16.06},{"type":"A","date":"2018-03-20T05:42:18.000Z","volume":1500,"label":" ","price":16.06},{"type":"A","date":"2018-03-20T05:43:18.000Z","volume":2000,"label":" ","price":16.06},{"type":"A","date":"2018-03-20T05:44:19.000Z","volume":1500,"label":" ","price":16.06},{"type":"A","date":"2018-03-20T05:45:15.000Z","volume":1500,"label":" ","price":16.06},{"type":"A","date":"2018-03-20T05:45:17.000Z","volume":500,"label":" ","price":16.06},{"type":"A","date":"2018-03-20T05:45:19.000Z","volume":2000,"label":" ","price":16.06},{"type":"B","date":"2018-03-20T05:45:25.000Z","volume":500,"label":" ","price":16.04},{"type":"A","date":"2018-03-20T05:45:27.000Z","volume":500,"label":" ","price":16.06},{"type":"A","date":"2018-03-20T05:46:20.000Z","volume":1500,"label":" ","price":16.06},{"type":"A","date":"2018-03-20T05:46:47.000Z","volume":500,"label":" ","price":16.06},{"type":"A","date":"2018-03-20T05:47:19.000Z","volume":2000,"label":" ","price":16.06},{"type":"A","date":"2018-03-20T05:48:02.000Z","volume":500,"label":" ","price":16.06},{"type":"A","date":"2018-03-20T05:48:17.000Z","volume":500,"label":" ","price":16.06},{"type":"A","date":"2018-03-20T05:48:20.000Z","volume":1500,"label":" ","price":16.06},{"type":"A","date":"2018-03-20T05:49:10.000Z","volume":1000,"label":" ","price":16.06},{"type":"A","date":"2018-03-20T05:49:17.000Z","volume":500,"label":" ","price":16.06},{"type":"A","date":"2018-03-20T05:49:20.000Z","volume":2000,"label":" ","price":16.06},{"type":"B","date":"2018-03-20T05:49:30.000Z","volume":2000,"label":" ","price":16.04},{"type":"A","date":"2018-03-20T05:49:47.000Z","volume":500,"label":" ","price":16.06},{"type":"A","date":"2018-03-20T05:50:02.000Z","volume":500,"label":" ","price":16.06},{"type":"A","date":"2018-03-20T05:50:02.000Z","volume":500,"label":" ","price":16.06},{"type":"A","date":"2018-03-20T05:50:02.000Z","volume":500,"label":" ","price":16.06},{"type":"A","date":"2018-03-20T05:50:02.000Z","volume":500,"label":" ","price":16.06},{"type":"A","date":"2018-03-20T05:50:02.000Z","volume":500,"label":" ","price":16.06},{"type":"A","date":"2018-03-20T05:50:02.000Z","volume":500,"label":" ","price":16.06},{"type":"A","date":"2018-03-20T05:50:02.000Z","volume":500,"label":" ","price":16.06},{"type":"A","date":"2018-03-20T05:50:02.000Z","volume":1000,"label":" ","price":16.06},{"type":"A","date":"2018-03-20T05:50:02.000Z","volume":500,"label":" ","price":16.06},{"type":"A","date":"2018-03-20T05:50:02.000Z","volume":500,"label":" ","price":16.06},{"type":"A","date":"2018-03-20T05:50:02.000Z","volume":1000,"label":" ","price":16.06},{"type":"A","date":"2018-03-20T05:50:05.000Z","volume":500,"label":"Y","price":16.06},{"type":"A","date":"2018-03-20T05:50:05.000Z","volume":1000,"label":" ","price":16.06},{"type":"A","date":"2018-03-20T05:50:20.000Z","volume":1500,"label":" ","price":16.06},{"type":"A","date":"2018-03-20T05:50:26.000Z","volume":500,"label":" ","price":16.08},{"type":"A","date":"2018-03-20T05:51:20.000Z","volume":2000,"label":" ","price":16.08},{"type":"A","date":"2018-03-20T05:51:28.000Z","volume":500,"label":" ","price":16.08},{"type":"A","date":"2018-03-20T05:52:21.000Z","volume":1500,"label":" ","price":16.08},{"type":"A","date":"2018-03-20T05:53:21.000Z","volume":2000,"label":" ","price":16.08},{"type":"A","date":"2018-03-20T05:54:21.000Z","volume":2000,"label":" ","price":16.08},{"type":"A","date":"2018-03-20T05:55:20.000Z","volume":500,"label":" ","price":16.08},{"type":"A","date":"2018-03-20T05:55:21.000Z","volume":1500,"label":" ","price":16.08},{"type":"B","date":"2018-03-20T05:55:42.000Z","volume":7000,"label":" ","price":16.04},{"type":"A","date":"2018-03-20T05:56:22.000Z","volume":2000,"label":" ","price":16.08},{"type":"A","date":"2018-03-20T05:57:11.000Z","volume":4000,"label":"Y","price":16.08},{"type":"B","date":"2018-03-20T05:57:15.000Z","volume":1000,"label":" ","price":16.06},{"type":"A","date":"2018-03-20T05:57:19.000Z","volume":4000,"label":"Y","price":16.08},{"type":"A","date":"2018-03-20T05:57:19.000Z","volume":2500,"label":" ","price":16.08},{"type":"B","date":"2018-03-20T05:57:20.000Z","volume":2000,"label":" ","price":16.06},{"type":"A","date":"2018-03-20T05:57:22.000Z","volume":1500,"label":" ","price":16.08},{"type":"A","date":"2018-03-20T05:58:23.000Z","volume":2000,"label":" ","price":16.08},{"type":"B","date":"2018-03-20T05:58:25.000Z","volume":3000,"label":"Y","price":16.06},{"type":"B","date":"2018-03-20T05:58:25.000Z","volume":2000,"label":" ","price":16.06},{"type":"A","date":"2018-03-20T05:58:25.000Z","volume":1000,"label":" ","price":16.08},{"type":"A","date":"2018-03-20T05:58:47.000Z","volume":500,"label":" ","price":16.08},{"type":"A","date":"2018-03-20T05:59:10.000Z","volume":1500,"label":"Y","price":16.08},{"type":"B","date":"2018-03-20T05:59:12.000Z","volume":500,"label":"Y","price":16.06},{"type":"A","date":"2018-03-20T05:59:23.000Z","volume":1500,"label":" ","price":16.08},{"type":"B","date":"2018-03-20T05:59:25.000Z","volume":500,"label":" ","price":16.06},{"type":"A","date":"2018-03-20T05:59:43.000Z","volume":23000,"label":"Y","price":16.08},{"type":"A","date":"2018-03-20T05:59:43.000Z","volume":57000,"label":" ","price":16.08},{"type":"A","date":"2018-03-20T06:00:02.000Z","volume":500,"label":" ","price":16.08},{"type":"A","date":"2018-03-20T06:00:23.000Z","volume":2000,"label":" ","price":16.08},{"type":"A","date":"2018-03-20T06:00:45.000Z","volume":2000,"label":" ","price":16.08},{"type":"A","date":"2018-03-20T06:00:47.000Z","volume":500,"label":" ","price":16.08},{"type":"A","date":"2018-03-20T06:01:23.000Z","volume":1500,"label":" ","price":16.08},{"type":"A","date":"2018-03-20T06:01:32.000Z","volume":500,"label":" ","price":16.08},{"type":"A","date":"2018-03-20T06:02:02.000Z","volume":500,"label":" ","price":16.1},{"type":"A","date":"2018-03-20T06:02:16.000Z","volume":4500,"label":" ","price":16.1},{"type":"B","date":"2018-03-20T06:02:20.000Z","volume":500,"label":" ","price":16.08},{"type":"A","date":"2018-03-20T06:02:23.000Z","volume":2000,"label":" ","price":16.1},{"type":"B","date":"2018-03-20T06:02:25.000Z","volume":1500,"label":" ","price":16.08},{"type":"A","date":"2018-03-20T06:03:17.000Z","volume":500,"label":" ","price":16.1},{"type":"A","date":"2018-03-20T06:03:23.000Z","volume":1500,"label":" ","price":16.1},{"type":"A","date":"2018-03-20T06:04:18.000Z","volume":7500,"label":" ","price":16.1},{"type":"B","date":"2018-03-20T06:04:20.000Z","volume":500,"label":" ","price":16.08},{"type":"B","date":"2018-03-20T06:04:22.000Z","volume":3500,"label":" ","price":16.08},{"type":"A","date":"2018-03-20T06:04:24.000Z","volume":2000,"label":" ","price":16.1},{"type":"A","date":"2018-03-20T06:04:51.000Z","volume":500,"label":" ","price":16.1},{"type":"A","date":"2018-03-20T06:05:25.000Z","volume":1500,"label":" ","price":16.1},{"type":"A","date":"2018-03-20T06:05:49.000Z","volume":500,"label":" ","price":16.1},{"type":"A","date":"2018-03-20T06:06:25.000Z","volume":2000,"label":" ","price":16.1},{"type":"A","date":"2018-03-20T06:07:02.000Z","volume":500,"label":" ","price":16.1},{"type":"A","date":"2018-03-20T06:07:14.000Z","volume":1000,"label":" ","price":16.1},{"type":"A","date":"2018-03-20T06:07:17.000Z","volume":2500,"label":" ","price":16.1},{"type":"B","date":"2018-03-20T06:07:19.000Z","volume":500,"label":" ","price":16.08},{"type":"B","date":"2018-03-20T06:07:21.000Z","volume":3000,"label":" ","price":16.08},{"type":"A","date":"2018-03-20T06:07:25.000Z","volume":1500,"label":" ","price":16.1},{"type":"B","date":"2018-03-20T06:07:27.000Z","volume":500,"label":" ","price":16.08},{"type":"A","date":"2018-03-20T06:07:47.000Z","volume":1000,"label":" ","price":16.1},{"type":"A","date":"2018-03-20T06:08:25.000Z","volume":2000,"label":" ","price":16.1},{"type":"A","date":"2018-03-20T06:09:13.000Z","volume":1000,"label":" ","price":16.1},{"type":"A","date":"2018-03-20T06:09:17.000Z","volume":500,"label":" ","price":16.1},{"type":"A","date":"2018-03-20T06:09:25.000Z","volume":1500,"label":" ","price":16.1},{"type":"A","date":"2018-03-20T06:09:47.000Z","volume":500,"label":" ","price":16.1},{"type":"B","date":"2018-03-20T06:09:50.000Z","volume":500,"label":" ","price":16.08},{"type":"A","date":"2018-03-20T06:10:02.000Z","volume":500,"label":" ","price":16.1},{"type":"A","date":"2018-03-20T06:10:13.000Z","volume":11500,"label":" ","price":16.1},{"type":"A","date":"2018-03-20T06:10:13.000Z","volume":22000,"label":" ","price":16.1},{"type":"A","date":"2018-03-20T06:10:13.000Z","volume":1500,"label":" ","price":16.1},{"type":"B","date":"2018-03-20T06:10:15.000Z","volume":2000,"label":" ","price":16.08},{"type":"A","date":"2018-03-20T06:10:15.000Z","volume":1500,"label":" ","price":16.1},{"type":"B","date":"2018-03-20T06:10:17.000Z","volume":8000,"label":" ","price":16.08},{"type":"A","date":"2018-03-20T06:10:17.000Z","volume":500,"label":" ","price":16.1},{"type":"A","date":"2018-03-20T06:10:25.000Z","volume":500,"label":" ","price":16.1},{"type":"A","date":"2018-03-20T06:10:25.000Z","volume":2000,"label":" ","price":16.1},{"type":"B","date":"2018-03-20T06:10:27.000Z","volume":1000,"label":" ","price":16.08},{"type":"B","date":"2018-03-20T06:10:29.000Z","volume":4500,"label":" ","price":16.08},{"type":"B","date":"2018-03-20T06:10:36.000Z","volume":5500,"label":" ","price":16.08},{"type":"B","date":"2018-03-20T06:10:36.000Z","volume":2000,"label":" ","price":16.08},{"type":"A","date":"2018-03-20T06:10:47.000Z","volume":500,"label":" ","price":16.1},{"type":"A","date":"2018-03-20T06:11:05.000Z","volume":1000,"label":" ","price":16.1},{"type":"A","date":"2018-03-20T06:11:06.000Z","volume":500,"label":" ","price":16.1},{"type":"A","date":"2018-03-20T06:11:26.000Z","volume":2000,"label":" ","price":16.1},{"type":"A","date":"2018-03-20T06:11:32.000Z","volume":500,"label":" ","price":16.1},{"type":"A","date":"2018-03-20T06:12:02.000Z","volume":500,"label":" ","price":16.1},{"type":"A","date":"2018-03-20T06:12:26.000Z","volume":1500,"label":" ","price":16.1},{"type":"A","date":"2018-03-20T06:12:32.000Z","volume":500,"label":" ","price":16.1},{"type":"B","date":"2018-03-20T06:12:54.000Z","volume":10000,"label":" ","price":16.08},{"type":"A","date":"2018-03-20T06:12:54.000Z","volume":500,"label":" ","price":16.1},{"type":"B","date":"2018-03-20T06:12:55.000Z","volume":1000,"label":"Y","price":16.08},{"type":"B","date":"2018-03-20T06:12:55.000Z","volume":1500,"label":" ","price":16.08},{"type":"B","date":"2018-03-20T06:12:57.000Z","volume":1000,"label":"Y","price":16.08},{"type":"B","date":"2018-03-20T06:12:57.000Z","volume":2000,"label":" ","price":16.08},{"type":"A","date":"2018-03-20T06:13:26.000Z","volume":2000,"label":" ","price":16.1},{"type":"B","date":"2018-03-20T06:13:47.000Z","volume":3500,"label":" ","price":16.08},{"type":"A","date":"2018-03-20T06:13:47.000Z","volume":500,"label":" ","price":16.08},{"type":"A","date":"2018-03-20T06:13:47.000Z","volume":500,"label":" ","price":16.08},{"type":"A","date":"2018-03-20T06:13:47.000Z","volume":500,"label":" ","price":16.08},{"type":"A","date":"2018-03-20T06:13:47.000Z","volume":500,"label":" ","price":16.08},{"type":"A","date":"2018-03-20T06:14:26.000Z","volume":1500,"label":" ","price":16.08},{"type":"A","date":"2018-03-20T06:14:26.000Z","volume":500,"label":" ","price":16.08},{"type":"A","date":"2018-03-20T06:15:26.000Z","volume":2000,"label":" ","price":16.08},{"type":"A","date":"2018-03-20T06:16:26.000Z","volume":1500,"label":" ","price":16.08},{"type":"B","date":"2018-03-20T06:17:04.000Z","volume":500,"label":" ","price":16.06},{"type":"A","date":"2018-03-20T06:17:28.000Z","volume":2000,"label":" ","price":16.08},{"type":"B","date":"2018-03-20T06:17:30.000Z","volume":500,"label":"Y","price":16.06},{"type":"B","date":"2018-03-20T06:17:30.000Z","volume":1000,"label":" ","price":16.06},{"type":"B","date":"2018-03-20T06:17:50.000Z","volume":1000,"label":"Y","price":16.06},{"type":"B","date":"2018-03-20T06:17:50.000Z","volume":2000,"label":" ","price":16.06},{"type":"A","date":"2018-03-20T06:18:28.000Z","volume":1500,"label":" ","price":16.08},{"type":"A","date":"2018-03-20T06:19:20.000Z","volume":1000,"label":" ","price":16.08},{"type":"A","date":"2018-03-20T06:19:28.000Z","volume":2000,"label":" ","price":16.08},{"type":"A","date":"2018-03-20T06:20:17.000Z","volume":1000,"label":" ","price":16.08},{"type":"A","date":"2018-03-20T06:20:17.000Z","volume":500,"label":" ","price":16.08},{"type":"A","date":"2018-03-20T06:20:28.000Z","volume":1500,"label":" ","price":16.08},{"type":"A","date":"2018-03-20T06:21:28.000Z","volume":2000,"label":" ","price":16.08},{"type":"A","date":"2018-03-20T06:21:52.000Z","volume":500,"label":" ","price":16.08},{"type":"A","date":"2018-03-20T06:22:28.000Z","volume":1500,"label":" ","price":16.08},{"type":"A","date":"2018-03-20T06:22:30.000Z","volume":500,"label":"Y","price":16.08},{"type":"A","date":"2018-03-20T06:22:30.000Z","volume":1500,"label":" ","price":16.08},{"type":"A","date":"2018-03-20T06:22:32.000Z","volume":500,"label":" ","price":16.08},{"type":"A","date":"2018-03-20T06:22:32.000Z","volume":1000,"label":" ","price":16.08},{"type":"A","date":"2018-03-20T06:22:32.000Z","volume":2500,"label":" ","price":16.08},{"type":"A","date":"2018-03-20T06:22:32.000Z","volume":500,"label":" ","price":16.08},{"type":"B","date":"2018-03-20T06:22:32.000Z","volume":500,"label":" ","price":16.08},{"type":"A","date":"2018-03-20T06:22:47.000Z","volume":1000,"label":" ","price":16.1},{"type":"A","date":"2018-03-20T06:23:28.000Z","volume":2000,"label":" ","price":16.1},{"type":"A","date":"2018-03-20T06:24:29.000Z","volume":1500,"label":" ","price":16.1},{"type":"A","date":"2018-03-20T06:24:29.000Z","volume":500,"label":" ","price":16.1},{"type":"A","date":"2018-03-20T06:25:02.000Z","volume":500,"label":" ","price":16.1},{"type":"A","date":"2018-03-20T06:25:02.000Z","volume":1000,"label":" ","price":16.1},{"type":"A","date":"2018-03-20T06:25:29.000Z","volume":2000,"label":" ","price":16.1},{"type":"B","date":"2018-03-20T06:25:36.000Z","volume":5500,"label":" ","price":16.08},{"type":"A","date":"2018-03-20T06:26:17.000Z","volume":500,"label":" ","price":16.1},{"type":"A","date":"2018-03-20T06:26:29.000Z","volume":1500,"label":" ","price":16.1},{"type":"B","date":"2018-03-20T06:26:30.000Z","volume":3000,"label":" ","price":16.08},{"type":"B","date":"2018-03-20T06:26:32.000Z","volume":1000,"label":"Y","price":16.08},{"type":"B","date":"2018-03-20T06:26:32.000Z","volume":1000,"label":" ","price":16.08},{"type":"B","date":"2018-03-20T06:27:02.000Z","volume":500,"label":" ","price":16.08},{"type":"A","date":"2018-03-20T06:27:29.000Z","volume":2000,"label":" ","price":16.1},{"type":"A","date":"2018-03-20T06:28:29.000Z","volume":1500,"label":" ","price":16.1},{"type":"A","date":"2018-03-20T06:29:15.000Z","volume":1000,"label":" ","price":16.1},{"type":"A","date":"2018-03-20T06:29:29.000Z","volume":2000,"label":" ","price":16.1},{"type":"A","date":"2018-03-20T06:29:32.000Z","volume":500,"label":" ","price":16.1},{"type":"B","date":"2018-03-20T06:29:40.000Z","volume":500,"label":" ","price":16.08},{"type":"A","date":"2018-03-20T06:30:18.000Z","volume":500,"label":" ","price":16.1},{"type":"B","date":"2018-03-20T06:30:19.000Z","volume":500,"label":" ","price":16.08},{"type":"A","date":"2018-03-20T06:30:30.000Z","volume":2000,"label":" ","price":16.1},{"type":"B","date":"2018-03-20T06:31:05.000Z","volume":2000,"label":" ","price":16.08},{"type":"B","date":"2018-03-20T06:31:05.000Z","volume":500,"label":"Y","price":16.08},{"type":"B","date":"2018-03-20T06:31:05.000Z","volume":8500,"label":" ","price":16.08},{"type":"B","date":"2018-03-20T06:31:05.000Z","volume":4000,"label":" ","price":16.06},{"type":"A","date":"2018-03-20T06:31:30.000Z","volume":1500,"label":" ","price":16.1},{"type":"B","date":"2018-03-20T06:31:45.000Z","volume":500,"label":"Y","price":16.04},{"type":"B","date":"2018-03-20T06:31:45.000Z","volume":4000,"label":" ","price":16.04},{"type":"B","date":"2018-03-20T06:31:45.000Z","volume":1000,"label":" ","price":16.02},{"type":"A","date":"2018-03-20T06:31:45.000Z","volume":500,"label":" ","price":16.04},{"type":"A","date":"2018-03-20T06:32:30.000Z","volume":2000,"label":" ","price":16.04},{"type":"A","date":"2018-03-20T06:33:00.000Z","volume":500,"label":" ","price":16.04},{"type":"A","date":"2018-03-20T06:33:30.000Z","volume":1500,"label":" ","price":16.04},{"type":"B","date":"2018-03-20T06:33:45.000Z","volume":500,"label":" ","price":16.02},{"type":"A","date":"2018-03-20T06:33:46.000Z","volume":8500,"label":" ","price":16.04},{"type":"B","date":"2018-03-20T06:33:46.000Z","volume":500,"label":" ","price":16.04},{"type":"A","date":"2018-03-20T06:34:30.000Z","volume":2000,"label":" ","price":16.06},{"type":"A","date":"2018-03-20T06:34:30.000Z","volume":500,"label":" ","price":16.06},{"type":"A","date":"2018-03-20T06:34:31.000Z","volume":6500,"label":" ","price":16.06},{"type":"A","date":"2018-03-20T06:35:30.000Z","volume":1500,"label":" ","price":16.08},{"type":"A","date":"2018-03-20T06:36:27.000Z","volume":8000,"label":" ","price":16.08},{"type":"A","date":"2018-03-20T06:36:31.000Z","volume":2000,"label":" ","price":16.08},{"type":"A","date":"2018-03-20T06:36:47.000Z","volume":1000,"label":" ","price":16.08},{"type":"A","date":"2018-03-20T06:36:47.000Z","volume":1000,"label":" ","price":16.08},{"type":"A","date":"2018-03-20T06:36:47.000Z","volume":500,"label":" ","price":16.08},{"type":"A","date":"2018-03-20T06:36:47.000Z","volume":1000,"label":" ","price":16.08},{"type":"A","date":"2018-03-20T06:36:47.000Z","volume":500,"label":" ","price":16.08},{"type":"A","date":"2018-03-20T06:36:47.000Z","volume":500,"label":" ","price":16.08},{"type":"B","date":"2018-03-20T06:36:47.000Z","volume":500,"label":" ","price":16.08},{"type":"B","date":"2018-03-20T06:37:05.000Z","volume":500,"label":" ","price":16.06},{"type":"A","date":"2018-03-20T06:37:25.000Z","volume":1500,"label":" ","price":16.08},{"type":"A","date":"2018-03-20T06:37:30.000Z","volume":1000,"label":" ","price":16.08},{"type":"A","date":"2018-03-20T06:37:31.000Z","volume":1500,"label":" ","price":16.08},{"type":"A","date":"2018-03-20T06:38:32.000Z","volume":2000,"label":" ","price":16.1},{"type":"A","date":"2018-03-20T06:39:32.000Z","volume":1500,"label":" ","price":16.1},{"type":"B","date":"2018-03-20T06:39:49.000Z","volume":500,"label":" ","price":16.06},{"type":"B","date":"2018-03-20T06:40:18.000Z","volume":500,"label":" ","price":16.08},{"type":"B","date":"2018-03-20T06:40:18.000Z","volume":500,"label":" ","price":16.08},{"type":"B","date":"2018-03-20T06:40:18.000Z","volume":500,"label":" ","price":16.08},{"type":"A","date":"2018-03-20T06:40:27.000Z","volume":1000,"label":" ","price":16.1},{"type":"A","date":"2018-03-20T06:40:31.000Z","volume":2000,"label":" ","price":16.1},{"type":"A","date":"2018-03-20T06:41:32.000Z","volume":1500,"label":" ","price":16.1},{"type":"A","date":"2018-03-20T06:41:40.000Z","volume":1000,"label":"Y","price":16.08},{"type":"A","date":"2018-03-20T06:41:40.000Z","volume":500,"label":" ","price":16.08},{"type":"B","date":"2018-03-20T06:41:40.000Z","volume":500,"label":" ","price":16.06},{"type":"A","date":"2018-03-20T06:41:41.000Z","volume":1000,"label":" ","price":16.08},{"type":"A","date":"2018-03-20T06:41:45.000Z","volume":500,"label":" ","price":16.1},{"type":"A","date":"2018-03-20T06:42:33.000Z","volume":2000,"label":" ","price":16.1},{"type":"U","date":"2018-03-20T06:42:50.000Z","volume":1000,"label":" ","price":16.08},{"type":"A","date":"2018-03-20T06:43:33.000Z","volume":1500,"label":" ","price":16.1},{"type":"A","date":"2018-03-20T06:44:00.000Z","volume":1500,"label":" ","price":16.1},{"type":"A","date":"2018-03-20T06:44:33.000Z","volume":2000,"label":" ","price":16.1},{"type":"B","date":"2018-03-20T06:44:35.000Z","volume":500,"label":" ","price":16.08},{"type":"B","date":"2018-03-20T06:44:41.000Z","volume":500,"label":" ","price":16.08},{"type":"A","date":"2018-03-20T06:44:44.000Z","volume":8000,"label":" ","price":16.1},{"type":"B","date":"2018-03-20T06:44:45.000Z","volume":1500,"label":" ","price":16.08},{"type":"A","date":"2018-03-20T06:45:02.000Z","volume":1000,"label":" ","price":16.1},{"type":"B","date":"2018-03-20T06:45:06.000Z","volume":5500,"label":" ","price":16.08},{"type":"A","date":"2018-03-20T06:45:06.000Z","volume":1000,"label":" ","price":16.1},{"type":"B","date":"2018-03-20T06:45:10.000Z","volume":3000,"label":" ","price":16.08},{"type":"B","date":"2018-03-20T06:45:12.000Z","volume":1000,"label":" ","price":16.08},{"type":"B","date":"2018-03-20T06:45:14.000Z","volume":1500,"label":" ","price":16.08},{"type":"B","date":"2018-03-20T06:45:15.000Z","volume":2500,"label":" ","price":16.08},{"type":"B","date":"2018-03-20T06:45:20.000Z","volume":500,"label":"Y","price":16.08},{"type":"B","date":"2018-03-20T06:45:20.000Z","volume":1000,"label":" ","price":16.08},{"type":"B","date":"2018-03-20T06:45:20.000Z","volume":500,"label":" ","price":16.08},{"type":"A","date":"2018-03-20T06:45:33.000Z","volume":1500,"label":" ","price":16.1},{"type":"B","date":"2018-03-20T06:46:06.000Z","volume":500,"label":" ","price":16.08},{"type":"U","date":"2018-03-20T06:46:13.000Z","volume":127,"label":"D","price":15.96},{"type":"A","date":"2018-03-20T06:46:33.000Z","volume":2000,"label":" ","price":16.1},{"type":"A","date":"2018-03-20T06:47:33.000Z","volume":2000,"label":" ","price":16.1},{"type":"A","date":"2018-03-20T06:48:34.000Z","volume":1500,"label":" ","price":16.1},{"type":"A","date":"2018-03-20T06:49:34.000Z","volume":2000,"label":" ","price":16.1},{"type":"B","date":"2018-03-20T06:50:10.000Z","volume":500,"label":"Y","price":16.08},{"type":"A","date":"2018-03-20T06:50:21.000Z","volume":500,"label":" ","price":16.1},{"type":"A","date":"2018-03-20T06:50:34.000Z","volume":1500,"label":" ","price":16.1},{"type":"A","date":"2018-03-20T06:51:34.000Z","volume":2000,"label":" ","price":16.1},{"type":"A","date":"2018-03-20T06:51:45.000Z","volume":1500,"label":" ","price":16.1},{"type":"A","date":"2018-03-20T06:52:20.000Z","volume":1500,"label":" ","price":16.1},{"type":"A","date":"2018-03-20T06:52:34.000Z","volume":1500,"label":" ","price":16.1},{"type":"A","date":"2018-03-20T06:53:22.000Z","volume":1000,"label":" ","price":16.1},{"type":"A","date":"2018-03-20T06:53:34.000Z","volume":2000,"label":" ","price":16.1},{"type":"B","date":"2018-03-20T06:53:40.000Z","volume":500,"label":" ","price":16.08},{"type":"A","date":"2018-03-20T06:53:53.000Z","volume":1500,"label":" ","price":16.1},{"type":"B","date":"2018-03-20T06:54:15.000Z","volume":1000,"label":" ","price":16.08},{"type":"A","date":"2018-03-20T06:54:17.000Z","volume":500,"label":" ","price":16.1},{"type":"A","date":"2018-03-20T06:54:17.000Z","volume":500,"label":" ","price":16.1},{"type":"A","date":"2018-03-20T06:54:32.000Z","volume":500,"label":" ","price":16.1},{"type":"A","date":"2018-03-20T06:54:32.000Z","volume":500,"label":" ","price":16.1},{"type":"A","date":"2018-03-20T06:54:34.000Z","volume":1500,"label":" ","price":16.1},{"type":"A","date":"2018-03-20T06:55:17.000Z","volume":1000,"label":" ","price":16.1},{"type":"A","date":"2018-03-20T06:55:21.000Z","volume":500,"label":" ","price":16.1},{"type":"A","date":"2018-03-20T06:55:32.000Z","volume":500,"label":" ","price":16.1},{"type":"A","date":"2018-03-20T06:55:35.000Z","volume":2000,"label":" ","price":16.1},{"type":"A","date":"2018-03-20T06:55:38.000Z","volume":1500,"label":" ","price":16.1},{"type":"A","date":"2018-03-20T06:56:02.000Z","volume":500,"label":" ","price":16.1},{"type":"A","date":"2018-03-20T06:56:32.000Z","volume":500,"label":" ","price":16.1},{"type":"B","date":"2018-03-20T06:56:35.000Z","volume":500,"label":" ","price":16.08},{"type":"A","date":"2018-03-20T06:56:36.000Z","volume":1500,"label":" ","price":16.1},{"type":"A","date":"2018-03-20T06:56:47.000Z","volume":500,"label":" ","price":16.1},{"type":"B","date":"2018-03-20T06:56:50.000Z","volume":500,"label":" ","price":16.08},{"type":"A","date":"2018-03-20T06:56:51.000Z","volume":500,"label":" ","price":16.1},{"type":"A","date":"2018-03-20T06:57:17.000Z","volume":1000,"label":" ","price":16.1},{"type":"A","date":"2018-03-20T06:57:25.000Z","volume":2000,"label":" ","price":16.1},{"type":"A","date":"2018-03-20T06:57:25.000Z","volume":1000,"label":" ","price":16.1},{"type":"A","date":"2018-03-20T06:57:36.000Z","volume":2000,"label":" ","price":16.1},{"type":"B","date":"2018-03-20T06:57:58.000Z","volume":1000,"label":" ","price":16.08},{"type":"A","date":"2018-03-20T06:58:32.000Z","volume":1000,"label":" ","price":16.1},{"type":"A","date":"2018-03-20T06:58:36.000Z","volume":1500,"label":" ","price":16.1},{"type":"A","date":"2018-03-20T06:58:47.000Z","volume":500,"label":" ","price":16.1},{"type":"A","date":"2018-03-20T06:59:36.000Z","volume":2000,"label":" ","price":16.1},{"type":"A","date":"2018-03-20T06:59:47.000Z","volume":500,"label":" ","price":16.1},{"type":"A","date":"2018-03-20T07:00:02.000Z","volume":500,"label":" ","price":16.1},{"type":"B","date":"2018-03-20T07:00:06.000Z","volume":5500,"label":" ","price":16.08},{"type":"A","date":"2018-03-20T07:00:06.000Z","volume":1000,"label":" ","price":16.1},{"type":"A","date":"2018-03-20T07:00:36.000Z","volume":1500,"label":" ","price":16.1},{"type":"A","date":"2018-03-20T07:01:02.000Z","volume":2000,"label":" ","price":16.1},{"type":"A","date":"2018-03-20T07:01:02.000Z","volume":500,"label":" ","price":16.1},{"type":"A","date":"2018-03-20T07:01:02.000Z","volume":1000,"label":" ","price":16.1},{"type":"A","date":"2018-03-20T07:01:02.000Z","volume":500,"label":" ","price":16.1},{"type":"A","date":"2018-03-20T07:01:02.000Z","volume":500,"label":" ","price":16.1},{"type":"A","date":"2018-03-20T07:01:02.000Z","volume":1500,"label":" ","price":16.1},{"type":"A","date":"2018-03-20T07:01:02.000Z","volume":1000,"label":" ","price":16.1},{"type":"A","date":"2018-03-20T07:01:05.000Z","volume":1500,"label":" ","price":16.1},{"type":"A","date":"2018-03-20T07:01:08.000Z","volume":2000,"label":" ","price":16.1},{"type":"A","date":"2018-03-20T07:01:09.000Z","volume":1000,"label":" ","price":16.1},{"type":"A","date":"2018-03-20T07:01:09.000Z","volume":5000,"label":" ","price":16.1},{"type":"A","date":"2018-03-20T07:01:34.000Z","volume":500,"label":" ","price":16.1},{"type":"A","date":"2018-03-20T07:01:34.000Z","volume":1000,"label":" ","price":16.1},{"type":"A","date":"2018-03-20T07:01:51.000Z","volume":500,"label":" ","price":16.12},{"type":"A","date":"2018-03-20T07:02:37.000Z","volume":1500,"label":" ","price":16.12},{"type":"A","date":"2018-03-20T07:03:33.000Z","volume":500,"label":" ","price":16.12},{"type":"A","date":"2018-03-20T07:03:37.000Z","volume":2000,"label":" ","price":16.12},{"type":"B","date":"2018-03-20T07:03:50.000Z","volume":500,"label":" ","price":16.1},{"type":"A","date":"2018-03-20T07:04:01.000Z","volume":3000,"label":" ","price":16.12},{"type":"B","date":"2018-03-20T07:04:20.000Z","volume":1000,"label":" ","price":16.1},{"type":"A","date":"2018-03-20T07:04:37.000Z","volume":2000,"label":" ","price":16.12},{"type":"B","date":"2018-03-20T07:04:50.000Z","volume":500,"label":" ","price":16.1},{"type":"A","date":"2018-03-20T07:05:07.000Z","volume":500,"label":" ","price":16.12},{"type":"A","date":"2018-03-20T07:05:26.000Z","volume":1000,"label":" ","price":16.12},{"type":"A","date":"2018-03-20T07:05:37.000Z","volume":1500,"label":" ","price":16.12},{"type":"B","date":"2018-03-20T07:05:50.000Z","volume":500,"label":" ","price":16.1},{"type":"A","date":"2018-03-20T07:05:54.000Z","volume":2000,"label":" ","price":16.12},{"type":"B","date":"2018-03-20T07:06:27.000Z","volume":500,"label":" ","price":16.1},{"type":"A","date":"2018-03-20T07:06:37.000Z","volume":2000,"label":" ","price":16.12},{"type":"A","date":"2018-03-20T07:06:49.000Z","volume":1500,"label":" ","price":16.12},{"type":"A","date":"2018-03-20T07:07:38.000Z","volume":1500,"label":" ","price":16.12},{"type":"A","date":"2018-03-20T07:07:47.000Z","volume":1000,"label":" ","price":16.12},{"type":"B","date":"2018-03-20T07:07:51.000Z","volume":500,"label":" ","price":16.1},{"type":"B","date":"2018-03-20T07:08:21.000Z","volume":500,"label":" ","price":16.1},{"type":"A","date":"2018-03-20T07:08:38.000Z","volume":2000,"label":" ","price":16.12},{"type":"A","date":"2018-03-20T07:08:47.000Z","volume":1000,"label":" ","price":16.12},{"type":"B","date":"2018-03-20T07:09:19.000Z","volume":500,"label":" ","price":16.1},{"type":"A","date":"2018-03-20T07:09:39.000Z","volume":1500,"label":" ","price":16.12},{"type":"A","date":"2018-03-20T07:09:41.000Z","volume":6000,"label":" ","price":16.12},{"type":"A","date":"2018-03-20T07:09:47.000Z","volume":1000,"label":" ","price":16.12},{"type":"B","date":"2018-03-20T07:09:51.000Z","volume":500,"label":" ","price":16.1},{"type":"A","date":"2018-03-20T07:10:17.000Z","volume":500,"label":" ","price":16.12},{"type":"A","date":"2018-03-20T07:10:18.000Z","volume":500,"label":" ","price":16.12},{"type":"A","date":"2018-03-20T07:10:39.000Z","volume":2000,"label":" ","price":16.12},{"type":"A","date":"2018-03-20T07:10:45.000Z","volume":500,"label":" ","price":16.12},{"type":"A","date":"2018-03-20T07:10:46.000Z","volume":500,"label":" ","price":16.12},{"type":"A","date":"2018-03-20T07:11:02.000Z","volume":1000,"label":" ","price":16.12},{"type":"A","date":"2018-03-20T07:11:25.000Z","volume":1500,"label":"Y","price":16.12},{"type":"A","date":"2018-03-20T07:11:32.000Z","volume":1000,"label":" ","price":16.12},{"type":"A","date":"2018-03-20T07:11:39.000Z","volume":1500,"label":" ","price":16.12},{"type":"A","date":"2018-03-20T07:12:17.000Z","volume":1000,"label":"Y","price":16.12},{"type":"A","date":"2018-03-20T07:12:39.000Z","volume":2000,"label":" ","price":16.12},{"type":"A","date":"2018-03-20T07:13:02.000Z","volume":500,"label":" ","price":16.12},{"type":"A","date":"2018-03-20T07:13:32.000Z","volume":500,"label":" ","price":16.12},{"type":"B","date":"2018-03-20T07:13:36.000Z","volume":1500,"label":" ","price":16.1},{"type":"A","date":"2018-03-20T07:13:40.000Z","volume":1500,"label":" ","price":16.12},{"type":"A","date":"2018-03-20T07:13:47.000Z","volume":500,"label":" ","price":16.12},{"type":"A","date":"2018-03-20T07:14:17.000Z","volume":1000,"label":" ","price":16.12},{"type":"A","date":"2018-03-20T07:14:40.000Z","volume":2000,"label":" ","price":16.12},{"type":"A","date":"2018-03-20T07:14:47.000Z","volume":500,"label":" ","price":16.12},{"type":"A","date":"2018-03-20T07:15:15.000Z","volume":1500,"label":"Y","price":16.12},{"type":"A","date":"2018-03-20T07:15:16.000Z","volume":500,"label":" ","price":16.12},{"type":"A","date":"2018-03-20T07:15:22.000Z","volume":500,"label":" ","price":16.12},{"type":"A","date":"2018-03-20T07:15:32.000Z","volume":500,"label":" ","price":16.12},{"type":"A","date":"2018-03-20T07:15:32.000Z","volume":1000,"label":" ","price":16.12},{"type":"A","date":"2018-03-20T07:15:41.000Z","volume":1500,"label":" ","price":16.12},{"type":"A","date":"2018-03-20T07:16:25.000Z","volume":2000,"label":" ","price":16.12},{"type":"A","date":"2018-03-20T07:16:32.000Z","volume":500,"label":" ","price":16.12},{"type":"A","date":"2018-03-20T07:16:41.000Z","volume":2000,"label":" ","price":16.12},{"type":"A","date":"2018-03-20T07:16:41.000Z","volume":1500,"label":" ","price":16.12},{"type":"A","date":"2018-03-20T07:16:47.000Z","volume":1000,"label":" ","price":16.12},{"type":"A","date":"2018-03-20T07:17:41.000Z","volume":1500,"label":" ","price":16.12},{"type":"A","date":"2018-03-20T07:17:46.000Z","volume":1500,"label":" ","price":16.12},{"type":"A","date":"2018-03-20T07:18:02.000Z","volume":500,"label":" ","price":16.12},{"type":"A","date":"2018-03-20T07:19:02.000Z","volume":1000,"label":" ","price":16.12},{"type":"A","date":"2018-03-20T07:19:17.000Z","volume":500,"label":" ","price":16.12},{"type":"B","date":"2018-03-20T07:19:21.000Z","volume":500,"label":" ","price":16.1},{"type":"A","date":"2018-03-20T07:19:33.000Z","volume":1500,"label":" ","price":16.12},{"type":"A","date":"2018-03-20T07:20:02.000Z","volume":500,"label":" ","price":16.12},{"type":"A","date":"2018-03-20T07:20:20.000Z","volume":2000,"label":" ","price":16.12},{"type":"A","date":"2018-03-20T07:20:26.000Z","volume":1000,"label":" ","price":16.12},{"type":"A","date":"2018-03-20T07:20:32.000Z","volume":500,"label":"Y","price":16.12},{"type":"A","date":"2018-03-20T07:20:32.000Z","volume":500,"label":" ","price":16.12},{"type":"A","date":"2018-03-20T07:20:47.000Z","volume":500,"label":" ","price":16.12},{"type":"A","date":"2018-03-20T07:20:47.000Z","volume":500,"label":" ","price":16.12},{"type":"A","date":"2018-03-20T07:21:17.000Z","volume":1000,"label":" ","price":16.12},{"type":"A","date":"2018-03-20T07:21:47.000Z","volume":500,"label":" ","price":16.12},{"type":"A","date":"2018-03-20T07:21:52.000Z","volume":500,"label":" ","price":16.12},{"type":"A","date":"2018-03-20T07:22:17.000Z","volume":500,"label":" ","price":16.12},{"type":"A","date":"2018-03-20T07:22:17.000Z","volume":1000,"label":" ","price":16.12},{"type":"A","date":"2018-03-20T07:23:02.000Z","volume":500,"label":" ","price":16.12},{"type":"A","date":"2018-03-20T07:23:02.000Z","volume":1000,"label":" ","price":16.12},{"type":"A","date":"2018-03-20T07:23:18.000Z","volume":1000,"label":" ","price":16.12},{"type":"A","date":"2018-03-20T07:23:32.000Z","volume":500,"label":" ","price":16.12},{"type":"A","date":"2018-03-20T07:24:02.000Z","volume":500,"label":" ","price":16.12},{"type":"A","date":"2018-03-20T07:24:02.000Z","volume":1000,"label":" ","price":16.12},{"type":"A","date":"2018-03-20T07:24:20.000Z","volume":2000,"label":" ","price":16.12},{"type":"A","date":"2018-03-20T07:25:02.000Z","volume":500,"label":" ","price":16.12},{"type":"A","date":"2018-03-20T07:25:02.000Z","volume":1000,"label":" ","price":16.12},{"type":"A","date":"2018-03-20T07:25:13.000Z","volume":1000,"label":" ","price":16.12},{"type":"A","date":"2018-03-20T07:25:30.000Z","volume":500,"label":" ","price":16.12},{"type":"A","date":"2018-03-20T07:25:38.000Z","volume":24000,"label":" ","price":16.12},{"type":"A","date":"2018-03-20T07:25:38.000Z","volume":1000,"label":" ","price":16.12},{"type":"A","date":"2018-03-20T07:25:38.000Z","volume":1500,"label":" ","price":16.12},{"type":"A","date":"2018-03-20T07:25:38.000Z","volume":500,"label":" ","price":16.12},{"type":"A","date":"2018-03-20T07:26:09.000Z","volume":500,"label":" ","price":16.14},{"type":"A","date":"2018-03-20T07:26:19.000Z","volume":1000,"label":" ","price":16.14},{"type":"A","date":"2018-03-20T07:26:21.000Z","volume":44000,"label":" ","price":16.14},{"type":"B","date":"2018-03-20T07:26:25.000Z","volume":3000,"label":" ","price":16.14},{"type":"B","date":"2018-03-20T07:26:25.000Z","volume":3500,"label":" ","price":16.14},{"type":"B","date":"2018-03-20T07:26:25.000Z","volume":7000,"label":" ","price":16.12},{"type":"A","date":"2018-03-20T07:26:25.000Z","volume":1500,"label":" ","price":16.16},{"type":"B","date":"2018-03-20T07:26:25.000Z","volume":500,"label":" ","price":16.14},{"type":"A","date":"2018-03-20T07:27:17.000Z","volume":1000,"label":" ","price":16.14},{"type":"A","date":"2018-03-20T07:27:22.000Z","volume":130000,"label":" ","price":16.16},{"type":"A","date":"2018-03-20T07:27:45.000Z","volume":1000,"label":" ","price":16.16},{"type":"A","date":"2018-03-20T07:27:45.000Z","volume":1500,"label":" ","price":16.16},{"type":"B","date":"2018-03-20T07:27:47.000Z","volume":3000,"label":" ","price":16.14},{"type":"B","date":"2018-03-20T07:27:54.000Z","volume":7500,"label":" ","price":16.12},{"type":"B","date":"2018-03-20T07:28:08.000Z","volume":1000,"label":" ","price":16.12},{"type":"A","date":"2018-03-20T07:28:19.000Z","volume":9000,"label":" ","price":16.16},{"type":"A","date":"2018-03-20T07:29:01.000Z","volume":4500,"label":" ","price":16.16},{"type":"A","date":"2018-03-20T07:29:56.000Z","volume":3000,"label":" ","price":16.14},{"type":"A","date":"2018-03-20T07:29:56.000Z","volume":16000,"label":" ","price":16.16},{"type":"A","date":"2018-03-20T07:29:56.000Z","volume":1000,"label":" ","price":16.16},{"type":"A","date":"2018-03-20T07:30:46.000Z","volume":1500,"label":" ","price":16.16},{"type":"A","date":"2018-03-20T07:31:31.000Z","volume":1500,"label":" ","price":16.16},{"type":"A","date":"2018-03-20T07:31:32.000Z","volume":1000,"label":" ","price":16.16},{"type":"A","date":"2018-03-20T07:31:36.000Z","volume":9000,"label":" ","price":16.16},{"type":"A","date":"2018-03-20T07:31:36.000Z","volume":1000,"label":" ","price":16.16},{"type":"A","date":"2018-03-20T07:31:44.000Z","volume":500,"label":" ","price":16.18},{"type":"A","date":"2018-03-20T07:32:22.000Z","volume":1000,"label":" ","price":16.18},{"type":"U","date":"2018-03-20T07:32:28.000Z","volume":500,"label":" ","price":16.14},{"type":"A","date":"2018-03-20T07:33:10.000Z","volume":1500,"label":" ","price":16.16},{"type":"A","date":"2018-03-20T07:33:10.000Z","volume":500,"label":" ","price":16.18},{"type":"A","date":"2018-03-20T07:33:10.000Z","volume":1000,"label":" ","price":16.18},{"type":"B","date":"2018-03-20T07:33:15.000Z","volume":3500,"label":" ","price":16.14},{"type":"B","date":"2018-03-20T07:33:36.000Z","volume":4000,"label":" ","price":16.14},{"type":"A","date":"2018-03-20T07:33:47.000Z","volume":1000,"label":" ","price":16.16},{"type":"A","date":"2018-03-20T07:34:32.000Z","volume":1000,"label":" ","price":16.16},{"type":"A","date":"2018-03-20T07:34:32.000Z","volume":1000,"label":" ","price":16.16},{"type":"A","date":"2018-03-20T07:35:17.000Z","volume":1000,"label":" ","price":16.16},{"type":"A","date":"2018-03-20T07:35:17.000Z","volume":1000,"label":" ","price":16.16},{"type":"A","date":"2018-03-20T07:35:17.000Z","volume":1000,"label":" ","price":16.16},{"type":"A","date":"2018-03-20T07:35:17.000Z","volume":1000,"label":" ","price":16.16},{"type":"A","date":"2018-03-20T07:35:17.000Z","volume":1000,"label":" ","price":16.16},{"type":"A","date":"2018-03-20T07:35:17.000Z","volume":1000,"label":" ","price":16.16},{"type":"A","date":"2018-03-20T07:35:17.000Z","volume":1000,"label":" ","price":16.16},{"type":"A","date":"2018-03-20T07:35:17.000Z","volume":1000,"label":" ","price":16.16},{"type":"A","date":"2018-03-20T07:35:17.000Z","volume":1000,"label":" ","price":16.16},{"type":"B","date":"2018-03-20T07:35:23.000Z","volume":6000,"label":" ","price":16.16},{"type":"A","date":"2018-03-20T07:35:23.000Z","volume":500,"label":" ","price":16.18},{"type":"B","date":"2018-03-20T07:35:27.000Z","volume":5500,"label":" ","price":16.16},{"type":"B","date":"2018-03-20T07:35:56.000Z","volume":2000,"label":" ","price":16.16},{"type":"B","date":"2018-03-20T07:35:56.000Z","volume":4500,"label":" ","price":16.14},{"type":"B","date":"2018-03-20T07:35:57.000Z","volume":500,"label":" ","price":16.12},{"type":"B","date":"2018-03-20T07:37:15.000Z","volume":2500,"label":"Y","price":16.1},{"type":"B","date":"2018-03-20T07:37:15.000Z","volume":500,"label":" ","price":16.1},{"type":"A","date":"2018-03-20T07:39:09.000Z","volume":23000,"label":" ","price":16.16},{"type":"A","date":"2018-03-20T07:39:09.000Z","volume":6500,"label":" ","price":16.16},{"type":"B","date":"2018-03-20T07:39:09.000Z","volume":20500,"label":" ","price":16.16},{"type":"A","date":"2018-03-20T07:39:10.000Z","volume":1500,"label":" ","price":16.18},{"type":"A","date":"2018-03-20T07:39:32.000Z","volume":1000,"label":" ","price":16.16},{"type":"B","date":"2018-03-20T07:41:15.000Z","volume":5500,"label":" ","price":16.12},{"type":"A","date":"2018-03-20T07:41:54.000Z","volume":500,"label":" ","price":16.14},{"type":"A","date":"2018-03-20T07:42:32.000Z","volume":1500,"label":" ","price":16.14},{"type":"A","date":"2018-03-20T07:43:14.000Z","volume":500,"label":" ","price":16.14},{"type":"A","date":"2018-03-20T07:43:17.000Z","volume":1000,"label":" ","price":16.14},{"type":"A","date":"2018-03-20T07:43:48.000Z","volume":2000,"label":" ","price":16.14},{"type":"A","date":"2018-03-20T07:44:17.000Z","volume":1500,"label":" ","price":16.14},{"type":"B","date":"2018-03-20T07:44:18.000Z","volume":500,"label":" ","price":16.12},{"type":"A","date":"2018-03-20T07:44:32.000Z","volume":1000,"label":" ","price":16.14},{"type":"A","date":"2018-03-20T07:44:48.000Z","volume":2000,"label":" ","price":16.14},{"type":"A","date":"2018-03-20T07:44:55.000Z","volume":500,"label":" ","price":16.14},{"type":"A","date":"2018-03-20T07:45:16.000Z","volume":1500,"label":" ","price":16.14},{"type":"A","date":"2018-03-20T07:45:20.000Z","volume":3000,"label":" ","price":16.14},{"type":"A","date":"2018-03-20T07:45:26.000Z","volume":1000,"label":" ","price":16.14},{"type":"A","date":"2018-03-20T07:46:02.000Z","volume":1500,"label":" ","price":16.14},{"type":"A","date":"2018-03-20T07:46:02.000Z","volume":2000,"label":" ","price":16.14},{"type":"B","date":"2018-03-20T07:46:36.000Z","volume":5500,"label":" ","price":16.12},{"type":"A","date":"2018-03-20T07:46:52.000Z","volume":1000,"label":" ","price":16.14},{"type":"B","date":"2018-03-20T07:47:15.000Z","volume":1500,"label":"Y","price":16.12},{"type":"B","date":"2018-03-20T07:47:51.000Z","volume":1000,"label":"Y","price":16.12},{"type":"A","date":"2018-03-20T07:48:19.000Z","volume":1500,"label":" ","price":16.14},{"type":"A","date":"2018-03-20T07:48:32.000Z","volume":2000,"label":" ","price":16.14},{"type":"A","date":"2018-03-20T07:49:07.000Z","volume":2500,"label":" ","price":16.14},{"type":"A","date":"2018-03-20T07:49:25.000Z","volume":500,"label":" ","price":16.14},{"type":"B","date":"2018-03-20T07:49:30.000Z","volume":5500,"label":" ","price":16.12},{"type":"A","date":"2018-03-20T07:50:17.000Z","volume":500,"label":" ","price":16.14},{"type":"A","date":"2018-03-20T07:50:23.000Z","volume":500,"label":" ","price":16.14},{"type":"A","date":"2018-03-20T07:50:47.000Z","volume":2500,"label":" ","price":16.14},{"type":"A","date":"2018-03-20T07:50:47.000Z","volume":2500,"label":" ","price":16.14},{"type":"A","date":"2018-03-20T07:51:02.000Z","volume":1500,"label":" ","price":16.14},{"type":"A","date":"2018-03-20T07:51:53.000Z","volume":1500,"label":" ","price":16.14},{"type":"A","date":"2018-03-20T07:51:55.000Z","volume":1000,"label":"Y","price":16.14},{"type":"A","date":"2018-03-20T07:51:55.000Z","volume":3000,"label":" ","price":16.14},{"type":"A","date":"2018-03-20T07:52:00.000Z","volume":3000,"label":"Y","price":16.14},{"type":"A","date":"2018-03-20T07:52:00.000Z","volume":2000,"label":" ","price":16.14},{"type":"A","date":"2018-03-20T07:52:17.000Z","volume":2000,"label":" ","price":16.14},{"type":"A","date":"2018-03-20T07:52:33.000Z","volume":500,"label":" ","price":16.14},{"type":"A","date":"2018-03-20T07:52:47.000Z","volume":1500,"label":" ","price":16.14},{"type":"A","date":"2018-03-20T07:52:50.000Z","volume":8500,"label":" ","price":16.14},{"type":"A","date":"2018-03-20T07:52:54.000Z","volume":4000,"label":" ","price":16.14},{"type":"A","date":"2018-03-20T07:53:00.000Z","volume":2500,"label":" ","price":16.14},{"type":"A","date":"2018-03-20T07:53:00.000Z","volume":1000,"label":" ","price":16.16},{"type":"A","date":"2018-03-20T07:53:00.000Z","volume":2000,"label":" ","price":16.16},{"type":"A","date":"2018-03-20T07:53:32.000Z","volume":1000,"label":" ","price":16.16},{"type":"A","date":"2018-03-20T07:53:47.000Z","volume":1500,"label":" ","price":16.16},{"type":"A","date":"2018-03-20T07:54:02.000Z","volume":1500,"label":" ","price":16.16},{"type":"A","date":"2018-03-20T07:54:55.000Z","volume":4500,"label":" ","price":16.16},{"type":"A","date":"2018-03-20T07:54:56.000Z","volume":1500,"label":" ","price":16.16},{"type":"A","date":"2018-03-20T07:55:02.000Z","volume":2000,"label":" ","price":16.16},{"type":"A","date":"2018-03-20T07:55:03.000Z","volume":1500,"label":" ","price":16.16},{"type":"A","date":"2018-03-20T07:55:07.000Z","volume":500,"label":" ","price":16.16},{"type":"A","date":"2018-03-20T07:55:08.000Z","volume":500,"label":" ","price":16.16},{"type":"A","date":"2018-03-20T07:55:23.000Z","volume":500,"label":" ","price":16.16},{"type":"A","date":"2018-03-20T07:55:23.000Z","volume":500,"label":" ","price":16.16},{"type":"A","date":"2018-03-20T07:55:27.000Z","volume":500,"label":" ","price":16.16},{"type":"A","date":"2018-03-20T07:56:17.000Z","volume":1500,"label":" ","price":16.16},{"type":"A","date":"2018-03-20T07:56:17.000Z","volume":3000,"label":" ","price":16.16},{"type":"A","date":"2018-03-20T07:56:46.000Z","volume":3000,"label":" ","price":16.16},{"type":"B","date":"2018-03-20T07:56:47.000Z","volume":11500,"label":" ","price":16.14},{"type":"B","date":"2018-03-20T07:56:47.000Z","volume":7000,"label":" ","price":16.14},{"type":"A","date":"2018-03-20T07:56:47.000Z","volume":1000,"label":" ","price":16.16},{"type":"A","date":"2018-03-20T07:56:47.000Z","volume":1000,"label":" ","price":16.16},{"type":"A","date":"2018-03-20T07:56:47.000Z","volume":1000,"label":" ","price":16.16},{"type":"A","date":"2018-03-20T07:56:47.000Z","volume":1000,"label":" ","price":16.16},{"type":"A","date":"2018-03-20T07:57:17.000Z","volume":1500,"label":" ","price":16.16},{"type":"A","date":"2018-03-20T07:57:17.000Z","volume":1500,"label":" ","price":16.16},{"type":"A","date":"2018-03-20T07:57:20.000Z","volume":500,"label":" ","price":16.16},{"type":"U","date":"2018-03-20T07:57:34.000Z","volume":254,"label":"D","price":16.04},{"type":"A","date":"2018-03-20T07:57:47.000Z","volume":1000,"label":" ","price":16.16},{"type":"A","date":"2018-03-20T07:58:02.000Z","volume":500,"label":" ","price":16.16},{"type":"A","date":"2018-03-20T07:58:02.000Z","volume":2000,"label":" ","price":16.16},{"type":"A","date":"2018-03-20T07:58:13.000Z","volume":500,"label":" ","price":16.16},{"type":"A","date":"2018-03-20T07:58:14.000Z","volume":500,"label":" ","price":16.16},{"type":"A","date":"2018-03-20T07:58:17.000Z","volume":1000,"label":" ","price":16.16},{"type":"B","date":"2018-03-20T07:58:17.000Z","volume":500,"label":" ","price":16.14},{"type":"A","date":"2018-03-20T07:58:17.000Z","volume":1000,"label":" ","price":16.16},{"type":"A","date":"2018-03-20T07:58:20.000Z","volume":3500,"label":" ","price":16.16},{"type":"A","date":"2018-03-20T07:58:25.000Z","volume":1500,"label":" ","price":16.16},{"type":"B","date":"2018-03-20T07:58:41.000Z","volume":500,"label":" ","price":16.14},{"type":"A","date":"2018-03-20T07:58:47.000Z","volume":1000,"label":" ","price":16.16},{"type":"A","date":"2018-03-20T07:58:47.000Z","volume":1000,"label":" ","price":16.16},{"type":"B","date":"2018-03-20T07:58:50.000Z","volume":1000,"label":" ","price":16.14}