[{"type":"A","date":"2018-05-02T01:30:02.000Z","volume":84000,"label":" ","price":0.79},{"type":"A","date":"2018-05-02T01:30:45.000Z","volume":156000,"label":" ","price":0.79},{"type":"B","date":"2018-05-02T01:30:53.000Z","volume":20000,"label":" ","price":0.79},{"type":"B","date":"2018-05-02T01:30:53.000Z","volume":24000,"label":" ","price":0.79},{"type":"B","date":"2018-05-02T01:31:26.000Z","volume":4000,"label":" ","price":0.79},{"type":"B","date":"2018-05-02T01:31:36.000Z","volume":96000,"label":" ","price":0.79},{"type":"B","date":"2018-05-02T01:31:47.000Z","volume":4000,"label":" ","price":0.79},{"type":"B","date":"2018-05-02T01:32:51.000Z","volume":4000,"label":" ","price":0.79},{"type":"B","date":"2018-05-02T01:33:38.000Z","volume":4000,"label":" ","price":0.79},{"type":"B","date":"2018-05-02T01:34:49.000Z","volume":4000,"label":" ","price":0.79},{"type":"B","date":"2018-05-02T01:35:25.000Z","volume":4000,"label":" ","price":0.79},{"type":"B","date":"2018-05-02T01:36:31.000Z","volume":4000,"label":" ","price":0.79},{"type":"B","date":"2018-05-02T01:37:39.000Z","volume":20000,"label":" ","price":0.79},{"type":"B","date":"2018-05-02T01:38:41.000Z","volume":4000,"label":" ","price":0.79},{"type":"B","date":"2018-05-02T01:39:34.000Z","volume":72000,"label":" ","price":0.79},{"type":"A","date":"2018-05-02T01:40:20.000Z","volume":28000,"label":" ","price":0.79},{"type":"B","date":"2018-05-02T02:04:17.000Z","volume":100000,"label":" ","price":0.79},{"type":"B","date":"2018-05-02T02:06:19.000Z","volume":200000,"label":" ","price":0.79},{"type":"B","date":"2018-05-02T02:06:19.000Z","volume":1188000,"label":" ","price":0.78},{"type":"A","date":"2018-05-02T02:06:19.000Z","volume":56000,"label":" ","price":0.78},{"type":"A","date":"2018-05-02T02:06:26.000Z","volume":100000,"label":" ","price":0.78},{"type":"A","date":"2018-05-02T02:06:26.000Z","volume":160000,"label":" ","price":0.78},{"type":"A","date":"2018-05-02T02:07:05.000Z","volume":20000,"label":" ","price":0.78},{"type":"A","date":"2018-05-02T02:15:57.000Z","volume":200000,"label":" ","price":0.79},{"type":"A","date":"2018-05-02T02:22:17.000Z","volume":180000,"label":" ","price":0.79},{"type":"A","date":"2018-05-02T03:27:21.000Z","volume":400000,"label":" ","price":0.79},{"type":"A","date":"2018-05-02T03:29:03.000Z","volume":20000,"label":" ","price":0.79},{"type":"B","date":"2018-05-02T03:32:31.000Z","volume":16000,"label":" ","price":0.78},{"type":"A","date":"2018-05-02T05:42:53.000Z","volume":4000,"label":" ","price":0.79},{"type":"B","date":"2018-05-02T05:59:57.000Z","volume":40000,"label":" ","price":0.78},{"type":"A","date":"2018-05-02T06:10:45.000Z","volume":4000,"label":" ","price":0.79},{"type":"B","date":"2018-05-02T06:23:42.000Z","volume":4000,"label":" ","price":0.78},{"type":"A","date":"2018-05-02T06:36:53.000Z","volume":4000,"label":" ","price":0.79},{"type":"A","date":"2018-05-02T06:41:18.000Z","volume":12000,"label":" ","price":0.79},{"type":"A","date":"2018-05-02T07:05:57.000Z","volume":4000,"label":" ","price":0.79}]