[{"type":"U","date":"2018-04-18T01:20:00.000Z","volume":10000,"label":"U","price":10.84},{"type":"B","date":"2018-04-18T01:39:27.000Z","volume":2000,"label":" ","price":10.88},{"type":"B","date":"2018-04-18T01:42:31.000Z","volume":2000,"label":" ","price":10.86},{"type":"B","date":"2018-04-18T01:48:24.000Z","volume":4000,"label":" ","price":10.82},{"type":"B","date":"2018-04-18T01:48:32.000Z","volume":2000,"label":" ","price":10.8},{"type":"B","date":"2018-04-18T01:54:01.000Z","volume":2000,"label":" ","price":10.74},{"type":"B","date":"2018-04-18T01:54:01.000Z","volume":2000,"label":" ","price":10.72},{"type":"B","date":"2018-04-18T01:54:02.000Z","volume":2000,"label":" ","price":10.72},{"type":"B","date":"2018-04-18T01:54:02.000Z","volume":2000,"label":" ","price":10.72},{"type":"U","date":"2018-04-18T01:55:57.000Z","volume":2000,"label":" ","price":10.72},{"type":"B","date":"2018-04-18T01:55:57.000Z","volume":2000,"label":" ","price":10.7},{"type":"U","date":"2018-04-18T01:55:57.000Z","volume":2000,"label":"Y","price":10.72},{"type":"U","date":"2018-04-18T01:55:57.000Z","volume":4000,"label":" ","price":10.72},{"type":"B","date":"2018-04-18T01:55:59.000Z","volume":2000,"label":" ","price":10.7},{"type":"B","date":"2018-04-18T01:55:59.000Z","volume":2000,"label":" ","price":10.7},{"type":"B","date":"2018-04-18T01:56:00.000Z","volume":2000,"label":" ","price":10.7},{"type":"A","date":"2018-04-18T01:56:04.000Z","volume":6000,"label":" ","price":10.72},{"type":"B","date":"2018-04-18T01:56:04.000Z","volume":2000,"label":" ","price":10.7},{"type":"B","date":"2018-04-18T01:56:09.000Z","volume":2000,"label":"Y","price":10.7},{"type":"B","date":"2018-04-18T01:56:09.000Z","volume":4000,"label":" ","price":10.7},{"type":"B","date":"2018-04-18T01:56:09.000Z","volume":2000,"label":" ","price":10.7},{"type":"B","date":"2018-04-18T01:56:10.000Z","volume":2000,"label":"Y","price":10.7},{"type":"B","date":"2018-04-18T01:56:11.000Z","volume":2000,"label":" ","price":10.7},{"type":"B","date":"2018-04-18T01:56:11.000Z","volume":2000,"label":" ","price":10.7},{"type":"B","date":"2018-04-18T01:56:17.000Z","volume":2000,"label":" ","price":10.68},{"type":"U","date":"2018-04-18T01:56:28.000Z","volume":2000,"label":"Y","price":10.7},{"type":"U","date":"2018-04-18T01:56:28.000Z","volume":2000,"label":" ","price":10.7},{"type":"A","date":"2018-04-18T01:56:34.000Z","volume":2000,"label":"Y","price":10.72},{"type":"A","date":"2018-04-18T01:56:34.000Z","volume":16000,"label":" ","price":10.72},{"type":"B","date":"2018-04-18T01:56:34.000Z","volume":2000,"label":" ","price":10.7},{"type":"B","date":"2018-04-18T01:56:35.000Z","volume":2000,"label":" ","price":10.7},{"type":"B","date":"2018-04-18T01:56:36.000Z","volume":2000,"label":" ","price":10.68},{"type":"A","date":"2018-04-18T01:58:11.000Z","volume":2000,"label":"Y","price":10.72},{"type":"A","date":"2018-04-18T01:58:11.000Z","volume":24000,"label":" ","price":10.72},{"type":"B","date":"2018-04-18T01:58:11.000Z","volume":2000,"label":"Y","price":10.68},{"type":"U","date":"2018-04-18T01:58:11.000Z","volume":2000,"label":" ","price":10.7},{"type":"U","date":"2018-04-18T02:00:08.000Z","volume":14000,"label":" ","price":10.72},{"type":"B","date":"2018-04-18T02:00:08.000Z","volume":4000,"label":" ","price":10.72},{"type":"B","date":"2018-04-18T02:00:08.000Z","volume":4000,"label":" ","price":10.72},{"type":"B","date":"2018-04-18T02:00:08.000Z","volume":2000,"label":" ","price":10.7},{"type":"B","date":"2018-04-18T02:00:10.000Z","volume":2000,"label":"Y","price":10.7},{"type":"B","date":"2018-04-18T02:00:10.000Z","volume":4000,"label":" ","price":10.7},{"type":"B","date":"2018-04-18T02:00:10.000Z","volume":2000,"label":" ","price":10.7},{"type":"A","date":"2018-04-18T02:00:10.000Z","volume":12000,"label":" ","price":10.72},{"type":"B","date":"2018-04-18T02:00:10.000Z","volume":2000,"label":"Y","price":10.7},{"type":"B","date":"2018-04-18T02:00:10.000Z","volume":2000,"label":" ","price":10.7},{"type":"B","date":"2018-04-18T02:00:10.000Z","volume":2000,"label":" ","price":10.68},{"type":"U","date":"2018-04-18T02:00:10.000Z","volume":2000,"label":" ","price":10.7},{"type":"B","date":"2018-04-18T02:00:12.000Z","volume":4000,"label":" ","price":10.68},{"type":"B","date":"2018-04-18T02:00:12.000Z","volume":2000,"label":" ","price":10.68},{"type":"B","date":"2018-04-18T02:00:17.000Z","volume":2000,"label":" ","price":10.68},{"type":"B","date":"2018-04-18T02:00:17.000Z","volume":2000,"label":" ","price":10.68},{"type":"U","date":"2018-04-18T02:05:07.000Z","volume":16000,"label":" ","price":10.72},{"type":"A","date":"2018-04-18T02:05:07.000Z","volume":8000,"label":" ","price":10.74},{"type":"A","date":"2018-04-18T02:05:07.000Z","volume":6000,"label":" ","price":10.74},{"type":"A","date":"2018-04-18T02:05:07.000Z","volume":2000,"label":" ","price":10.74},{"type":"B","date":"2018-04-18T02:05:09.000Z","volume":4000,"label":" ","price":10.72},{"type":"B","date":"2018-04-18T02:05:09.000Z","volume":2000,"label":" ","price":10.72},{"type":"B","date":"2018-04-18T02:05:12.000Z","volume":2000,"label":" ","price":10.72},{"type":"A","date":"2018-04-18T02:05:16.000Z","volume":12000,"label":" ","price":10.74},{"type":"B","date":"2018-04-18T02:05:17.000Z","volume":2000,"label":" ","price":10.74},{"type":"B","date":"2018-04-18T02:05:18.000Z","volume":16000,"label":" ","price":10.74},{"type":"B","date":"2018-04-18T02:05:18.000Z","volume":2000,"label":" ","price":10.74},{"type":"B","date":"2018-04-18T02:05:19.000Z","volume":2000,"label":" ","price":10.74},{"type":"B","date":"2018-04-18T02:05:19.000Z","volume":2000,"label":" ","price":10.74},{"type":"B","date":"2018-04-18T02:07:05.000Z","volume":4000,"label":" ","price":10.74},{"type":"B","date":"2018-04-18T02:07:19.000Z","volume":20000,"label":" ","price":10.74},{"type":"B","date":"2018-04-18T02:07:19.000Z","volume":4000,"label":" ","price":10.74},{"type":"B","date":"2018-04-18T02:07:19.000Z","volume":10000,"label":" ","price":10.72},{"type":"B","date":"2018-04-18T02:07:20.000Z","volume":2000,"label":" ","price":10.72},{"type":"B","date":"2018-04-18T02:07:21.000Z","volume":4000,"label":" ","price":10.72},{"type":"B","date":"2018-04-18T02:07:28.000Z","volume":6000,"label":" ","price":10.72},{"type":"B","date":"2018-04-18T02:07:28.000Z","volume":2000,"label":"Y","price":10.72},{"type":"B","date":"2018-04-18T02:10:19.000Z","volume":6000,"label":" ","price":10.72},{"type":"B","date":"2018-04-18T02:10:21.000Z","volume":2000,"label":"Y","price":10.72},{"type":"B","date":"2018-04-18T02:11:27.000Z","volume":40000,"label":" ","price":10.72},{"type":"B","date":"2018-04-18T02:11:27.000Z","volume":2000,"label":" ","price":10.72},{"type":"B","date":"2018-04-18T02:11:27.000Z","volume":8000,"label":" ","price":10.72},{"type":"B","date":"2018-04-18T02:11:29.000Z","volume":2000,"label":" ","price":10.72},{"type":"B","date":"2018-04-18T02:11:31.000Z","volume":8000,"label":" ","price":10.72},{"type":"B","date":"2018-04-18T02:11:31.000Z","volume":2000,"label":"Y","price":10.72},{"type":"B","date":"2018-04-18T02:11:31.000Z","volume":2000,"label":"Y","price":10.72},{"type":"U","date":"2018-04-18T02:18:29.000Z","volume":2000,"label":" ","price":10.74},{"type":"B","date":"2018-04-18T02:18:29.000Z","volume":4000,"label":" ","price":10.72},{"type":"B","date":"2018-04-18T02:20:11.000Z","volume":26000,"label":" ","price":10.72},{"type":"B","date":"2018-04-18T02:20:11.000Z","volume":4000,"label":" ","price":10.72},{"type":"B","date":"2018-04-18T02:20:11.000Z","volume":4000,"label":"Y","price":10.72},{"type":"B","date":"2018-04-18T02:20:11.000Z","volume":2000,"label":" ","price":10.72},{"type":"B","date":"2018-04-18T02:20:11.000Z","volume":4000,"label":" ","price":10.72},{"type":"B","date":"2018-04-18T02:20:24.000Z","volume":6000,"label":"Y","price":10.72},{"type":"B","date":"2018-04-18T02:20:24.000Z","volume":2000,"label":" ","price":10.72},{"type":"B","date":"2018-04-18T02:20:25.000Z","volume":2000,"label":" ","price":10.72},{"type":"B","date":"2018-04-18T02:26:59.000Z","volume":2000,"label":" ","price":10.72},{"type":"B","date":"2018-04-18T02:26:59.000Z","volume":8000,"label":" ","price":10.72},{"type":"B","date":"2018-04-18T02:27:00.000Z","volume":2000,"label":" ","price":10.72},{"type":"B","date":"2018-04-18T02:27:00.000Z","volume":2000,"label":" ","price":10.72},{"type":"B","date":"2018-04-18T02:27:01.000Z","volume":2000,"label":"Y","price":10.72},{"type":"B","date":"2018-04-18T02:27:02.000Z","volume":2000,"label":" ","price":10.72},{"type":"U","date":"2018-04-18T02:27:33.000Z","volume":2000,"label":" ","price":10.74},{"type":"B","date":"2018-04-18T02:29:30.000Z","volume":2000,"label":" ","price":10.72},{"type":"B","date":"2018-04-18T02:30:05.000Z","volume":6000,"label":" ","price":10.74},{"type":"B","date":"2018-04-18T02:30:05.000Z","volume":2000,"label":" ","price":10.74},{"type":"B","date":"2018-04-18T02:30:07.000Z","volume":2000,"label":" ","price":10.74},{"type":"U","date":"2018-04-18T02:30:14.000Z","volume":8000,"label":"X","price":10.76},{"type":"B","date":"2018-04-18T02:30:15.000Z","volume":2000,"label":" ","price":10.74},{"type":"B","date":"2018-04-18T02:30:15.000Z","volume":2000,"label":" ","price":10.72},{"type":"B","date":"2018-04-18T02:30:16.000Z","volume":2000,"label":" ","price":10.72},{"type":"B","date":"2018-04-18T02:30:16.000Z","volume":2000,"label":" ","price":10.72},{"type":"B","date":"2018-04-18T02:30:17.000Z","volume":6000,"label":" ","price":10.72},{"type":"B","date":"2018-04-18T02:30:18.000Z","volume":2000,"label":"Y","price":10.72},{"type":"B","date":"2018-04-18T02:30:37.000Z","volume":2000,"label":" ","price":10.72},{"type":"B","date":"2018-04-18T02:30:37.000Z","volume":2000,"label":" ","price":10.72},{"type":"B","date":"2018-04-18T02:32:45.000Z","volume":2000,"label":" ","price":10.72},{"type":"B","date":"2018-04-18T02:32:47.000Z","volume":2000,"label":" ","price":10.72},{"type":"B","date":"2018-04-18T02:32:47.000Z","volume":2000,"label":" ","price":10.72},{"type":"B","date":"2018-04-18T02:32:48.000Z","volume":2000,"label":" ","price":10.72},{"type":"B","date":"2018-04-18T02:33:00.000Z","volume":2000,"label":" ","price":10.72},{"type":"B","date":"2018-04-18T02:35:30.000Z","volume":2000,"label":" ","price":10.7},{"type":"B","date":"2018-04-18T02:37:00.000Z","volume":2000,"label":" ","price":10.7},{"type":"B","date":"2018-04-18T02:37:21.000Z","volume":2000,"label":" ","price":10.7},{"type":"B","date":"2018-04-18T02:38:20.000Z","volume":18000,"label":" ","price":10.7},{"type":"U","date":"2018-04-18T02:38:20.000Z","volume":2000,"label":"X","price":10.72},{"type":"B","date":"2018-04-18T02:38:20.000Z","volume":2000,"label":" ","price":10.68},{"type":"B","date":"2018-04-18T02:38:22.000Z","volume":2000,"label":" ","price":10.68},{"type":"B","date":"2018-04-18T02:38:24.000Z","volume":2000,"label":" ","price":10.68},{"type":"B","date":"2018-04-18T02:38:25.000Z","volume":2000,"label":" ","price":10.66},{"type":"B","date":"2018-04-18T02:38:25.000Z","volume":6000,"label":" ","price":10.64},{"type":"B","date":"2018-04-18T02:38:26.000Z","volume":2000,"label":" ","price":10.64},{"type":"A","date":"2018-04-18T02:38:26.000Z","volume":2000,"label":" ","price":10.66},{"type":"B","date":"2018-04-18T02:38:27.000Z","volume":2000,"label":" ","price":10.64},{"type":"A","date":"2018-04-18T02:38:29.000Z","volume":26000,"label":" ","price":10.66},{"type":"A","date":"2018-04-18T02:38:29.000Z","volume":22000,"label":" ","price":10.66},{"type":"A","date":"2018-04-18T02:38:29.000Z","volume":8000,"label":" ","price":10.66},{"type":"A","date":"2018-04-18T02:38:29.000Z","volume":2000,"label":"Y","price":10.66},{"type":"B","date":"2018-04-18T02:38:29.000Z","volume":8000,"label":" ","price":10.64},{"type":"B","date":"2018-04-18T02:38:30.000Z","volume":4000,"label":" ","price":10.64},{"type":"A","date":"2018-04-18T02:38:30.000Z","volume":2000,"label":"Y","price":10.66},{"type":"A","date":"2018-04-18T02:38:30.000Z","volume":10000,"label":" ","price":10.66},{"type":"U","date":"2018-04-18T02:38:30.000Z","volume":2000,"label":"X","price":10.66},{"type":"A","date":"2018-04-18T02:38:30.000Z","volume":2000,"label":" ","price":10.66},{"type":"A","date":"2018-04-18T02:38:30.000Z","volume":8000,"label":"Y","price":10.66},{"type":"A","date":"2018-04-18T02:38:30.000Z","volume":4000,"label":" ","price":10.66},{"type":"A","date":"2018-04-18T02:38:32.000Z","volume":2000,"label":" ","price":10.72},{"type":"B","date":"2018-04-18T02:43:45.000Z","volume":2000,"label":" ","price":10.7},{"type":"B","date":"2018-04-18T02:45:16.000Z","volume":2000,"label":" ","price":10.68},{"type":"U","date":"2018-04-18T02:45:16.000Z","volume":2000,"label":"X","price":10.7},{"type":"B","date":"2018-04-18T02:46:44.000Z","volume":2000,"label":" ","price":10.68},{"type":"B","date":"2018-04-18T02:48:45.000Z","volume":2000,"label":" ","price":10.68},{"type":"B","date":"2018-04-18T02:49:45.000Z","volume":2000,"label":" ","price":10.68},{"type":"B","date":"2018-04-18T02:49:47.000Z","volume":2000,"label":" ","price":10.68},{"type":"B","date":"2018-04-18T02:50:17.000Z","volume":2000,"label":" ","price":10.68},{"type":"B","date":"2018-04-18T02:51:00.000Z","volume":2000,"label":" ","price":10.68},{"type":"U","date":"2018-04-18T02:51:02.000Z","volume":2000,"label":"X","price":10.7},{"type":"B","date":"2018-04-18T02:52:15.000Z","volume":2000,"label":" ","price":10.68},{"type":"B","date":"2018-04-18T02:52:15.000Z","volume":2000,"label":" ","price":10.68},{"type":"A","date":"2018-04-18T02:55:22.000Z","volume":2000,"label":" ","price":10.7},{"type":"U","date":"2018-04-18T02:55:50.000Z","volume":2000,"label":"X","price":10.7},{"type":"A","date":"2018-04-18T02:56:40.000Z","volume":2000,"label":" ","price":10.7},{"type":"A","date":"2018-04-18T02:56:53.000Z","volume":10000,"label":" ","price":10.7},{"type":"B","date":"2018-04-18T02:56:53.000Z","volume":2000,"label":" ","price":10.68},{"type":"U","date":"2018-04-18T02:56:53.000Z","volume":2000,"label":"X","price":10.7},{"type":"B","date":"2018-04-18T02:56:54.000Z","volume":2000,"label":" ","price":10.68},{"type":"B","date":"2018-04-18T02:57:15.000Z","volume":2000,"label":" ","price":10.68},{"type":"B","date":"2018-04-18T02:57:15.000Z","volume":2000,"label":" ","price":10.68},{"type":"B","date":"2018-04-18T02:57:15.000Z","volume":2000,"label":" ","price":10.68},{"type":"B","date":"2018-04-18T02:57:16.000Z","volume":2000,"label":" ","price":10.68},{"type":"U","date":"2018-04-18T02:57:17.000Z","volume":2000,"label":"X","price":10.7},{"type":"A","date":"2018-04-18T02:57:26.000Z","volume":20000,"label":" ","price":10.7},{"type":"U","date":"2018-04-18T02:57:28.000Z","volume":2000,"label":"X","price":10.7},{"type":"B","date":"2018-04-18T03:00:45.000Z","volume":2000,"label":" ","price":10.68},{"type":"B","date":"2018-04-18T03:00:45.000Z","volume":2000,"label":" ","price":10.68},{"type":"B","date":"2018-04-18T03:00:47.000Z","volume":2000,"label":" ","price":10.68},{"type":"U","date":"2018-04-18T03:00:47.000Z","volume":2000,"label":"X","price":10.7},{"type":"A","date":"2018-04-18T03:00:58.000Z","volume":20000,"label":" ","price":10.7},{"type":"A","date":"2018-04-18T03:00:58.000Z","volume":4000,"label":" ","price":10.7},{"type":"A","date":"2018-04-18T03:00:58.000Z","volume":2000,"label":" ","price":10.7},{"type":"A","date":"2018-04-18T03:00:58.000Z","volume":2000,"label":" ","price":10.7},{"type":"A","date":"2018-04-18T03:00:58.000Z","volume":2000,"label":" ","price":10.7},{"type":"A","date":"2018-04-18T03:00:59.000Z","volume":6000,"label":" ","price":10.7},{"type":"B","date":"2018-04-18T03:00:59.000Z","volume":2000,"label":" ","price":10.68},{"type":"B","date":"2018-04-18T03:01:00.000Z","volume":2000,"label":" ","price":10.68},{"type":"A","date":"2018-04-18T03:01:00.000Z","volume":6000,"label":" ","price":10.72},{"type":"A","date":"2018-04-18T03:02:50.000Z","volume":2000,"label":" ","price":10.72},{"type":"A","date":"2018-04-18T03:03:55.000Z","volume":2000,"label":" ","price":10.72},{"type":"A","date":"2018-04-18T03:04:39.000Z","volume":10000,"label":" ","price":10.72},{"type":"A","date":"2018-04-18T03:04:39.000Z","volume":2000,"label":" ","price":10.72},{"type":"B","date":"2018-04-18T03:04:39.000Z","volume":2000,"label":" ","price":10.7},{"type":"U","date":"2018-04-18T03:04:39.000Z","volume":2000,"label":"X","price":10.72},{"type":"B","date":"2018-04-18T03:04:39.000Z","volume":2000,"label":"Y","price":10.7},{"type":"U","date":"2018-04-18T03:04:41.000Z","volume":2000,"label":"X","price":10.72},{"type":"A","date":"2018-04-18T03:05:31.000Z","volume":4000,"label":" ","price":10.72},{"type":"A","date":"2018-04-18T03:05:41.000Z","volume":4000,"label":" ","price":10.72},{"type":"A","date":"2018-04-18T03:07:11.000Z","volume":6000,"label":" ","price":10.72},{"type":"B","date":"2018-04-18T03:07:13.000Z","volume":2000,"label":" ","price":10.7},{"type":"B","date":"2018-04-18T03:14:30.000Z","volume":2000,"label":" ","price":10.72},{"type":"B","date":"2018-04-18T03:14:30.000Z","volume":2000,"label":" ","price":10.72},{"type":"B","date":"2018-04-18T03:14:30.000Z","volume":2000,"label":" ","price":10.72},{"type":"B","date":"2018-04-18T03:14:31.000Z","volume":2000,"label":" ","price":10.72},{"type":"B","date":"2018-04-18T03:15:12.000Z","volume":8000,"label":" ","price":10.72},{"type":"B","date":"2018-04-18T03:15:14.000Z","volume":2000,"label":" ","price":10.7},{"type":"A","date":"2018-04-18T03:17:42.000Z","volume":4000,"label":" ","price":10.74},{"type":"B","date":"2018-04-18T03:17:43.000Z","volume":2000,"label":"Y","price":10.7},{"type":"B","date":"2018-04-18T03:17:45.000Z","volume":2000,"label":" ","price":10.7},{"type":"B","date":"2018-04-18T03:19:00.000Z","volume":2000,"label":" ","price":10.7},{"type":"B","date":"2018-04-18T03:20:00.000Z","volume":2000,"label":" ","price":10.7},{"type":"A","date":"2018-04-18T03:20:42.000Z","volume":4000,"label":" ","price":10.74},{"type":"B","date":"2018-04-18T03:20:42.000Z","volume":2000,"label":" ","price":10.7},{"type":"B","date":"2018-04-18T03:20:44.000Z","volume":2000,"label":" ","price":10.7},{"type":"A","date":"2018-04-18T03:24:12.000Z","volume":6000,"label":" ","price":10.74},{"type":"B","date":"2018-04-18T03:24:15.000Z","volume":2000,"label":" ","price":10.72},{"type":"U","date":"2018-04-18T03:24:16.000Z","volume":2000,"label":"X","price":10.72},{"type":"B","date":"2018-04-18T03:26:00.000Z","volume":2000,"label":" ","price":10.7},{"type":"B","date":"2018-04-18T03:26:00.000Z","volume":2000,"label":" ","price":10.7},{"type":"B","date":"2018-04-18T03:26:01.000Z","volume":2000,"label":" ","price":10.7},{"type":"U","date":"2018-04-18T03:26:02.000Z","volume":2000,"label":"X","price":10.72},{"type":"B","date":"2018-04-18T03:28:14.000Z","volume":2000,"label":" ","price":10.7},{"type":"B","date":"2018-04-18T03:28:30.000Z","volume":2000,"label":" ","price":10.7},{"type":"B","date":"2018-04-18T03:28:30.000Z","volume":2000,"label":" ","price":10.7},{"type":"B","date":"2018-04-18T03:28:32.000Z","volume":2000,"label":" ","price":10.7},{"type":"A","date":"2018-04-18T03:30:02.000Z","volume":10000,"label":" ","price":10.72},{"type":"U","date":"2018-04-18T03:30:03.000Z","volume":2000,"label":"X","price":10.72},{"type":"A","date":"2018-04-18T03:30:23.000Z","volume":2000,"label":" ","price":10.72},{"type":"A","date":"2018-04-18T03:30:45.000Z","volume":10000,"label":" ","price":10.72},{"type":"B","date":"2018-04-18T03:30:46.000Z","volume":2000,"label":" ","price":10.7},{"type":"B","date":"2018-04-18T03:37:30.000Z","volume":2000,"label":" ","price":10.72},{"type":"U","date":"2018-04-18T03:37:31.000Z","volume":2000,"label":"X","price":10.72},{"type":"B","date":"2018-04-18T03:45:00.000Z","volume":2000,"label":" ","price":10.7},{"type":"B","date":"2018-04-18T03:45:00.000Z","volume":2000,"label":" ","price":10.7},{"type":"B","date":"2018-04-18T03:45:00.000Z","volume":2000,"label":" ","price":10.7},{"type":"A","date":"2018-04-18T03:47:13.000Z","volume":2000,"label":" ","price":10.72},{"type":"A","date":"2018-04-18T03:48:43.000Z","volume":2000,"label":" ","price":10.72},{"type":"A","date":"2018-04-18T03:49:41.000Z","volume":2000,"label":" ","price":10.72},{"type":"A","date":"2018-04-18T03:50:13.000Z","volume":2000,"label":" ","price":10.72},{"type":"B","date":"2018-04-18T03:50:17.000Z","volume":2000,"label":"Y","price":10.7},{"type":"A","date":"2018-04-18T03:50:39.000Z","volume":2000,"label":" ","price":10.72},{"type":"U","date":"2018-04-18T03:50:41.000Z","volume":2000,"label":"X","price":10.72},{"type":"U","date":"2018-04-18T03:51:40.000Z","volume":50000,"label":"X","price":10.71},{"type":"A","date":"2018-04-18T03:51:43.000Z","volume":2000,"label":" ","price":10.72},{"type":"U","date":"2018-04-18T03:51:57.000Z","volume":4000,"label":"X","price":10.72},{"type":"B","date":"2018-04-18T03:53:00.000Z","volume":2000,"label":" ","price":10.7},{"type":"A","date":"2018-04-18T03:53:13.000Z","volume":2000,"label":" ","price":10.72},{"type":"B","date":"2018-04-18T03:54:30.000Z","volume":2000,"label":" ","price":10.7},{"type":"A","date":"2018-04-18T03:54:43.000Z","volume":2000,"label":" ","price":10.72},{"type":"B","date":"2018-04-18T03:56:30.000Z","volume":2000,"label":" ","price":10.7},{"type":"B","date":"2018-04-18T03:56:30.000Z","volume":2000,"label":" ","price":10.7},{"type":"U","date":"2018-04-18T03:56:32.000Z","volume":2000,"label":"X","price":10.72},{"type":"A","date":"2018-04-18T03:56:43.000Z","volume":2000,"label":" ","price":10.72},{"type":"A","date":"2018-04-18T03:58:13.000Z","volume":2000,"label":" ","price":10.72},{"type":"U","date":"2018-04-18T03:58:44.000Z","volume":2000,"label":"X","price":10.72},{"type":"A","date":"2018-04-18T03:59:43.000Z","volume":2000,"label":" ","price":10.72},{"type":"A","date":"2018-04-18T05:00:00.000Z","volume":8000,"label":" ","price":10.72},{"type":"A","date":"2018-04-18T05:00:06.000Z","volume":10000,"label":" ","price":10.78},{"type":"A","date":"2018-04-18T05:00:06.000Z","volume":2000,"label":" ","price":10.8},{"type":"A","date":"2018-04-18T05:00:18.000Z","volume":2000,"label":" ","price":10.82},{"type":"B","date":"2018-04-18T05:02:02.000Z","volume":4000,"label":" ","price":10.8},{"type":"B","date":"2018-04-18T05:02:02.000Z","volume":2000,"label":" ","price":10.8},{"type":"B","date":"2018-04-18T05:02:29.000Z","volume":18000,"label":" ","price":10.8},{"type":"B","date":"2018-04-18T05:02:29.000Z","volume":4000,"label":" ","price":10.8},{"type":"B","date":"2018-04-18T05:02:29.000Z","volume":2000,"label":" ","price":10.8},{"type":"B","date":"2018-04-18T05:02:29.000Z","volume":4000,"label":" ","price":10.8},{"type":"B","date":"2018-04-18T05:02:29.000Z","volume":2000,"label":" ","price":10.8},{"type":"B","date":"2018-04-18T05:02:32.000Z","volume":2000,"label":" ","price":10.8},{"type":"U","date":"2018-04-18T05:02:32.000Z","volume":2000,"label":" ","price":10.8},{"type":"B","date":"2018-04-18T05:02:32.000Z","volume":2000,"label":" ","price":10.8},{"type":"B","date":"2018-04-18T05:02:32.000Z","volume":2000,"label":" ","price":10.8},{"type":"B","date":"2018-04-18T05:02:32.000Z","volume":2000,"label":" ","price":10.8},{"type":"B","date":"2018-04-18T05:02:32.000Z","volume":2000,"label":" ","price":10.8},{"type":"B","date":"2018-04-18T05:03:29.000Z","volume":4000,"label":" ","price":10.8},{"type":"B","date":"2018-04-18T05:03:46.000Z","volume":10000,"label":" ","price":10.8},{"type":"B","date":"2018-04-18T05:03:46.000Z","volume":4000,"label":" ","price":10.8},{"type":"B","date":"2018-04-18T05:03:46.000Z","volume":6000,"label":" ","price":10.8},{"type":"A","date":"2018-04-18T05:03:46.000Z","volume":4000,"label":" ","price":10.8},{"type":"B","date":"2018-04-18T05:03:48.000Z","volume":4000,"label":" ","price":10.8},{"type":"B","date":"2018-04-18T05:04:26.000Z","volume":2000,"label":" ","price":10.8},{"type":"B","date":"2018-04-18T05:04:48.000Z","volume":2000,"label":"Y","price":10.8},{"type":"B","date":"2018-04-18T05:04:48.000Z","volume":10000,"label":" ","price":10.8},{"type":"B","date":"2018-04-18T05:04:48.000Z","volume":4000,"label":" ","price":10.8},{"type":"B","date":"2018-04-18T05:04:50.000Z","volume":4000,"label":" ","price":10.8},{"type":"B","date":"2018-04-18T05:04:54.000Z","volume":2000,"label":" ","price":10.8},{"type":"B","date":"2018-04-18T05:04:54.000Z","volume":4000,"label":" ","price":10.8},{"type":"B","date":"2018-04-18T05:04:59.000Z","volume":6000,"label":" ","price":10.8},{"type":"B","date":"2018-04-18T05:04:59.000Z","volume":4000,"label":" ","price":10.8},{"type":"B","date":"2018-04-18T05:04:59.000Z","volume":2000,"label":" ","price":10.8},{"type":"B","date":"2018-04-18T05:05:04.000Z","volume":4000,"label":" ","price":10.8},{"type":"B","date":"2018-04-18T05:05:11.000Z","volume":2000,"label":" ","price":10.8},{"type":"B","date":"2018-04-18T05:05:11.000Z","volume":4000,"label":" ","price":10.8},{"type":"B","date":"2018-04-18T05:05:11.000Z","volume":2000,"label":" ","price":10.8},{"type":"B","date":"2018-04-18T05:05:11.000Z","volume":2000,"label":" ","price":10.8},{"type":"B","date":"2018-04-18T05:05:41.000Z","volume":2000,"label":" ","price":10.8},{"type":"B","date":"2018-04-18T05:08:38.000Z","volume":20000,"label":" ","price":10.78},{"type":"B","date":"2018-04-18T05:08:38.000Z","volume":4000,"label":" ","price":10.78},{"type":"B","date":"2018-04-18T05:08:38.000Z","volume":4000,"label":" ","price":10.78},{"type":"B","date":"2018-04-18T05:08:40.000Z","volume":6000,"label":" ","price":10.78},{"type":"B","date":"2018-04-18T05:08:42.000Z","volume":2000,"label":" ","price":10.78},{"type":"B","date":"2018-04-18T05:08:47.000Z","volume":2000,"label":" ","price":10.78},{"type":"B","date":"2018-04-18T05:08:48.000Z","volume":2000,"label":" ","price":10.78},{"type":"B","date":"2018-04-18T05:08:48.000Z","volume":4000,"label":" ","price":10.78},{"type":"B","date":"2018-04-18T05:08:48.000Z","volume":2000,"label":" ","price":10.78},{"type":"B","date":"2018-04-18T05:08:48.000Z","volume":2000,"label":" ","price":10.78},{"type":"B","date":"2018-04-18T05:08:50.000Z","volume":2000,"label":" ","price":10.78},{"type":"B","date":"2018-04-18T05:09:31.000Z","volume":4000,"label":" ","price":10.78},{"type":"B","date":"2018-04-18T05:09:31.000Z","volume":2000,"label":" ","price":10.78},{"type":"B","date":"2018-04-18T05:09:31.000Z","volume":4000,"label":" ","price":10.78},{"type":"B","date":"2018-04-18T05:09:33.000Z","volume":2000,"label":" ","price":10.78},{"type":"B","date":"2018-04-18T05:09:35.000Z","volume":2000,"label":" ","price":10.78},{"type":"A","date":"2018-04-18T05:16:01.000Z","volume":6000,"label":" ","price":10.8},{"type":"B","date":"2018-04-18T05:18:02.000Z","volume":2000,"label":" ","price":10.78},{"type":"B","date":"2018-04-18T05:18:02.000Z","volume":2000,"label":" ","price":10.78},{"type":"B","date":"2018-04-18T05:21:32.000Z","volume":2000,"label":" ","price":10.78},{"type":"B","date":"2018-04-18T05:21:32.000Z","volume":2000,"label":" ","price":10.78},{"type":"U","date":"2018-04-18T05:21:58.000Z","volume":2000,"label":"X","price":10.8},{"type":"A","date":"2018-04-18T05:23:59.000Z","volume":2000,"label":"Y","price":10.8},{"type":"U","date":"2018-04-18T05:24:20.000Z","volume":2000,"label":"X","price":10.8},{"type":"B","date":"2018-04-18T05:25:32.000Z","volume":2000,"label":" ","price":10.78},{"type":"B","date":"2018-04-18T05:25:32.000Z","volume":2000,"label":" ","price":10.78},{"type":"B","date":"2018-04-18T05:25:32.000Z","volume":2000,"label":" ","price":10.78},{"type":"B","date":"2018-04-18T05:25:32.000Z","volume":2000,"label":" ","price":10.78},{"type":"B","date":"2018-04-18T05:25:32.000Z","volume":2000,"label":" ","price":10.78},{"type":"B","date":"2018-04-18T05:25:34.000Z","volume":2000,"label":" ","price":10.78},{"type":"U","date":"2018-04-18T05:28:58.000Z","volume":2000,"label":"X","price":10.8},{"type":"U","date":"2018-04-18T05:31:50.000Z","volume":2000,"label":"X","price":10.8},{"type":"U","date":"2018-04-18T05:33:58.000Z","volume":2000,"label":"X","price":10.8},{"type":"B","date":"2018-04-18T05:34:32.000Z","volume":2000,"label":" ","price":10.78},{"type":"B","date":"2018-04-18T05:34:32.000Z","volume":2000,"label":" ","price":10.78},{"type":"B","date":"2018-04-18T05:34:34.000Z","volume":2000,"label":" ","price":10.78},{"type":"B","date":"2018-04-18T05:34:35.000Z","volume":2000,"label":" ","price":10.78},{"type":"A","date":"2018-04-18T05:35:46.000Z","volume":2000,"label":" ","price":10.8},{"type":"B","date":"2018-04-18T05:37:17.000Z","volume":2000,"label":" ","price":10.78},{"type":"B","date":"2018-04-18T05:37:17.000Z","volume":2000,"label":" ","price":10.78},{"type":"B","date":"2018-04-18T05:37:19.000Z","volume":2000,"label":" ","price":10.78},{"type":"U","date":"2018-04-18T05:38:50.000Z","volume":2000,"label":"X","price":10.8},{"type":"B","date":"2018-04-18T05:40:20.000Z","volume":2000,"label":" ","price":10.78},{"type":"B","date":"2018-04-18T05:40:48.000Z","volume":2000,"label":" ","price":10.78},{"type":"U","date":"2018-04-18T05:40:58.000Z","volume":2000,"label":"X","price":10.8},{"type":"B","date":"2018-04-18T05:41:02.000Z","volume":2000,"label":" ","price":10.78},{"type":"B","date":"2018-04-18T05:41:02.000Z","volume":2000,"label":" ","price":10.78},{"type":"B","date":"2018-04-18T05:41:03.000Z","volume":2000,"label":" ","price":10.78},{"type":"U","date":"2018-04-18T05:43:20.000Z","volume":2000,"label":"X","price":10.8},{"type":"U","date":"2018-04-18T05:45:50.000Z","volume":2000,"label":"X","price":10.8},{"type":"B","date":"2018-04-18T05:46:02.000Z","volume":2000,"label":" ","price":10.78},{"type":"B","date":"2018-04-18T05:46:02.000Z","volume":2000,"label":" ","price":10.78},{"type":"B","date":"2018-04-18T05:46:02.000Z","volume":2000,"label":" ","price":10.78},{"type":"B","date":"2018-04-18T05:46:05.000Z","volume":2000,"label":" ","price":10.78},{"type":"B","date":"2018-04-18T05:46:06.000Z","volume":2000,"label":" ","price":10.78},{"type":"U","date":"2018-04-18T05:47:51.000Z","volume":2000,"label":"X","price":10.8},{"type":"B","date":"2018-04-18T05:48:32.000Z","volume":2000,"label":" ","price":10.78},{"type":"B","date":"2018-04-18T05:48:32.000Z","volume":2000,"label":" ","price":10.78},{"type":"A","date":"2018-04-18T05:50:16.000Z","volume":2000,"label":" ","price":10.8},{"type":"B","date":"2018-04-18T05:50:47.000Z","volume":2000,"label":" ","price":10.78},{"type":"B","date":"2018-04-18T05:50:47.000Z","volume":2000,"label":" ","price":10.78},{"type":"B","date":"2018-04-18T05:50:49.000Z","volume":2000,"label":" ","price":10.78},{"type":"B","date":"2018-04-18T05:50:55.000Z","volume":2000,"label":" ","price":10.78},{"type":"U","date":"2018-04-18T05:52:21.000Z","volume":2000,"label":"X","price":10.8},{"type":"B","date":"2018-04-18T05:54:32.000Z","volume":2000,"label":" ","price":10.78},{"type":"B","date":"2018-04-18T05:54:32.000Z","volume":2000,"label":" ","price":10.78},{"type":"B","date":"2018-04-18T05:54:32.000Z","volume":2000,"label":" ","price":10.78},{"type":"B","date":"2018-04-18T05:54:33.000Z","volume":2000,"label":" ","price":10.78},{"type":"U","date":"2018-04-18T05:54:51.000Z","volume":2000,"label":"X","price":10.8},{"type":"A","date":"2018-04-18T05:54:55.000Z","volume":2000,"label":" ","price":10.8},{"type":"U","date":"2018-04-18T05:55:21.000Z","volume":2000,"label":"X","price":10.8},{"type":"B","date":"2018-04-18T05:59:32.000Z","volume":2000,"label":" ","price":10.78},{"type":"B","date":"2018-04-18T05:59:32.000Z","volume":2000,"label":" ","price":10.78},{"type":"B","date":"2018-04-18T05:59:34.000Z","volume":2000,"label":" ","price":10.78},{"type":"B","date":"2018-04-18T06:00:50.000Z","volume":20000,"label":" ","price":10.78},{"type":"B","date":"2018-04-18T06:00:50.000Z","volume":8000,"label":" ","price":10.78},{"type":"B","date":"2018-04-18T06:00:50.000Z","volume":2000,"label":" ","price":10.78},{"type":"B","date":"2018-04-18T06:00:50.000Z","volume":2000,"label":" ","price":10.78},{"type":"B","date":"2018-04-18T06:00:51.000Z","volume":2000,"label":" ","price":10.78},{"type":"B","date":"2018-04-18T06:00:52.000Z","volume":6000,"label":" ","price":10.78},{"type":"B","date":"2018-04-18T06:02:37.000Z","volume":2000,"label":" ","price":10.78},{"type":"B","date":"2018-04-18T06:02:37.000Z","volume":2000,"label":" ","price":10.78},{"type":"B","date":"2018-04-18T06:02:47.000Z","volume":2000,"label":" ","price":10.78},{"type":"B","date":"2018-04-18T06:02:47.000Z","volume":2000,"label":" ","price":10.78},{"type":"B","date":"2018-04-18T06:02:47.000Z","volume":2000,"label":" ","price":10.78},{"type":"B","date":"2018-04-18T06:06:26.000Z","volume":2000,"label":" ","price":10.78},{"type":"B","date":"2018-04-18T06:06:26.000Z","volume":2000,"label":" ","price":10.78},{"type":"A","date":"2018-04-18T06:06:59.000Z","volume":10000,"label":" ","price":10.8},{"type":"B","date":"2018-04-18T06:06:59.000Z","volume":2000,"label":" ","price":10.78},{"type":"A","date":"2018-04-18T06:06:59.000Z","volume":10000,"label":" ","price":10.8},{"type":"A","date":"2018-04-18T06:06:59.000Z","volume":24000,"label":" ","price":10.8},{"type":"B","date":"2018-04-18T06:11:32.000Z","volume":2000,"label":" ","price":10.8},{"type":"B","date":"2018-04-18T06:11:32.000Z","volume":2000,"label":" ","price":10.8},{"type":"B","date":"2018-04-18T06:11:32.000Z","volume":2000,"label":" ","price":10.8},{"type":"B","date":"2018-04-18T06:11:34.000Z","volume":2000,"label":" ","price":10.8},{"type":"B","date":"2018-04-18T06:15:17.000Z","volume":2000,"label":" ","price":10.8},{"type":"B","date":"2018-04-18T06:15:17.000Z","volume":2000,"label":" ","price":10.8},{"type":"A","date":"2018-04-18T06:15:17.000Z","volume":4000,"label":" ","price":10.82},{"type":"A","date":"2018-04-18T06:15:17.000Z","volume":2000,"label":" ","price":10.82},{"type":"B","date":"2018-04-18T06:17:14.000Z","volume":2000,"label":" ","price":10.8},{"type":"B","date":"2018-04-18T06:17:47.000Z","volume":2000,"label":" ","price":10.8},{"type":"B","date":"2018-04-18T06:17:47.000Z","volume":2000,"label":" ","price":10.8},{"type":"B","date":"2018-04-18T06:20:11.000Z","volume":2000,"label":" ","price":10.8},{"type":"B","date":"2018-04-18T06:20:11.000Z","volume":2000,"label":" ","price":10.8},{"type":"B","date":"2018-04-18T06:21:32.000Z","volume":2000,"label":" ","price":10.8},{"type":"B","date":"2018-04-18T06:21:32.000Z","volume":2000,"label":" ","price":10.8},{"type":"B","date":"2018-04-18T06:21:47.000Z","volume":2000,"label":" ","price":10.82},{"type":"B","date":"2018-04-18T06:23:22.000Z","volume":2000,"label":" ","price":10.8},{"type":"B","date":"2018-04-18T06:23:22.000Z","volume":2000,"label":" ","price":10.8},{"type":"B","date":"2018-04-18T06:25:02.000Z","volume":2000,"label":" ","price":10.8},{"type":"B","date":"2018-04-18T06:25:02.000Z","volume":2000,"label":" ","price":10.8},{"type":"B","date":"2018-04-18T06:25:02.000Z","volume":2000,"label":" ","price":10.8},{"type":"B","date":"2018-04-18T06:26:32.000Z","volume":2000,"label":" ","price":10.8},{"type":"B","date":"2018-04-18T06:26:32.000Z","volume":2000,"label":" ","price":10.8},{"type":"B","date":"2018-04-18T06:26:32.000Z","volume":6000,"label":" ","price":10.8},{"type":"B","date":"2018-04-18T06:26:34.000Z","volume":4000,"label":" ","price":10.78},{"type":"B","date":"2018-04-18T06:26:34.000Z","volume":2000,"label":" ","price":10.78},{"type":"B","date":"2018-04-18T06:26:45.000Z","volume":2000,"label":" ","price":10.78},{"type":"B","date":"2018-04-18T06:27:02.000Z","volume":2000,"label":" ","price":10.76},{"type":"B","date":"2018-04-18T06:27:02.000Z","volume":2000,"label":" ","price":10.76},{"type":"B","date":"2018-04-18T06:27:02.000Z","volume":2000,"label":" ","price":10.76},{"type":"B","date":"2018-04-18T06:27:04.000Z","volume":2000,"label":" ","price":10.76},{"type":"B","date":"2018-04-18T06:27:11.000Z","volume":2000,"label":" ","price":10.76},{"type":"B","date":"2018-04-18T06:28:26.000Z","volume":2000,"label":" ","price":10.76},{"type":"B","date":"2018-04-18T06:31:11.000Z","volume":2000,"label":" ","price":10.74},{"type":"B","date":"2018-04-18T06:33:04.000Z","volume":2000,"label":" ","price":10.74},{"type":"B","date":"2018-04-18T06:33:06.000Z","volume":2000,"label":"Y","price":10.74},{"type":"B","date":"2018-04-18T06:34:11.000Z","volume":2000,"label":" ","price":10.74},{"type":"U","date":"2018-04-18T06:36:24.000Z","volume":100000,"label":"X","price":10.76},{"type":"A","date":"2018-04-18T06:37:49.000Z","volume":2000,"label":" ","price":10.78},{"type":"B","date":"2018-04-18T06:38:17.000Z","volume":2000,"label":" ","price":10.74},{"type":"B","date":"2018-04-18T06:38:56.000Z","volume":2000,"label":" ","price":10.72},{"type":"B","date":"2018-04-18T06:40:17.000Z","volume":2000,"label":" ","price":10.72},{"type":"B","date":"2018-04-18T06:41:32.000Z","volume":2000,"label":" ","price":10.72},{"type":"B","date":"2018-04-18T06:42:47.000Z","volume":2000,"label":" ","price":10.72},{"type":"B","date":"2018-04-18T06:43:47.000Z","volume":2000,"label":" ","price":10.72},{"type":"B","date":"2018-04-18T06:44:32.000Z","volume":2000,"label":" ","price":10.74},{"type":"B","date":"2018-04-18T06:45:02.000Z","volume":2000,"label":" ","price":10.72},{"type":"B","date":"2018-04-18T06:46:32.000Z","volume":2000,"label":" ","price":10.72},{"type":"B","date":"2018-04-18T06:48:02.000Z","volume":2000,"label":" ","price":10.72},{"type":"B","date":"2018-04-18T06:49:32.000Z","volume":2000,"label":" ","price":10.72},{"type":"B","date":"2018-04-18T06:51:32.000Z","volume":2000,"label":" ","price":10.72},{"type":"B","date":"2018-04-18T06:52:25.000Z","volume":2000,"label":" ","price":10.74},{"type":"B","date":"2018-04-18T06:52:47.000Z","volume":2000,"label":" ","price":10.72},{"type":"B","date":"2018-04-18T06:54:02.000Z","volume":2000,"label":" ","price":10.72},{"type":"B","date":"2018-04-18T06:54:17.000Z","volume":2000,"label":" ","price":10.72},{"type":"B","date":"2018-04-18T06:55:32.000Z","volume":2000,"label":" ","price":10.7},{"type":"B","date":"2018-04-18T06:57:02.000Z","volume":2000,"label":" ","price":10.7},{"type":"U","date":"2018-04-18T06:57:24.000Z","volume":2000,"label":" ","price":10.74},{"type":"B","date":"2018-04-18T06:58:17.000Z","volume":2000,"label":" ","price":10.7},{"type":"B","date":"2018-04-18T06:59:47.000Z","volume":2000,"label":" ","price":10.7},{"type":"B","date":"2018-04-18T07:00:47.000Z","volume":2000,"label":" ","price":10.7},{"type":"B","date":"2018-04-18T07:01:47.000Z","volume":2000,"label":" ","price":10.72},{"type":"B","date":"2018-04-18T07:01:47.000Z","volume":2000,"label":" ","price":10.72},{"type":"A","date":"2018-04-18T07:01:47.000Z","volume":10000,"label":" ","price":10.72},{"type":"A","date":"2018-04-18T07:01:49.000Z","volume":4000,"label":" ","price":10.72},{"type":"U","date":"2018-04-18T07:01:49.000Z","volume":2000,"label":"X","price":10.72},{"type":"A","date":"2018-04-18T07:01:55.000Z","volume":4000,"label":" ","price":10.72},{"type":"A","date":"2018-04-18T07:02:04.000Z","volume":4000,"label":" ","price":10.76},{"type":"A","date":"2018-04-18T07:05:57.000Z","volume":2000,"label":" ","price":10.78},{"type":"U","date":"2018-04-18T07:06:56.000Z","volume":2000,"label":"X","price":10.76},{"type":"A","date":"2018-04-18T07:07:27.000Z","volume":2000,"label":" ","price":10.78},{"type":"B","date":"2018-04-18T07:07:41.000Z","volume":2000,"label":" ","price":10.74},{"type":"A","date":"2018-04-18T07:08:57.000Z","volume":2000,"label":" ","price":10.78},{"type":"B","date":"2018-04-18T07:09:00.000Z","volume":2000,"label":" ","price":10.74},{"type":"B","date":"2018-04-18T07:09:17.000Z","volume":2000,"label":" ","price":10.74},{"type":"U","date":"2018-04-18T07:09:44.000Z","volume":2000,"label":"X","price":10.75},{"type":"A","date":"2018-04-18T07:09:57.000Z","volume":2000,"label":" ","price":10.76},{"type":"U","date":"2018-04-18T07:10:00.000Z","volume":2000,"label":"X","price":10.75},{"type":"B","date":"2018-04-18T07:11:17.000Z","volume":2000,"label":" ","price":10.74},{"type":"B","date":"2018-04-18T07:11:17.000Z","volume":2000,"label":" ","price":10.74},{"type":"B","date":"2018-04-18T07:13:32.000Z","volume":2000,"label":" ","price":10.74},{"type":"B","date":"2018-04-18T07:13:32.000Z","volume":2000,"label":" ","price":10.74},{"type":"B","date":"2018-04-18T07:15:47.000Z","volume":2000,"label":" ","price":10.74},{"type":"B","date":"2018-04-18T07:15:47.000Z","volume":2000,"label":" ","price":10.74},{"type":"B","date":"2018-04-18T07:18:47.000Z","volume":2000,"label":" ","price":10.74},{"type":"B","date":"2018-04-18T07:18:47.000Z","volume":2000,"label":" ","price":10.74},{"type":"B","date":"2018-04-18T07:21:47.000Z","volume":2000,"label":" ","price":10.74},{"type":"B","date":"2018-04-18T07:21:47.000Z","volume":2000,"label":" ","price":10.74},{"type":"B","date":"2018-04-18T07:24:02.000Z","volume":2000,"label":" ","price":10.74},{"type":"B","date":"2018-04-18T07:24:02.000Z","volume":2000,"label":" ","price":10.74},{"type":"B","date":"2018-04-18T07:24:47.000Z","volume":2000,"label":" ","price":10.74},{"type":"U","date":"2018-04-18T07:25:08.000Z","volume":2000,"label":"X","price":10.76},{"type":"A","date":"2018-04-18T07:25:23.000Z","volume":28000,"label":" ","price":10.76},{"type":"A","date":"2018-04-18T07:25:23.000Z","volume":4000,"label":" ","price":10.76},{"type":"U","date":"2018-04-18T07:25:38.000Z","volume":2000,"label":"X","price":10.78},{"type":"A","date":"2018-04-18T07:28:58.000Z","volume":2000,"label":" ","price":10.78},{"type":"A","date":"2018-04-18T07:29:17.000Z","volume":4000,"label":" ","price":10.78},{"type":"A","date":"2018-04-18T07:29:58.000Z","volume":2000,"label":" ","price":10.78},{"type":"A","date":"2018-04-18T07:29:58.000Z","volume":2000,"label":" ","price":10.78},{"type":"A","date":"2018-04-18T07:30:58.000Z","volume":2000,"label":" ","price":10.78},{"type":"U","date":"2018-04-18T07:31:01.000Z","volume":2000,"label":"X","price":10.78},{"type":"B","date":"2018-04-18T07:31:20.000Z","volume":2000,"label":" ","price":10.76},{"type":"A","date":"2018-04-18T07:32:58.000Z","volume":2000,"label":" ","price":10.78},{"type":"A","date":"2018-04-18T07:33:34.000Z","volume":2000,"label":" ","price":10.78},{"type":"U","date":"2018-04-18T07:33:41.000Z","volume":20000,"label":"X","price":10.76},{"type":"A","date":"2018-04-18T07:33:58.000Z","volume":2000,"label":" ","price":10.78},{"type":"A","date":"2018-04-18T07:34:06.000Z","volume":2000,"label":" ","price":10.78},{"type":"A","date":"2018-04-18T07:34:28.000Z","volume":2000,"label":" ","price":10.78},{"type":"A","date":"2018-04-18T07:35:28.000Z","volume":2000,"label":" ","price":10.78},{"type":"A","date":"2018-04-18T07:36:03.000Z","volume":2000,"label":" ","price":10.78},{"type":"A","date":"2018-04-18T07:36:28.000Z","volume":2000,"label":" ","price":10.78},{"type":"A","date":"2018-04-18T07:37:28.000Z","volume":2000,"label":" ","price":10.78},{"type":"A","date":"2018-04-18T07:37:58.000Z","volume":2000,"label":" ","price":10.78},{"type":"B","date":"2018-04-18T07:37:58.000Z","volume":2000,"label":" ","price":10.76},{"type":"A","date":"2018-04-18T07:38:23.000Z","volume":2000,"label":" ","price":10.78},{"type":"A","date":"2018-04-18T07:39:57.000Z","volume":6000,"label":" ","price":10.78},{"type":"A","date":"2018-04-18T07:40:58.000Z","volume":2000,"label":" ","price":10.78},{"type":"A","date":"2018-04-18T07:41:00.000Z","volume":2000,"label":" ","price":10.78},{"type":"A","date":"2018-04-18T07:41:28.000Z","volume":8000,"label":" ","price":10.78},{"type":"B","date":"2018-04-18T07:43:39.000Z","volume":2000,"label":" ","price":10.8},{"type":"B","date":"2018-04-18T07:43:40.000Z","volume":4000,"label":" ","price":10.8},{"type":"B","date":"2018-04-18T07:43:42.000Z","volume":4000,"label":" ","price":10.8},{"type":"B","date":"2018-04-18T07:45:32.000Z","volume":2000,"label":" ","price":10.78},{"type":"B","date":"2018-04-18T07:45:32.000Z","volume":2000,"label":" ","price":10.78},{"type":"B","date":"2018-04-18T07:46:47.000Z","volume":2000,"label":" ","price":10.8},{"type":"A","date":"2018-04-18T07:47:32.000Z","volume":14000,"label":" ","price":10.82},{"type":"A","date":"2018-04-18T07:47:32.000Z","volume":2000,"label":" ","price":10.82},{"type":"A","date":"2018-04-18T07:47:32.000Z","volume":2000,"label":" ","price":10.82},{"type":"B","date":"2018-04-18T07:47:39.000Z","volume":4000,"label":" ","price":10.82},{"type":"B","date":"2018-04-18T07:49:25.000Z","volume":2000,"label":" ","price":10.82},{"type":"U","date":"2018-04-18T07:52:00.000Z","volume":234000,"label":"X","price":10.77},{"type":"B","date":"2018-04-18T07:52:17.000Z","volume":2000,"label":" ","price":10.82},{"type":"B","date":"2018-04-18T07:52:55.000Z","volume":6000,"label":" ","price":10.82},{"type":"B","date":"2018-04-18T07:53:02.000Z","volume":2000,"label":" ","price":10.8},{"type":"B","date":"2018-04-18T07:55:57.000Z","volume":8000,"label":" ","price":10.8},{"type":"B","date":"2018-04-18T07:55:58.000Z","volume":4000,"label":" ","price":10.8},{"type":"A","date":"2018-04-18T07:55:58.000Z","volume":2000,"label":"Y","price":10.82},{"type":"A","date":"2018-04-18T07:55:58.000Z","volume":2000,"label":" ","price":10.82},{"type":"A","date":"2018-04-18T07:55:59.000Z","volume":2000,"label":"Y","price":10.82},{"type":"B","date":"2018-04-18T07:56:02.000Z","volume":2000,"label":" ","price":10.8},{"type":"A","date":"2018-04-18T07:56:02.000Z","volume":2000,"label":" ","price":10.82},{"type":"B","date":"2018-04-18T07:56:11.000Z","volume":2000,"label":" ","price":10.8},{"type":"B","date":"2018-04-18T07:57:01.000Z","volume":4000,"label":" ","price":10.8},{"type":"A","date":"2018-04-18T07:57:02.000Z","volume":2000,"label":" ","price":10.82},{"type":"B","date":"2018-04-18T07:57:02.000Z","volume":2000,"label":" ","price":10.8},{"type":"A","date":"2018-04-18T07:57:19.000Z","volume":2000,"label":" ","price":10.82},{"type":"U","date":"2018-04-18T07:57:23.000Z","volume":2000,"label":"X","price":10.81},{"type":"B","date":"2018-04-18T07:59:02.000Z","volume":6000,"label":" ","price":10.8},{"type":"U","date":"2018-04-18T07:59:11.000Z","volume":2000,"label":"X","price":10.82},{"type":"B","date":"2018-04-18T07:59:27.000Z","volume":2000,"label":" ","price":10.8},{"type":"B","date":"2018-04-18T07:59:56.000Z","volume":2000,"label":" ","price":10.76},{"type":"A","date":"2018-04-18T07:59:56.000Z","volume":2000,"label":" ","price":10.82},{"type":"U","date":"2018-04-18T08:08:25.000Z","volume":390000,"label":"U","price":10.82}]