[{"type":"B","date":"2018-04-16T01:40:33.000Z","volume":10000,"label":" ","price":0.36},{"type":"A","date":"2018-04-16T02:05:17.000Z","volume":10000,"label":" ","price":0.36},{"type":"A","date":"2018-04-16T02:09:57.000Z","volume":70000,"label":" ","price":0.36},{"type":"A","date":"2018-04-16T02:10:18.000Z","volume":70000,"label":" ","price":0.36},{"type":"A","date":"2018-04-16T02:14:44.000Z","volume":30000,"label":" ","price":0.36},{"type":"A","date":"2018-04-16T02:15:07.000Z","volume":60000,"label":" ","price":0.36},{"type":"A","date":"2018-04-16T02:15:23.000Z","volume":40000,"label":" ","price":0.36},{"type":"A","date":"2018-04-16T02:17:14.000Z","volume":30000,"label":" ","price":0.36},{"type":"A","date":"2018-04-16T02:20:31.000Z","volume":30000,"label":" ","price":0.36},{"type":"B","date":"2018-04-16T02:22:42.000Z","volume":30000,"label":" ","price":0.355},{"type":"B","date":"2018-04-16T02:23:07.000Z","volume":100000,"label":" ","price":0.355},{"type":"A","date":"2018-04-16T02:25:06.000Z","volume":30000,"label":" ","price":0.36},{"type":"B","date":"2018-04-16T02:51:32.000Z","volume":200000,"label":" ","price":0.355},{"type":"A","date":"2018-04-16T02:56:29.000Z","volume":40000,"label":" ","price":0.36},{"type":"B","date":"2018-04-16T03:18:20.000Z","volume":500000,"label":" ","price":0.355},{"type":"B","date":"2018-04-16T03:18:44.000Z","volume":10000,"label":" ","price":0.355},{"type":"A","date":"2018-04-16T03:21:16.000Z","volume":60000,"label":" ","price":0.36},{"type":"A","date":"2018-04-16T03:21:18.000Z","volume":60000,"label":" ","price":0.36},{"type":"A","date":"2018-04-16T03:30:16.000Z","volume":50000,"label":" ","price":0.36},{"type":"A","date":"2018-04-16T03:35:11.000Z","volume":40000,"label":" ","price":0.36},{"type":"B","date":"2018-04-16T03:35:25.000Z","volume":50000,"label":" ","price":0.355},{"type":"A","date":"2018-04-16T03:40:19.000Z","volume":10000,"label":" ","price":0.36},{"type":"A","date":"2018-04-16T03:41:03.000Z","volume":10000,"label":" ","price":0.36},{"type":"A","date":"2018-04-16T03:41:05.000Z","volume":20000,"label":" ","price":0.36},{"type":"A","date":"2018-04-16T03:45:22.000Z","volume":30000,"label":" ","price":0.36},{"type":"A","date":"2018-04-16T03:50:21.000Z","volume":10000,"label":" ","price":0.36},{"type":"A","date":"2018-04-16T03:51:09.000Z","volume":60000,"label":" ","price":0.36},{"type":"A","date":"2018-04-16T03:55:21.000Z","volume":10000,"label":" ","price":0.36},{"type":"A","date":"2018-04-16T03:59:24.000Z","volume":10000,"label":" ","price":0.36},{"type":"A","date":"2018-04-16T05:05:12.000Z","volume":30000,"label":" ","price":0.36},{"type":"A","date":"2018-04-16T05:05:16.000Z","volume":30000,"label":" ","price":0.36},{"type":"A","date":"2018-04-16T05:10:24.000Z","volume":20000,"label":" ","price":0.36},{"type":"A","date":"2018-04-16T05:15:17.000Z","volume":20000,"label":" ","price":0.36},{"type":"A","date":"2018-04-16T05:20:19.000Z","volume":20000,"label":" ","price":0.36},{"type":"A","date":"2018-04-16T05:25:24.000Z","volume":20000,"label":" ","price":0.36},{"type":"A","date":"2018-04-16T05:35:17.000Z","volume":10000,"label":" ","price":0.36},{"type":"B","date":"2018-04-16T05:36:15.000Z","volume":50000,"label":" ","price":0.355},{"type":"A","date":"2018-04-16T05:37:54.000Z","volume":40000,"label":" ","price":0.36},{"type":"A","date":"2018-04-16T05:45:21.000Z","volume":20000,"label":" ","price":0.36},{"type":"A","date":"2018-04-16T05:50:22.000Z","volume":40000,"label":" ","price":0.36},{"type":"A","date":"2018-04-16T05:55:21.000Z","volume":10000,"label":" ","price":0.36},{"type":"A","date":"2018-04-16T06:00:24.000Z","volume":20000,"label":" ","price":0.36},{"type":"A","date":"2018-04-16T06:05:18.000Z","volume":20000,"label":" ","price":0.36},{"type":"A","date":"2018-04-16T06:10:24.000Z","volume":20000,"label":" ","price":0.36},{"type":"A","date":"2018-04-16T06:15:18.000Z","volume":40000,"label":" ","price":0.36},{"type":"A","date":"2018-04-16T06:16:23.000Z","volume":10000,"label":" ","price":0.36},{"type":"A","date":"2018-04-16T06:16:25.000Z","volume":20000,"label":" ","price":0.36},{"type":"A","date":"2018-04-16T06:20:26.000Z","volume":20000,"label":" ","price":0.36},{"type":"A","date":"2018-04-16T06:25:17.000Z","volume":30000,"label":" ","price":0.36},{"type":"A","date":"2018-04-16T06:30:23.000Z","volume":20000,"label":" ","price":0.36},{"type":"A","date":"2018-04-16T06:35:26.000Z","volume":20000,"label":" ","price":0.36},{"type":"B","date":"2018-04-16T06:36:53.000Z","volume":80000,"label":" ","price":0.355},{"type":"A","date":"2018-04-16T06:50:18.000Z","volume":10000,"label":" ","price":0.36},{"type":"A","date":"2018-04-16T06:55:20.000Z","volume":20000,"label":" ","price":0.36},{"type":"A","date":"2018-04-16T07:00:24.000Z","volume":20000,"label":" ","price":0.36},{"type":"A","date":"2018-04-16T07:05:15.000Z","volume":30000,"label":" ","price":0.36},{"type":"A","date":"2018-04-16T07:06:08.000Z","volume":20000,"label":" ","price":0.36},{"type":"A","date":"2018-04-16T07:06:10.000Z","volume":10000,"label":" ","price":0.36},{"type":"A","date":"2018-04-16T07:10:23.000Z","volume":30000,"label":" ","price":0.36},{"type":"A","date":"2018-04-16T07:15:25.000Z","volume":20000,"label":" ","price":0.36},{"type":"A","date":"2018-04-16T07:17:25.000Z","volume":690000,"label":" ","price":0.36},{"type":"A","date":"2018-04-16T07:19:12.000Z","volume":160000,"label":" ","price":0.365},{"type":"B","date":"2018-04-16T07:26:15.000Z","volume":200000,"label":" ","price":0.36},{"type":"A","date":"2018-04-16T07:28:12.000Z","volume":40000,"label":" ","price":0.365},{"type":"B","date":"2018-04-16T07:41:21.000Z","volume":60000,"label":" ","price":0.36},{"type":"B","date":"2018-04-16T07:51:53.000Z","volume":1000000,"label":" ","price":0.36},{"type":"B","date":"2018-04-16T07:51:55.000Z","volume":30000,"label":" ","price":0.36},{"type":"B","date":"2018-04-16T07:52:10.000Z","volume":10000,"label":" ","price":0.36},{"type":"B","date":"2018-04-16T07:52:14.000Z","volume":20000,"label":" ","price":0.36},{"type":"B","date":"2018-04-16T07:58:40.000Z","volume":70000,"label":" ","price":0.355},{"type":"B","date":"2018-04-16T07:58:44.000Z","volume":10000,"label":" ","price":0.36},{"type":"U","date":"2018-04-16T08:08:32.000Z","volume":130000,"label":"U","price":0.365}]