[{"type":"U","date":"2018-03-20T01:20:00.000Z","volume":232000,"label":"U","price":2.22},{"type":"B","date":"2018-03-20T01:30:00.000Z","volume":2000,"label":" ","price":2.21},{"type":"B","date":"2018-03-20T01:30:05.000Z","volume":2000,"label":" ","price":2.2},{"type":"B","date":"2018-03-20T01:30:05.000Z","volume":8000,"label":" ","price":2.19},{"type":"A","date":"2018-03-20T01:30:11.000Z","volume":10000,"label":" ","price":2.22},{"type":"A","date":"2018-03-20T01:30:22.000Z","volume":20000,"label":" ","price":2.22},{"type":"A","date":"2018-03-20T01:30:34.000Z","volume":8000,"label":" ","price":2.22},{"type":"A","date":"2018-03-20T01:30:34.000Z","volume":42000,"label":" ","price":2.23},{"type":"A","date":"2018-03-20T01:30:34.000Z","volume":36000,"label":" ","price":2.24},{"type":"A","date":"2018-03-20T01:35:26.000Z","volume":4000,"label":" ","price":2.22},{"type":"B","date":"2018-03-20T01:35:45.000Z","volume":20000,"label":" ","price":2.21},{"type":"B","date":"2018-03-20T01:36:12.000Z","volume":4000,"label":" ","price":2.2},{"type":"B","date":"2018-03-20T01:36:14.000Z","volume":2000,"label":" ","price":2.21},{"type":"A","date":"2018-03-20T01:37:01.000Z","volume":2000,"label":" ","price":2.22},{"type":"A","date":"2018-03-20T01:37:48.000Z","volume":2000,"label":" ","price":2.22},{"type":"A","date":"2018-03-20T01:39:44.000Z","volume":4000,"label":" ","price":2.21},{"type":"B","date":"2018-03-20T01:39:46.000Z","volume":4000,"label":" ","price":2.21},{"type":"B","date":"2018-03-20T01:39:50.000Z","volume":2000,"label":" ","price":2.21},{"type":"A","date":"2018-03-20T01:39:50.000Z","volume":2000,"label":" ","price":2.22},{"type":"A","date":"2018-03-20T01:40:21.000Z","volume":2000,"label":" ","price":2.21},{"type":"B","date":"2018-03-20T01:41:37.000Z","volume":4000,"label":" ","price":2.21},{"type":"B","date":"2018-03-20T01:41:37.000Z","volume":16000,"label":" ","price":2.2},{"type":"B","date":"2018-03-20T01:42:57.000Z","volume":10000,"label":"Y","price":2.2},{"type":"B","date":"2018-03-20T01:43:26.000Z","volume":2000,"label":" ","price":2.2},{"type":"A","date":"2018-03-20T01:43:36.000Z","volume":6000,"label":" ","price":2.22},{"type":"B","date":"2018-03-20T01:45:54.000Z","volume":66000,"label":" ","price":2.19},{"type":"B","date":"2018-03-20T01:45:54.000Z","volume":52000,"label":" ","price":2.19},{"type":"B","date":"2018-03-20T01:46:01.000Z","volume":100000,"label":" ","price":2.18},{"type":"B","date":"2018-03-20T01:46:45.000Z","volume":6000,"label":" ","price":2.18},{"type":"B","date":"2018-03-20T01:46:45.000Z","volume":74000,"label":" ","price":2.17},{"type":"B","date":"2018-03-20T01:47:26.000Z","volume":40000,"label":" ","price":2.18},{"type":"B","date":"2018-03-20T01:47:32.000Z","volume":60000,"label":" ","price":2.18},{"type":"B","date":"2018-03-20T01:47:41.000Z","volume":24000,"label":" ","price":2.17},{"type":"B","date":"2018-03-20T01:47:41.000Z","volume":2000,"label":" ","price":2.17},{"type":"B","date":"2018-03-20T01:47:45.000Z","volume":70000,"label":" ","price":2.16},{"type":"B","date":"2018-03-20T01:47:45.000Z","volume":50000,"label":" ","price":2.16},{"type":"B","date":"2018-03-20T01:47:51.000Z","volume":4000,"label":" ","price":2.14},{"type":"B","date":"2018-03-20T01:47:57.000Z","volume":32000,"label":" ","price":2.14},{"type":"B","date":"2018-03-20T01:47:57.000Z","volume":26000,"label":" ","price":2.14},{"type":"B","date":"2018-03-20T01:48:43.000Z","volume":20000,"label":" ","price":2.14},{"type":"B","date":"2018-03-20T01:48:43.000Z","volume":6000,"label":" ","price":2.13},{"type":"B","date":"2018-03-20T01:48:51.000Z","volume":20000,"label":" ","price":2.1},{"type":"B","date":"2018-03-20T01:48:55.000Z","volume":2000,"label":" ","price":2.1},{"type":"B","date":"2018-03-20T01:48:55.000Z","volume":8000,"label":" ","price":2.07},{"type":"B","date":"2018-03-20T01:49:10.000Z","volume":2000,"label":" ","price":2.1},{"type":"A","date":"2018-03-20T01:49:13.000Z","volume":4000,"label":" ","price":2.1},{"type":"A","date":"2018-03-20T01:51:52.000Z","volume":12000,"label":" ","price":2.15},{"type":"A","date":"2018-03-20T01:51:52.000Z","volume":8000,"label":" ","price":2.16},{"type":"A","date":"2018-03-20T01:51:55.000Z","volume":12000,"label":" ","price":2.16},{"type":"A","date":"2018-03-20T01:51:55.000Z","volume":8000,"label":" ","price":2.16},{"type":"B","date":"2018-03-20T01:51:58.000Z","volume":10000,"label":" ","price":2.16},{"type":"B","date":"2018-03-20T01:52:47.000Z","volume":10000,"label":" ","price":2.14},{"type":"A","date":"2018-03-20T01:52:50.000Z","volume":6000,"label":" ","price":2.14},{"type":"A","date":"2018-03-20T01:52:50.000Z","volume":10000,"label":" ","price":2.14},{"type":"A","date":"2018-03-20T01:53:20.000Z","volume":2000,"label":" ","price":2.17},{"type":"B","date":"2018-03-20T01:55:29.000Z","volume":18000,"label":" ","price":2.17},{"type":"B","date":"2018-03-20T01:55:58.000Z","volume":2000,"label":" ","price":2.17},{"type":"A","date":"2018-03-20T01:57:46.000Z","volume":4000,"label":" ","price":2.18},{"type":"B","date":"2018-03-20T01:59:49.000Z","volume":6000,"label":" ","price":2.18},{"type":"B","date":"2018-03-20T02:15:35.000Z","volume":8000,"label":" ","price":2.15},{"type":"A","date":"2018-03-20T02:15:57.000Z","volume":2000,"label":" ","price":2.16},{"type":"A","date":"2018-03-20T02:16:11.000Z","volume":20000,"label":" ","price":2.17},{"type":"A","date":"2018-03-20T02:18:27.000Z","volume":2000,"label":" ","price":2.17},{"type":"A","date":"2018-03-20T02:18:33.000Z","volume":28000,"label":" ","price":2.17},{"type":"B","date":"2018-03-20T02:18:58.000Z","volume":30000,"label":" ","price":2.16},{"type":"A","date":"2018-03-20T02:20:44.000Z","volume":20000,"label":" ","price":2.17},{"type":"A","date":"2018-03-20T02:24:09.000Z","volume":4000,"label":"Y","price":2.18},{"type":"A","date":"2018-03-20T02:24:09.000Z","volume":20000,"label":" ","price":2.18},{"type":"B","date":"2018-03-20T02:25:39.000Z","volume":10000,"label":" ","price":2.17},{"type":"A","date":"2018-03-20T02:26:52.000Z","volume":8000,"label":" ","price":2.18},{"type":"A","date":"2018-03-20T02:32:43.000Z","volume":2000,"label":" ","price":2.18},{"type":"B","date":"2018-03-20T02:42:03.000Z","volume":20000,"label":" ","price":2.17},{"type":"B","date":"2018-03-20T02:44:00.000Z","volume":10000,"label":" ","price":2.17},{"type":"B","date":"2018-03-20T02:50:52.000Z","volume":2000,"label":" ","price":2.16},{"type":"B","date":"2018-03-20T02:51:08.000Z","volume":2000,"label":" ","price":2.16},{"type":"B","date":"2018-03-20T02:52:50.000Z","volume":6000,"label":" ","price":2.16},{"type":"B","date":"2018-03-20T02:53:22.000Z","volume":30000,"label":" ","price":2.16},{"type":"B","date":"2018-03-20T02:53:22.000Z","volume":20000,"label":" ","price":2.16},{"type":"A","date":"2018-03-20T02:53:30.000Z","volume":10000,"label":" ","price":2.16},{"type":"B","date":"2018-03-20T03:00:28.000Z","volume":20000,"label":" ","price":2.15},{"type":"B","date":"2018-03-20T03:00:31.000Z","volume":30000,"label":" ","price":2.15},{"type":"B","date":"2018-03-20T03:00:40.000Z","volume":30000,"label":" ","price":2.15},{"type":"B","date":"2018-03-20T03:00:40.000Z","volume":34000,"label":" ","price":2.15},{"type":"B","date":"2018-03-20T03:01:14.000Z","volume":82000,"label":" ","price":2.14},{"type":"A","date":"2018-03-20T03:01:17.000Z","volume":4000,"label":" ","price":2.14},{"type":"A","date":"2018-03-20T03:01:20.000Z","volume":14000,"label":" ","price":2.14},{"type":"A","date":"2018-03-20T03:01:43.000Z","volume":14000,"label":" ","price":2.14},{"type":"B","date":"2018-03-20T03:05:49.000Z","volume":12000,"label":" ","price":2.13},{"type":"B","date":"2018-03-20T03:05:53.000Z","volume":90000,"label":" ","price":2.13},{"type":"A","date":"2018-03-20T03:05:54.000Z","volume":10000,"label":" ","price":2.13},{"type":"B","date":"2018-03-20T03:06:04.000Z","volume":12000,"label":" ","price":2.13},{"type":"B","date":"2018-03-20T03:08:02.000Z","volume":100000,"label":" ","price":2.12},{"type":"B","date":"2018-03-20T03:08:02.000Z","volume":22000,"label":" ","price":2.12},{"type":"B","date":"2018-03-20T03:14:53.000Z","volume":10000,"label":" ","price":2.12},{"type":"B","date":"2018-03-20T03:15:24.000Z","volume":60000,"label":" ","price":2.11},{"type":"B","date":"2018-03-20T03:28:40.000Z","volume":8000,"label":" ","price":2.13},{"type":"B","date":"2018-03-20T03:28:53.000Z","volume":10000,"label":" ","price":2.13},{"type":"A","date":"2018-03-20T03:29:28.000Z","volume":10000,"label":" ","price":2.14},{"type":"B","date":"2018-03-20T03:29:46.000Z","volume":8000,"label":" ","price":2.14},{"type":"B","date":"2018-03-20T03:30:44.000Z","volume":4000,"label":" ","price":2.14},{"type":"B","date":"2018-03-20T03:31:42.000Z","volume":2000,"label":" ","price":2.14},{"type":"A","date":"2018-03-20T03:51:55.000Z","volume":4000,"label":" ","price":2.15},{"type":"B","date":"2018-03-20T05:02:44.000Z","volume":6000,"label":" ","price":2.14},{"type":"A","date":"2018-03-20T05:11:49.000Z","volume":2000,"label":" ","price":2.15},{"type":"A","date":"2018-03-20T05:33:18.000Z","volume":2000,"label":" ","price":2.15},{"type":"B","date":"2018-03-20T05:38:05.000Z","volume":2000,"label":" ","price":2.14},{"type":"A","date":"2018-03-20T05:38:14.000Z","volume":8000,"label":" ","price":2.14},{"type":"A","date":"2018-03-20T05:49:20.000Z","volume":24000,"label":" ","price":2.15},{"type":"B","date":"2018-03-20T05:49:21.000Z","volume":6000,"label":" ","price":2.15},{"type":"A","date":"2018-03-20T06:06:49.000Z","volume":50000,"label":" ","price":2.16},{"type":"B","date":"2018-03-20T06:12:25.000Z","volume":20000,"label":" ","price":2.15},{"type":"A","date":"2018-03-20T06:49:49.000Z","volume":30000,"label":" ","price":2.15},{"type":"B","date":"2018-03-20T06:50:23.000Z","volume":14000,"label":" ","price":2.15},{"type":"B","date":"2018-03-20T06:51:28.000Z","volume":4000,"label":" ","price":2.15},{"type":"B","date":"2018-03-20T06:52:32.000Z","volume":2000,"label":" ","price":2.15},{"type":"B","date":"2018-03-20T07:06:32.000Z","volume":2000,"label":" ","price":2.15},{"type":"A","date":"2018-03-20T07:32:30.000Z","volume":4000,"label":" ","price":2.16},{"type":"A","date":"2018-03-20T07:32:37.000Z","volume":18000,"label":" ","price":2.16},{"type":"B","date":"2018-03-20T07:46:00.000Z","volume":10000,"label":" ","price":2.15},{"type":"B","date":"2018-03-20T07:51:05.000Z","volume":2000,"label":" ","price":2.15},{"type":"A","date":"2018-03-20T07:51:22.000Z","volume":40000,"label":" ","price":2.16},{"type":"A","date":"2018-03-20T07:51:31.000Z","volume":100000,"label":" ","price":2.16},{"type":"A","date":"2018-03-20T07:51:49.000Z","volume":14000,"label":" ","price":2.16},{"type":"A","date":"2018-03-20T07:58:01.000Z","volume":2000,"label":" ","price":2.17}]