[{"type":"A","date":"2018-03-20T07:52:30.000Z","volume":992000,"price":0.37,"category":"ubbull"},{"type":"A","date":"2018-03-20T07:50:26.000Z","volume":800000,"price":0.37,"category":"ubbull"},{"type":"A","date":"2018-03-20T07:23:16.000Z","volume":2000000,"price":0.37,"category":"ubbull"},{"type":"A","date":"2018-03-20T07:19:45.000Z","volume":996000,"price":0.37,"category":"ubbull"},{"type":"A","date":"2018-03-20T07:19:14.000Z","volume":1000000,"price":0.37,"category":"ubbull"},{"type":"A","date":"2018-03-20T06:57:47.000Z","volume":900000,"price":0.37,"category":"ubbull"},{"type":"A","date":"2018-03-20T06:45:56.000Z","volume":600000,"price":0.37,"category":"ubbull"},{"type":"A","date":"2018-03-20T06:44:35.000Z","volume":1000000,"price":0.37,"category":"ubbull"},{"type":"A","date":"2018-03-20T06:40:27.000Z","volume":1300000,"price":0.37,"category":"ubbull"},{"type":"A","date":"2018-03-20T06:40:26.000Z","volume":4960000,"price":0.37,"category":"ubbull"},{"type":"A","date":"2018-03-20T06:40:04.000Z","volume":1000000,"price":0.37,"category":"ubbull"},{"type":"A","date":"2018-03-20T06:38:44.000Z","volume":4000000,"price":0.37,"category":"ubbull"},{"type":"A","date":"2018-03-20T05:54:11.000Z","volume":500000,"price":0.37,"category":"ubbull"},{"type":"A","date":"2018-03-20T05:52:06.000Z","volume":500000,"price":0.37,"category":"ubbull"},{"type":"A","date":"2018-03-20T03:33:45.000Z","volume":2160000,"price":0.37,"category":"ubbull"},{"type":"A","date":"2018-03-20T03:23:54.000Z","volume":856000,"price":0.37,"category":"ubbull"},{"type":"A","date":"2018-03-20T02:28:55.000Z","volume":2000000,"price":0.37,"category":"ubbull"},{"type":"A","date":"2018-03-20T02:08:47.000Z","volume":4800000,"price":0.37,"category":"ubbull"},{"type":"A","date":"2018-03-20T01:46:51.000Z","volume":808000,"price":0.365,"category":"ubbull"},{"type":"A","date":"2018-03-20T01:46:48.000Z","volume":3000000,"price":0.365,"category":"ubbull"},{"type":"A","date":"2018-03-20T01:46:41.000Z","volume":500000,"price":0.365,"category":"ubbull"},{"type":"A","date":"2018-03-20T01:32:54.000Z","volume":1340000,"price":0.365,"category":"ubbull"},{"type":"A","date":"2018-03-20T07:58:26.000Z","volume":200000,"price":0.37,"category":"bbull"},{"type":"A","date":"2018-03-20T07:48:00.000Z","volume":180000,"price":0.37,"category":"bbull"},{"type":"A","date":"2018-03-20T07:41:43.000Z","volume":400000,"price":0.37,"category":"bbull"},{"type":"A","date":"2018-03-20T07:29:56.000Z","volume":200000,"price":0.37,"category":"bbull"},{"type":"A","date":"2018-03-20T07:25:02.000Z","volume":160000,"price":0.37,"category":"bbull"},{"type":"A","date":"2018-03-20T07:24:23.000Z","volume":200000,"price":0.37,"category":"bbull"},{"type":"A","date":"2018-03-20T07:19:57.000Z","volume":164000,"price":0.37,"category":"bbull"},{"type":"A","date":"2018-03-20T07:19:45.000Z","volume":172000,"price":0.37,"category":"bbull"},{"type":"A","date":"2018-03-20T07:19:45.000Z","volume":204000,"price":0.37,"category":"bbull"},{"type":"A","date":"2018-03-20T07:17:52.000Z","volume":200000,"price":0.37,"category":"bbull"},{"type":"A","date":"2018-03-20T07:11:50.000Z","volume":200000,"price":0.37,"category":"bbull"},{"type":"A","date":"2018-03-20T07:01:10.000Z","volume":200000,"price":0.37,"category":"bbull"},{"type":"A","date":"2018-03-20T06:55:49.000Z","volume":200000,"price":0.37,"category":"bbull"},{"type":"A","date":"2018-03-20T06:47:07.000Z","volume":248000,"price":0.37,"category":"bbull"},{"type":"A","date":"2018-03-20T06:47:07.000Z","volume":184000,"price":0.37,"category":"bbull"},{"type":"A","date":"2018-03-20T06:46:40.000Z","volume":356000,"price":0.37,"category":"bbull"},{"type":"A","date":"2018-03-20T06:46:24.000Z","volume":300000,"price":0.37,"category":"bbull"},{"type":"A","date":"2018-03-20T06:44:53.000Z","volume":276000,"price":0.37,"category":"bbull"},{"type":"A","date":"2018-03-20T06:41:43.000Z","volume":200000,"price":0.37,"category":"bbull"},{"type":"A","date":"2018-03-20T06:40:28.000Z","volume":300000,"price":0.37,"category":"bbull"},{"type":"A","date":"2018-03-20T06:40:28.000Z","volume":200000,"price":0.37,"category":"bbull"},{"type":"A","date":"2018-03-20T06:40:18.000Z","volume":240000,"price":0.37,"category":"bbull"},{"type":"A","date":"2018-03-20T06:40:05.000Z","volume":240000,"price":0.37,"category":"bbull"},{"type":"A","date":"2018-03-20T06:38:49.000Z","volume":300000,"price":0.37,"category":"bbull"},{"type":"A","date":"2018-03-20T06:32:23.000Z","volume":160000,"price":0.37,"category":"bbull"},{"type":"A","date":"2018-03-20T06:19:56.000Z","volume":144000,"price":0.37,"category":"bbull"},{"type":"A","date":"2018-03-20T05:46:57.000Z","volume":200000,"price":0.37,"category":"bbull"},{"type":"A","date":"2018-03-20T05:45:29.000Z","volume":300000,"price":0.37,"category":"bbull"},{"type":"A","date":"2018-03-20T05:36:11.000Z","volume":200000,"price":0.37,"category":"bbull"},{"type":"A","date":"2018-03-20T05:15:35.000Z","volume":400000,"price":0.37,"category":"bbull"},{"type":"A","date":"2018-03-20T03:54:37.000Z","volume":320000,"price":0.37,"category":"bbull"},{"type":"A","date":"2018-03-20T03:23:54.000Z","volume":144000,"price":0.37,"category":"bbull"},{"type":"A","date":"2018-03-20T02:36:21.000Z","volume":200000,"price":0.37,"category":"bbull"},{"type":"A","date":"2018-03-20T02:24:36.000Z","volume":248000,"price":0.37,"category":"bbull"},{"type":"A","date":"2018-03-20T01:43:05.000Z","volume":140000,"price":0.365,"category":"bbull"},{"type":"A","date":"2018-03-20T01:37:25.000Z","volume":200000,"price":0.365,"category":"bbull"},{"type":"A","date":"2018-03-20T01:36:33.000Z","volume":152000,"price":0.365,"category":"bbull"},{"type":"A","date":"2018-03-20T01:32:36.000Z","volume":280000,"price":0.365,"category":"bbull"},{"type":"A","date":"2018-03-20T01:32:02.000Z","volume":188000,"price":0.365,"category":"bbull"},{"type":"A","date":"2018-03-20T07:59:55.000Z","volume":4000,"price":0.37,"category":"rbull"},{"type":"A","date":"2018-03-20T07:59:55.000Z","volume":8000,"price":0.37,"category":"rbull"},{"type":"A","date":"2018-03-20T07:59:54.000Z","volume":8000,"price":0.37,"category":"rbull"},{"type":"A","date":"2018-03-20T07:59:54.000Z","volume":8000,"price":0.37,"category":"rbull"},{"type":"A","date":"2018-03-20T07:59:47.000Z","volume":4000,"price":0.37,"category":"rbull"},{"type":"A","date":"2018-03-20T07:59:45.000Z","volume":4000,"price":0.37,"category":"rbull"},{"type":"A","date":"2018-03-20T07:59:45.000Z","volume":4000,"price":0.37,"category":"rbull"},{"type":"A","date":"2018-03-20T07:59:41.000Z","volume":8000,"price":0.37,"category":"rbull"},{"type":"A","date":"2018-03-20T07:59:41.000Z","volume":8000,"price":0.37,"category":"rbull"},{"type":"A","date":"2018-03-20T07:59:32.000Z","volume":4000,"price":0.37,"category":"rbull"},{"type":"A","date":"2018-03-20T07:59:28.000Z","volume":4000,"price":0.37,"category":"rbull"},{"type":"A","date":"2018-03-20T07:59:26.000Z","volume":12000,"price":0.37,"category":"rbull"},{"type":"A","date":"2018-03-20T07:59:26.000Z","volume":4000,"price":0.37,"category":"rbull"},{"type":"A","date":"2018-03-20T07:59:16.000Z","volume":8000,"price":0.37,"category":"rbull"},{"type":"A","date":"2018-03-20T07:58:51.000Z","volume":4000,"price":0.37,"category":"rbull"},{"type":"A","date":"2018-03-20T07:58:50.000Z","volume":12000,"price":0.37,"category":"rbull"},{"type":"A","date":"2018-03-20T07:58:16.000Z","volume":4000,"price":0.37,"category":"rbull"},{"type":"A","date":"2018-03-20T07:55:22.000Z","volume":8000,"price":0.37,"category":"rbull"},{"type":"A","date":"2018-03-20T07:52:30.000Z","volume":8000,"price":0.37,"category":"rbull"},{"type":"A","date":"2018-03-20T07:51:47.000Z","volume":4000,"price":0.37,"category":"rbull"},{"type":"A","date":"2018-03-20T07:46:45.000Z","volume":8000,"price":0.37,"category":"rbull"},{"type":"A","date":"2018-03-20T07:44:55.000Z","volume":4000,"price":0.37,"category":"rbull"},{"type":"A","date":"2018-03-20T07:44:30.000Z","volume":4000,"price":0.37,"category":"rbull"},{"type":"A","date":"2018-03-20T07:44:02.000Z","volume":8000,"price":0.37,"category":"rbull"},{"type":"A","date":"2018-03-20T07:43:52.000Z","volume":12000,"price":0.37,"category":"rbull"},{"type":"A","date":"2018-03-20T07:43:32.000Z","volume":4000,"price":0.37,"category":"rbull"},{"type":"A","date":"2018-03-20T07:43:02.000Z","volume":4000,"price":0.37,"category":"rbull"},{"type":"A","date":"2018-03-20T07:42:32.000Z","volume":4000,"price":0.37,"category":"rbull"},{"type":"A","date":"2018-03-20T07:42:02.000Z","volume":4000,"price":0.37,"category":"rbull"},{"type":"A","date":"2018-03-20T07:41:32.000Z","volume":4000,"price":0.37,"category":"rbull"},{"type":"A","date":"2018-03-20T07:41:09.000Z","volume":4000,"price":0.37,"category":"rbull"},{"type":"A","date":"2018-03-20T07:41:02.000Z","volume":4000,"price":0.37,"category":"rbull"},{"type":"A","date":"2018-03-20T07:40:32.000Z","volume":4000,"price":0.37,"category":"rbull"},{"type":"A","date":"2018-03-20T07:40:02.000Z","volume":4000,"price":0.37,"category":"rbull"},{"type":"A","date":"2018-03-20T07:39:32.000Z","volume":4000,"price":0.37,"category":"rbull"},{"type":"A","date":"2018-03-20T07:39:02.000Z","volume":4000,"price":0.37,"category":"rbull"},{"type":"A","date":"2018-03-20T07:38:34.000Z","volume":4000,"price":0.37,"category":"rbull"},{"type":"A","date":"2018-03-20T07:38:32.000Z","volume":4000,"price":0.37,"category":"rbull"},{"type":"A","date":"2018-03-20T07:38:02.000Z","volume":4000,"price":0.37,"category":"rbull"},{"type":"A","date":"2018-03-20T07:37:32.000Z","volume":4000,"price":0.37,"category":"rbull"},{"type":"A","date":"2018-03-20T07:37:02.000Z","volume":4000,"price":0.37,"category":"rbull"},{"type":"A","date":"2018-03-20T07:36:32.000Z","volume":4000,"price":0.37,"category":"rbull"},{"type":"A","date":"2018-03-20T07:36:02.000Z","volume":4000,"price":0.37,"category":"rbull"},{"type":"A","date":"2018-03-20T07:35:32.000Z","volume":4000,"price":0.37,"category":"rbull"},{"type":"A","date":"2018-03-20T07:35:02.000Z","volume":4000,"price":0.37,"category":"rbull"},{"type":"A","date":"2018-03-20T07:34:32.000Z","volume":4000,"price":0.37,"category":"rbull"},{"type":"A","date":"2018-03-20T07:34:14.000Z","volume":12000,"price":0.37,"category":"rbull"},{"type":"A","date":"2018-03-20T07:34:02.000Z","volume":4000,"price":0.37,"category":"rbull"},{"type":"A","date":"2018-03-20T07:33:32.000Z","volume":4000,"price":0.37,"category":"rbull"},{"type":"A","date":"2018-03-20T07:33:02.000Z","volume":4000,"price":0.37,"category":"rbull"},{"type":"A","date":"2018-03-20T07:32:32.000Z","volume":4000,"price":0.37,"category":"rbull"},{"type":"A","date":"2018-03-20T07:31:32.000Z","volume":4000,"price":0.37,"category":"rbull"},{"type":"A","date":"2018-03-20T07:31:02.000Z","volume":4000,"price":0.37,"category":"rbull"},{"type":"A","date":"2018-03-20T07:30:22.000Z","volume":4000,"price":0.37,"category":"rbull"},{"type":"A","date":"2018-03-20T07:30:02.000Z","volume":4000,"price":0.37,"category":"rbull"},{"type":"A","date":"2018-03-20T07:29:32.000Z","volume":4000,"price":0.37,"category":"rbull"},{"type":"A","date":"2018-03-20T07:28:32.000Z","volume":4000,"price":0.37,"category":"rbull"},{"type":"A","date":"2018-03-20T07:28:02.000Z","volume":4000,"price":0.37,"category":"rbull"},{"type":"A","date":"2018-03-20T07:27:02.000Z","volume":4000,"price":0.37,"category":"rbull"},{"type":"A","date":"2018-03-20T07:26:32.000Z","volume":4000,"price":0.37,"category":"rbull"},{"type":"A","date":"2018-03-20T07:26:00.000Z","volume":8000,"price":0.37,"category":"rbull"},{"type":"A","date":"2018-03-20T07:25:32.000Z","volume":4000,"price":0.37,"category":"rbull"},{"type":"A","date":"2018-03-20T07:21:18.000Z","volume":12000,"price":0.37,"category":"rbull"},{"type":"A","date":"2018-03-20T07:20:27.000Z","volume":8000,"price":0.37,"category":"rbull"},{"type":"A","date":"2018-03-20T07:00:37.000Z","volume":12000,"price":0.37,"category":"rbull"},{"type":"A","date":"2018-03-20T06:57:33.000Z","volume":4000,"price":0.37,"category":"rbull"},{"type":"A","date":"2018-03-20T06:45:50.000Z","volume":8000,"price":0.37,"category":"rbull"},{"type":"A","date":"2018-03-20T06:35:20.000Z","volume":8000,"price":0.37,"category":"rbull"},{"type":"A","date":"2018-03-20T06:30:20.000Z","volume":12000,"price":0.37,"category":"rbull"},{"type":"A","date":"2018-03-20T06:25:22.000Z","volume":8000,"price":0.37,"category":"rbull"},{"type":"A","date":"2018-03-20T06:20:22.000Z","volume":12000,"price":0.37,"category":"rbull"},{"type":"A","date":"2018-03-20T06:16:31.000Z","volume":4000,"price":0.37,"category":"rbull"},{"type":"A","date":"2018-03-20T06:15:24.000Z","volume":12000,"price":0.37,"category":"rbull"},{"type":"A","date":"2018-03-20T06:10:17.000Z","volume":12000,"price":0.37,"category":"rbull"},{"type":"A","date":"2018-03-20T06:05:16.000Z","volume":4000,"price":0.37,"category":"rbull"},{"type":"A","date":"2018-03-20T06:03:29.000Z","volume":8000,"price":0.37,"category":"rbull"},{"type":"A","date":"2018-03-20T06:00:23.000Z","volume":8000,"price":0.37,"category":"rbull"},{"type":"A","date":"2018-03-20T05:55:20.000Z","volume":8000,"price":0.37,"category":"rbull"},{"type":"A","date":"2018-03-20T05:46:35.000Z","volume":4000,"price":0.37,"category":"rbull"},{"type":"A","date":"2018-03-20T05:45:16.000Z","volume":4000,"price":0.37,"category":"rbull"},{"type":"A","date":"2018-03-20T05:35:36.000Z","volume":4000,"price":0.37,"category":"rbull"},{"type":"A","date":"2018-03-20T05:35:17.000Z","volume":4000,"price":0.37,"category":"rbull"},{"type":"A","date":"2018-03-20T05:23:57.000Z","volume":12000,"price":0.37,"category":"rbull"},{"type":"A","date":"2018-03-20T05:20:16.000Z","volume":12000,"price":0.37,"category":"rbull"},{"type":"A","date":"2018-03-20T05:15:19.000Z","volume":8000,"price":0.37,"category":"rbull"},{"type":"A","date":"2018-03-20T05:10:24.000Z","volume":12000,"price":0.37,"category":"rbull"},{"type":"A","date":"2018-03-20T05:05:15.000Z","volume":8000,"price":0.37,"category":"rbull"},{"type":"A","date":"2018-03-20T05:00:24.000Z","volume":4000,"price":0.37,"category":"rbull"},{"type":"A","date":"2018-03-20T03:59:27.000Z","volume":8000,"price":0.37,"category":"rbull"},{"type":"A","date":"2018-03-20T03:59:17.000Z","volume":4000,"price":0.37,"category":"rbull"},{"type":"A","date":"2018-03-20T03:58:02.000Z","volume":8000,"price":0.37,"category":"rbull"},{"type":"A","date":"2018-03-20T03:58:02.000Z","volume":4000,"price":0.37,"category":"rbull"},{"type":"A","date":"2018-03-20T03:55:20.000Z","volume":8000,"price":0.37,"category":"rbull"},{"type":"A","date":"2018-03-20T03:54:30.000Z","volume":4000,"price":0.37,"category":"rbull"},{"type":"A","date":"2018-03-20T03:50:24.000Z","volume":8000,"price":0.37,"category":"rbull"},{"type":"A","date":"2018-03-20T03:45:18.000Z","volume":12000,"price":0.37,"category":"rbull"},{"type":"A","date":"2018-03-20T03:40:24.000Z","volume":12000,"price":0.37,"category":"rbull"},{"type":"A","date":"2018-03-20T03:30:23.000Z","volume":12000,"price":0.37,"category":"rbull"},{"type":"A","date":"2018-03-20T03:20:34.000Z","volume":8000,"price":0.37,"category":"rbull"},{"type":"A","date":"2018-03-20T03:15:22.000Z","volume":12000,"price":0.37,"category":"rbull"},{"type":"A","date":"2018-03-20T03:14:19.000Z","volume":12000,"price":0.37,"category":"rbull"},{"type":"A","date":"2018-03-20T03:10:18.000Z","volume":12000,"price":0.37,"category":"rbull"},{"type":"A","date":"2018-03-20T03:00:19.000Z","volume":8000,"price":0.37,"category":"rbull"},{"type":"A","date":"2018-03-20T02:51:46.000Z","volume":4000,"price":0.37,"category":"rbull"},{"type":"A","date":"2018-03-20T02:43:06.000Z","volume":4000,"price":0.37,"category":"rbull"},{"type":"A","date":"2018-03-20T02:34:21.000Z","volume":12000,"price":0.37,"category":"rbull"},{"type":"A","date":"2018-03-20T02:22:22.000Z","volume":12000,"price":0.37,"category":"rbull"},{"type":"A","date":"2018-03-20T02:20:46.000Z","volume":4000,"price":0.37,"category":"rbull"},{"type":"A","date":"2018-03-20T02:18:50.000Z","volume":8000,"price":0.37,"category":"rbull"},{"type":"A","date":"2018-03-20T02:15:04.000Z","volume":8000,"price":0.37,"category":"rbull"},{"type":"A","date":"2018-03-20T02:14:11.000Z","volume":8000,"price":0.37,"category":"rbull"},{"type":"A","date":"2018-03-20T02:03:00.000Z","volume":8000,"price":0.37,"category":"rbull"},{"type":"A","date":"2018-03-20T01:59:18.000Z","volume":8000,"price":0.37,"category":"rbull"},{"type":"A","date":"2018-03-20T01:54:04.000Z","volume":4000,"price":0.37,"category":"rbull"},{"type":"A","date":"2018-03-20T01:52:58.000Z","volume":4000,"price":0.37,"category":"rbull"},{"type":"A","date":"2018-03-20T01:52:18.000Z","volume":4000,"price":0.37,"category":"rbull"},{"type":"A","date":"2018-03-20T01:50:25.000Z","volume":8000,"price":0.37,"category":"rbull"},{"type":"A","date":"2018-03-20T01:46:01.000Z","volume":4000,"price":0.365,"category":"rbull"},{"type":"A","date":"2018-03-20T01:43:37.000Z","volume":8000,"price":0.365,"category":"rbull"},{"type":"A","date":"2018-03-20T01:40:49.000Z","volume":12000,"price":0.365,"category":"rbull"},{"type":"A","date":"2018-03-20T01:37:04.000Z","volume":8000,"price":0.365,"category":"rbull"},{"type":"A","date":"2018-03-20T01:36:33.000Z","volume":12000,"price":0.365,"category":"rbull"},{"type":"A","date":"2018-03-20T01:36:33.000Z","volume":12000,"price":0.365,"category":"rbull"},{"type":"A","date":"2018-03-20T01:35:02.000Z","volume":8000,"price":0.37,"category":"rbull"},{"type":"B","date":"2018-03-20T07:58:49.000Z","volume":12000,"price":0.365,"category":"rbear"},{"type":"B","date":"2018-03-20T07:58:29.000Z","volume":12000,"price":0.365,"category":"rbear"},{"type":"B","date":"2018-03-20T07:58:07.000Z","volume":12000,"price":0.365,"category":"rbear"},{"type":"B","date":"2018-03-20T07:57:44.000Z","volume":12000,"price":0.365,"category":"rbear"},{"type":"B","date":"2018-03-20T07:57:24.000Z","volume":8000,"price":0.365,"category":"rbear"},{"type":"B","date":"2018-03-20T07:57:23.000Z","volume":12000,"price":0.365,"category":"rbear"},{"type":"B","date":"2018-03-20T07:40:57.000Z","volume":4000,"price":0.365,"category":"rbear"},{"type":"B","date":"2018-03-20T07:36:53.000Z","volume":12000,"price":0.365,"category":"rbear"},{"type":"B","date":"2018-03-20T07:01:24.000Z","volume":8000,"price":0.365,"category":"rbear"},{"type":"B","date":"2018-03-20T06:48:26.000Z","volume":12000,"price":0.365,"category":"rbear"},{"type":"B","date":"2018-03-20T06:46:08.000Z","volume":12000,"price":0.365,"category":"rbear"},{"type":"B","date":"2018-03-20T06:29:26.000Z","volume":12000,"price":0.365,"category":"rbear"},{"type":"B","date":"2018-03-20T06:21:59.000Z","volume":12000,"price":0.365,"category":"rbear"},{"type":"B","date":"2018-03-20T06:16:01.000Z","volume":4000,"price":0.365,"category":"rbear"},{"type":"B","date":"2018-03-20T06:15:41.000Z","volume":8000,"price":0.365,"category":"rbear"},{"type":"B","date":"2018-03-20T06:12:31.000Z","volume":8000,"price":0.365,"category":"rbear"},{"type":"B","date":"2018-03-20T06:10:00.000Z","volume":8000,"price":0.365,"category":"rbear"},{"type":"B","date":"2018-03-20T05:49:50.000Z","volume":8000,"price":0.365,"category":"rbear"},{"type":"B","date":"2018-03-20T05:49:28.000Z","volume":8000,"price":0.365,"category":"rbear"},{"type":"B","date":"2018-03-20T05:47:22.000Z","volume":8000,"price":0.365,"category":"rbear"},{"type":"B","date":"2018-03-20T05:30:55.000Z","volume":8000,"price":0.365,"category":"rbear"},{"type":"B","date":"2018-03-20T05:16:29.000Z","volume":8000,"price":0.365,"category":"rbear"},{"type":"B","date":"2018-03-20T05:02:11.000Z","volume":4000,"price":0.365,"category":"rbear"},{"type":"B","date":"2018-03-20T03:59:58.000Z","volume":4000,"price":0.365,"category":"rbear"},{"type":"B","date":"2018-03-20T03:59:50.000Z","volume":4000,"price":0.365,"category":"rbear"},{"type":"B","date":"2018-03-20T03:59:41.000Z","volume":4000,"price":0.365,"category":"rbear"},{"type":"B","date":"2018-03-20T03:59:24.000Z","volume":8000,"price":0.365,"category":"rbear"},{"type":"B","date":"2018-03-20T03:21:49.000Z","volume":12000,"price":0.365,"category":"rbear"},{"type":"B","date":"2018-03-20T03:02:02.000Z","volume":12000,"price":0.365,"category":"rbear"},{"type":"B","date":"2018-03-20T03:01:44.000Z","volume":8000,"price":0.365,"category":"rbear"},{"type":"B","date":"2018-03-20T02:56:25.000Z","volume":8000,"price":0.365,"category":"rbear"},{"type":"B","date":"2018-03-20T02:51:37.000Z","volume":12000,"price":0.365,"category":"rbear"},{"type":"B","date":"2018-03-20T02:50:20.000Z","volume":12000,"price":0.365,"category":"rbear"},{"type":"B","date":"2018-03-20T02:41:40.000Z","volume":4000,"price":0.365,"category":"rbear"},{"type":"B","date":"2018-03-20T02:40:09.000Z","volume":12000,"price":0.365,"category":"rbear"},{"type":"B","date":"2018-03-20T02:39:34.000Z","volume":12000,"price":0.365,"category":"rbear"},{"type":"B","date":"2018-03-20T02:32:56.000Z","volume":4000,"price":0.365,"category":"rbear"},{"type":"B","date":"2018-03-20T02:32:20.000Z","volume":4000,"price":0.365,"category":"rbear"},{"type":"B","date":"2018-03-20T02:31:44.000Z","volume":4000,"price":0.365,"category":"rbear"},{"type":"B","date":"2018-03-20T02:31:09.000Z","volume":8000,"price":0.365,"category":"rbear"},{"type":"B","date":"2018-03-20T02:31:01.000Z","volume":8000,"price":0.365,"category":"rbear"},{"type":"B","date":"2018-03-20T02:28:49.000Z","volume":4000,"price":0.365,"category":"rbear"},{"type":"B","date":"2018-03-20T02:06:12.000Z","volume":8000,"price":0.365,"category":"rbear"},{"type":"B","date":"2018-03-20T02:03:53.000Z","volume":4000,"price":0.365,"category":"rbear"},{"type":"B","date":"2018-03-20T01:51:10.000Z","volume":4000,"price":0.365,"category":"rbear"},{"type":"B","date":"2018-03-20T01:48:18.000Z","volume":12000,"price":0.365,"category":"rbear"},{"type":"B","date":"2018-03-20T01:37:42.000Z","volume":8000,"price":0.36,"category":"rbear"},{"type":"B","date":"2018-03-20T07:56:46.000Z","volume":200000,"price":0.365,"category":"bbear"},{"type":"B","date":"2018-03-20T07:56:45.000Z","volume":200000,"price":0.365,"category":"bbear"},{"type":"B","date":"2018-03-20T07:33:51.000Z","volume":260000,"price":0.365,"category":"bbear"},{"type":"B","date":"2018-03-20T07:31:46.000Z","volume":252000,"price":0.365,"category":"bbear"},{"type":"B","date":"2018-03-20T07:19:06.000Z","volume":232000,"price":0.365,"category":"bbear"},{"type":"B","date":"2018-03-20T06:55:59.000Z","volume":160000,"price":0.365,"category":"bbear"},{"type":"B","date":"2018-03-20T06:37:13.000Z","volume":200000,"price":0.365,"category":"bbear"},{"type":"B","date":"2018-03-20T06:25:19.000Z","volume":360000,"price":0.365,"category":"bbear"},{"type":"B","date":"2018-03-20T06:23:16.000Z","volume":200000,"price":0.365,"category":"bbear"},{"type":"B","date":"2018-03-20T06:15:51.000Z","volume":300000,"price":0.365,"category":"bbear"},{"type":"B","date":"2018-03-20T05:52:49.000Z","volume":300000,"price":0.365,"category":"bbear"},{"type":"B","date":"2018-03-20T05:50:56.000Z","volume":200000,"price":0.365,"category":"bbear"},{"type":"B","date":"2018-03-20T03:49:47.000Z","volume":200000,"price":0.365,"category":"bbear"},{"type":"B","date":"2018-03-20T02:59:05.000Z","volume":300000,"price":0.365,"category":"bbear"},{"type":"B","date":"2018-03-20T02:27:36.000Z","volume":300000,"price":0.365,"category":"bbear"},{"type":"B","date":"2018-03-20T02:16:28.000Z","volume":200000,"price":0.365,"category":"bbear"},{"type":"B","date":"2018-03-20T02:08:47.000Z","volume":200000,"price":0.365,"category":"bbear"},{"type":"B","date":"2018-03-20T01:53:44.000Z","volume":200000,"price":0.365,"category":"bbear"},{"type":"B","date":"2018-03-20T01:52:17.000Z","volume":244000,"price":0.365,"category":"bbear"},{"type":"B","date":"2018-03-20T01:42:19.000Z","volume":344000,"price":0.36,"category":"bbear"},{"type":"B","date":"2018-03-20T01:41:17.000Z","volume":200000,"price":0.36,"category":"bbear"},{"type":"B","date":"2018-03-20T01:36:16.000Z","volume":300000,"price":0.365,"category":"bbear"},{"type":"B","date":"2018-03-20T01:35:34.000Z","volume":400000,"price":0.365,"category":"bbear"},{"type":"B","date":"2018-03-20T01:31:52.000Z","volume":212000,"price":0.365,"category":"bbear"},{"type":"B","date":"2018-03-20T01:31:44.000Z","volume":260000,"price":0.365,"category":"bbear"},{"type":"B","date":"2018-03-20T01:31:23.000Z","volume":300000,"price":0.365,"category":"bbear"},{"type":"B","date":"2018-03-20T07:51:55.000Z","volume":740000,"price":0.365,"category":"ubbear"},{"type":"B","date":"2018-03-20T07:29:55.000Z","volume":700000,"price":0.365,"category":"ubbear"},{"type":"B","date":"2018-03-20T07:18:29.000Z","volume":880000,"price":0.365,"category":"ubbear"},{"type":"B","date":"2018-03-20T06:41:09.000Z","volume":1200000,"price":0.365,"category":"ubbear"},{"type":"B","date":"2018-03-20T03:19:29.000Z","volume":1500000,"price":0.365,"category":"ubbear"},{"type":"B","date":"2018-03-20T03:08:53.000Z","volume":1000000,"price":0.365,"category":"ubbear"},{"type":"B","date":"2018-03-20T02:27:42.000Z","volume":1288000,"price":0.365,"category":"ubbear"},{"type":"B","date":"2018-03-20T02:05:31.000Z","volume":700000,"price":0.365,"category":"ubbear"},{"type":"B","date":"2018-03-20T01:48:49.000Z","volume":2000000,"price":0.365,"category":"ubbear"},{"type":"B","date":"2018-03-20T01:36:23.000Z","volume":576000,"price":0.365,"category":"ubbear"},{"type":"B","date":"2018-03-20T01:31:51.000Z","volume":1000000,"price":0.365,"category":"ubbear"},{"type":"B","date":"2018-03-20T01:31:37.000Z","volume":3000000,"price":0.365,"category":"ubbear"}]