[{"type":"B","date":"2018-03-20T01:32:24.000Z","volume":23000,"label":" ","price":0.82},{"type":"B","date":"2018-03-20T01:35:47.000Z","volume":50000,"label":" ","price":0.82},{"type":"A","date":"2018-03-20T01:36:21.000Z","volume":1000,"label":" ","price":0.83},{"type":"B","date":"2018-03-20T01:43:28.000Z","volume":60000,"label":" ","price":0.82},{"type":"B","date":"2018-03-20T01:52:37.000Z","volume":1000,"label":" ","price":0.82},{"type":"B","date":"2018-03-20T01:53:00.000Z","volume":1133000,"label":" ","price":0.82},{"type":"B","date":"2018-03-20T01:53:09.000Z","volume":29000,"label":" ","price":0.82},{"type":"B","date":"2018-03-20T01:53:09.000Z","volume":42000,"label":" ","price":0.82},{"type":"B","date":"2018-03-20T01:53:12.000Z","volume":16000,"label":" ","price":0.82},{"type":"B","date":"2018-03-20T01:53:26.000Z","volume":1000,"label":" ","price":0.82},{"type":"B","date":"2018-03-20T01:53:29.000Z","volume":1000,"label":" ","price":0.82},{"type":"B","date":"2018-03-20T01:53:32.000Z","volume":1000,"label":" ","price":0.82},{"type":"A","date":"2018-03-20T01:54:30.000Z","volume":1100000,"label":" ","price":0.83},{"type":"A","date":"2018-03-20T01:55:23.000Z","volume":10000,"label":" ","price":0.83},{"type":"A","date":"2018-03-20T01:58:02.000Z","volume":50000,"label":" ","price":0.83},{"type":"A","date":"2018-03-20T01:58:34.000Z","volume":20000,"label":" ","price":0.83},{"type":"A","date":"2018-03-20T01:59:17.000Z","volume":30000,"label":" ","price":0.83},{"type":"A","date":"2018-03-20T02:02:55.000Z","volume":200000,"label":" ","price":0.83},{"type":"A","date":"2018-03-20T02:15:31.000Z","volume":30000,"label":" ","price":0.83},{"type":"B","date":"2018-03-20T02:24:38.000Z","volume":1000,"label":" ","price":0.82},{"type":"B","date":"2018-03-20T02:36:08.000Z","volume":1000,"label":" ","price":0.82},{"type":"A","date":"2018-03-20T02:46:27.000Z","volume":160000,"label":" ","price":0.83},{"type":"A","date":"2018-03-20T02:47:34.000Z","volume":3000,"label":" ","price":0.83},{"type":"B","date":"2018-03-20T02:48:38.000Z","volume":1000,"label":" ","price":0.82},{"type":"B","date":"2018-03-20T03:02:09.000Z","volume":1000,"label":" ","price":0.82},{"type":"B","date":"2018-03-20T03:07:03.000Z","volume":20000,"label":" ","price":0.82},{"type":"B","date":"2018-03-20T03:12:28.000Z","volume":100000,"label":" ","price":0.82},{"type":"A","date":"2018-03-20T03:14:49.000Z","volume":20000,"label":" ","price":0.83},{"type":"B","date":"2018-03-20T03:17:39.000Z","volume":1000,"label":" ","price":0.82},{"type":"A","date":"2018-03-20T03:19:05.000Z","volume":18000,"label":" ","price":0.83},{"type":"B","date":"2018-03-20T03:26:42.000Z","volume":4000,"label":"Y","price":0.82},{"type":"B","date":"2018-03-20T03:26:42.000Z","volume":56000,"label":" ","price":0.82},{"type":"A","date":"2018-03-20T03:33:32.000Z","volume":70000,"label":" ","price":0.83},{"type":"A","date":"2018-03-20T03:37:34.000Z","volume":5000,"label":" ","price":0.83},{"type":"A","date":"2018-03-20T03:39:59.000Z","volume":20000,"label":" ","price":0.83},{"type":"A","date":"2018-03-20T03:41:53.000Z","volume":16000,"label":" ","price":0.83},{"type":"A","date":"2018-03-20T03:44:38.000Z","volume":10000,"label":" ","price":0.83},{"type":"A","date":"2018-03-20T03:50:07.000Z","volume":25000,"label":" ","price":0.83},{"type":"A","date":"2018-03-20T03:54:30.000Z","volume":4000,"label":" ","price":0.83},{"type":"B","date":"2018-03-20T03:55:10.000Z","volume":1000,"label":" ","price":0.82},{"type":"B","date":"2018-03-20T05:12:12.000Z","volume":140000,"label":" ","price":0.82},{"type":"B","date":"2018-03-20T05:14:42.000Z","volume":1000,"label":" ","price":0.82},{"type":"A","date":"2018-03-20T05:32:35.000Z","volume":10000,"label":" ","price":0.83},{"type":"B","date":"2018-03-20T05:34:12.000Z","volume":1000,"label":" ","price":0.82},{"type":"A","date":"2018-03-20T05:49:13.000Z","volume":100000,"label":" ","price":0.83},{"type":"A","date":"2018-03-20T05:51:17.000Z","volume":150000,"label":" ","price":0.83},{"type":"A","date":"2018-03-20T05:51:17.000Z","volume":1000,"label":"Y","price":0.83},{"type":"A","date":"2018-03-20T05:51:17.000Z","volume":402000,"label":" ","price":0.83},{"type":"A","date":"2018-03-20T05:52:28.000Z","volume":6000,"label":" ","price":0.84},{"type":"B","date":"2018-03-20T06:01:52.000Z","volume":100000,"label":" ","price":0.83},{"type":"B","date":"2018-03-20T06:03:13.000Z","volume":1000,"label":" ","price":0.83},{"type":"A","date":"2018-03-20T06:05:43.000Z","volume":64000,"label":" ","price":0.84},{"type":"A","date":"2018-03-20T06:05:54.000Z","volume":11000,"label":" ","price":0.84},{"type":"A","date":"2018-03-20T06:06:57.000Z","volume":16000,"label":" ","price":0.84},{"type":"B","date":"2018-03-20T06:17:50.000Z","volume":10000,"label":" ","price":0.83},{"type":"B","date":"2018-03-20T06:25:00.000Z","volume":35000,"label":" ","price":0.83},{"type":"B","date":"2018-03-20T06:29:48.000Z","volume":20000,"label":" ","price":0.83},{"type":"B","date":"2018-03-20T06:30:56.000Z","volume":10000,"label":" ","price":0.83},{"type":"B","date":"2018-03-20T06:31:37.000Z","volume":9000,"label":"Y","price":0.83},{"type":"B","date":"2018-03-20T06:31:37.000Z","volume":26000,"label":" ","price":0.83},{"type":"B","date":"2018-03-20T06:43:16.000Z","volume":3000,"label":" ","price":0.83},{"type":"B","date":"2018-03-20T06:52:45.000Z","volume":1000,"label":" ","price":0.83},{"type":"A","date":"2018-03-20T06:55:47.000Z","volume":30000,"label":" ","price":0.84},{"type":"A","date":"2018-03-20T06:57:50.000Z","volume":4000,"label":" ","price":0.84},{"type":"A","date":"2018-03-20T06:59:15.000Z","volume":56000,"label":" ","price":0.84},{"type":"A","date":"2018-03-20T06:59:17.000Z","volume":3000,"label":" ","price":0.84},{"type":"A","date":"2018-03-20T07:01:48.000Z","volume":9000,"label":" ","price":0.84},{"type":"A","date":"2018-03-20T07:01:49.000Z","volume":1000,"label":" ","price":0.84},{"type":"B","date":"2018-03-20T07:11:45.000Z","volume":1000,"label":" ","price":0.83},{"type":"B","date":"2018-03-20T07:26:46.000Z","volume":1000,"label":" ","price":0.83},{"type":"B","date":"2018-03-20T07:37:11.000Z","volume":20000,"label":" ","price":0.83},{"type":"A","date":"2018-03-20T07:39:19.000Z","volume":100000,"label":" ","price":0.84},{"type":"A","date":"2018-03-20T07:40:41.000Z","volume":2000,"label":" ","price":0.84},{"type":"B","date":"2018-03-20T07:41:16.000Z","volume":1000,"label":" ","price":0.83},{"type":"B","date":"2018-03-20T07:44:24.000Z","volume":20000,"label":" ","price":0.83},{"type":"B","date":"2018-03-20T07:49:21.000Z","volume":10000,"label":" ","price":0.83},{"type":"B","date":"2018-03-20T07:50:46.000Z","volume":1000,"label":" ","price":0.83},{"type":"A","date":"2018-03-20T07:54:03.000Z","volume":90000,"label":" ","price":0.84},{"type":"A","date":"2018-03-20T07:54:29.000Z","volume":3000,"label":" ","price":0.84},{"type":"B","date":"2018-03-20T07:55:34.000Z","volume":10000,"label":" ","price":0.83},{"type":"A","date":"2018-03-20T07:57:43.000Z","volume":2000,"label":" ","price":0.84},{"type":"A","date":"2018-03-20T07:57:45.000Z","volume":38000,"label":" ","price":0.84},{"type":"A","date":"2018-03-20T07:58:47.000Z","volume":75000,"label":" ","price":0.84},{"type":"A","date":"2018-03-20T07:59:14.000Z","volume":80000,"label":" ","price":0.84},{"type":"B","date":"2018-03-20T07:59:17.000Z","volume":1000,"label":" ","price":0.83},{"type":"A","date":"2018-03-20T07:59:44.000Z","volume":10000,"label":" ","price":0.84}]