[{"type":"U","date":"2018-03-19T01:05:04.000Z","volume":1029,"label":"P","price":44.25},{"type":"U","date":"2018-03-19T01:05:23.000Z","volume":87,"label":"P","price":43.8},{"type":"U","date":"2018-03-19T01:05:25.000Z","volume":10500,"label":"P","price":44.25},{"type":"U","date":"2018-03-19T01:20:00.000Z","volume":10000,"label":"U","price":44.3},{"type":"A","date":"2018-03-19T01:30:23.000Z","volume":500,"label":" ","price":43.95},{"type":"A","date":"2018-03-19T01:30:26.000Z","volume":5500,"label":" ","price":44},{"type":"A","date":"2018-03-19T01:30:26.000Z","volume":2000,"label":" ","price":44.05},{"type":"A","date":"2018-03-19T01:30:26.000Z","volume":500,"label":" ","price":44.1},{"type":"A","date":"2018-03-19T01:30:26.000Z","volume":7000,"label":" ","price":44.25},{"type":"A","date":"2018-03-19T01:30:26.000Z","volume":5000,"label":" ","price":44.3},{"type":"A","date":"2018-03-19T01:30:26.000Z","volume":1500,"label":" ","price":44.3},{"type":"B","date":"2018-03-19T01:30:27.000Z","volume":500,"label":"Y","price":43.8},{"type":"A","date":"2018-03-19T01:30:35.000Z","volume":500,"label":" ","price":44.25},{"type":"A","date":"2018-03-19T01:30:37.000Z","volume":500,"label":" ","price":44.25},{"type":"A","date":"2018-03-19T01:30:37.000Z","volume":500,"label":" ","price":44.25},{"type":"A","date":"2018-03-19T01:30:37.000Z","volume":500,"label":" ","price":44.25},{"type":"A","date":"2018-03-19T01:30:38.000Z","volume":500,"label":" ","price":44.3},{"type":"A","date":"2018-03-19T01:30:51.000Z","volume":2000,"label":" ","price":44.3},{"type":"A","date":"2018-03-19T01:30:51.000Z","volume":500,"label":" ","price":44.3},{"type":"B","date":"2018-03-19T01:30:53.000Z","volume":500,"label":" ","price":44.2},{"type":"B","date":"2018-03-19T01:30:54.000Z","volume":2000,"label":" ","price":44.2},{"type":"B","date":"2018-03-19T01:30:54.000Z","volume":1500,"label":" ","price":44.15},{"type":"B","date":"2018-03-19T01:31:00.000Z","volume":5500,"label":" ","price":44.1},{"type":"B","date":"2018-03-19T01:31:00.000Z","volume":500,"label":" ","price":44.05},{"type":"B","date":"2018-03-19T01:31:05.000Z","volume":500,"label":" ","price":44.05},{"type":"U","date":"2018-03-19T01:31:08.000Z","volume":1000,"label":" ","price":44.1},{"type":"B","date":"2018-03-19T01:31:08.000Z","volume":1000,"label":" ","price":44},{"type":"U","date":"2018-03-19T01:31:23.000Z","volume":500,"label":" ","price":43.95},{"type":"B","date":"2018-03-19T01:31:25.000Z","volume":500,"label":" ","price":43.95},{"type":"B","date":"2018-03-19T01:31:25.000Z","volume":500,"label":" ","price":43.9},{"type":"B","date":"2018-03-19T01:31:26.000Z","volume":500,"label":" ","price":43.9},{"type":"B","date":"2018-03-19T01:31:29.000Z","volume":1500,"label":" ","price":43.85},{"type":"A","date":"2018-03-19T01:31:29.000Z","volume":500,"label":"Y","price":43.95},{"type":"A","date":"2018-03-19T01:31:29.000Z","volume":500,"label":" ","price":43.95},{"type":"A","date":"2018-03-19T01:31:29.000Z","volume":500,"label":" ","price":43.9},{"type":"B","date":"2018-03-19T01:31:33.000Z","volume":500,"label":" ","price":43.8},{"type":"B","date":"2018-03-19T01:31:33.000Z","volume":1000,"label":" ","price":43.8},{"type":"B","date":"2018-03-19T01:31:34.000Z","volume":4500,"label":" ","price":43.75},{"type":"B","date":"2018-03-19T01:31:35.000Z","volume":500,"label":" ","price":43.7},{"type":"U","date":"2018-03-19T01:32:50.000Z","volume":500,"label":" ","price":43.75},{"type":"B","date":"2018-03-19T01:33:02.000Z","volume":2500,"label":" ","price":43.7},{"type":"A","date":"2018-03-19T01:33:13.000Z","volume":1000,"label":"Y","price":43.7},{"type":"A","date":"2018-03-19T01:33:13.000Z","volume":2500,"label":" ","price":43.7},{"type":"A","date":"2018-03-19T01:33:13.000Z","volume":500,"label":" ","price":43.7},{"type":"A","date":"2018-03-19T01:33:13.000Z","volume":1000,"label":" ","price":43.7},{"type":"B","date":"2018-03-19T01:33:16.000Z","volume":5000,"label":" ","price":43.7},{"type":"A","date":"2018-03-19T01:33:18.000Z","volume":500,"label":" ","price":43.8},{"type":"U","date":"2018-03-19T01:33:30.000Z","volume":500,"label":" ","price":43.75},{"type":"B","date":"2018-03-19T01:33:37.000Z","volume":1000,"label":" ","price":43.7},{"type":"B","date":"2018-03-19T01:33:38.000Z","volume":500,"label":" ","price":43.7},{"type":"B","date":"2018-03-19T01:33:52.000Z","volume":8000,"label":" ","price":43.7},{"type":"B","date":"2018-03-19T01:33:52.000Z","volume":4500,"label":" ","price":43.7},{"type":"A","date":"2018-03-19T01:33:52.000Z","volume":500,"label":"Y","price":43.7},{"type":"B","date":"2018-03-19T01:33:54.000Z","volume":500,"label":"Y","price":43.65},{"type":"B","date":"2018-03-19T01:33:54.000Z","volume":1000,"label":" ","price":43.65},{"type":"B","date":"2018-03-19T01:33:57.000Z","volume":1000,"label":" ","price":43.6},{"type":"U","date":"2018-03-19T01:34:12.000Z","volume":500,"label":" ","price":43.6},{"type":"B","date":"2018-03-19T01:34:14.000Z","volume":500,"label":" ","price":43.55},{"type":"A","date":"2018-03-19T01:34:23.000Z","volume":3000,"label":" ","price":43.55},{"type":"A","date":"2018-03-19T01:34:23.000Z","volume":500,"label":" ","price":43.6},{"type":"A","date":"2018-03-19T01:34:23.000Z","volume":1000,"label":" ","price":43.7},{"type":"A","date":"2018-03-19T01:34:23.000Z","volume":1000,"label":" ","price":43.75},{"type":"U","date":"2018-03-19T01:34:41.000Z","volume":500,"label":" ","price":43.55},{"type":"B","date":"2018-03-19T01:34:54.000Z","volume":1000,"label":" ","price":43.6},{"type":"A","date":"2018-03-19T01:35:02.000Z","volume":500,"label":" ","price":43.75},{"type":"U","date":"2018-03-19T01:35:21.000Z","volume":500,"label":"X","price":43.75},{"type":"A","date":"2018-03-19T01:35:30.000Z","volume":500,"label":" ","price":43.75},{"type":"A","date":"2018-03-19T01:35:30.000Z","volume":500,"label":" ","price":43.75},{"type":"A","date":"2018-03-19T01:35:43.000Z","volume":3000,"label":" ","price":43.75},{"type":"B","date":"2018-03-19T01:35:43.000Z","volume":500,"label":" ","price":43.75},{"type":"A","date":"2018-03-19T01:35:46.000Z","volume":500,"label":" ","price":43.8},{"type":"A","date":"2018-03-19T01:36:03.000Z","volume":5000,"label":" ","price":43.8},{"type":"A","date":"2018-03-19T01:36:03.000Z","volume":500,"label":" ","price":43.85},{"type":"A","date":"2018-03-19T01:36:18.000Z","volume":500,"label":" ","price":43.85},{"type":"A","date":"2018-03-19T01:36:32.000Z","volume":500,"label":" ","price":44},{"type":"A","date":"2018-03-19T01:36:42.000Z","volume":500,"label":" ","price":44},{"type":"A","date":"2018-03-19T01:37:00.000Z","volume":1000,"label":" ","price":44},{"type":"A","date":"2018-03-19T01:37:00.000Z","volume":500,"label":" ","price":44},{"type":"B","date":"2018-03-19T01:37:35.000Z","volume":3000,"label":" ","price":43.9},{"type":"B","date":"2018-03-19T01:37:35.000Z","volume":3000,"label":" ","price":43.85},{"type":"B","date":"2018-03-19T01:37:53.000Z","volume":1500,"label":" ","price":43.8},{"type":"B","date":"2018-03-19T01:38:15.000Z","volume":3000,"label":" ","price":43.75},{"type":"A","date":"2018-03-19T01:38:21.000Z","volume":5500,"label":" ","price":43.75},{"type":"B","date":"2018-03-19T01:38:28.000Z","volume":1000,"label":" ","price":43.75},{"type":"A","date":"2018-03-19T01:38:41.000Z","volume":5000,"label":" ","price":43.75},{"type":"A","date":"2018-03-19T01:39:25.000Z","volume":500,"label":" ","price":43.85},{"type":"A","date":"2018-03-19T01:39:25.000Z","volume":500,"label":" ","price":43.9},{"type":"A","date":"2018-03-19T01:40:02.000Z","volume":500,"label":" ","price":43.95},{"type":"A","date":"2018-03-19T01:40:02.000Z","volume":500,"label":" ","price":43.95},{"type":"A","date":"2018-03-19T01:40:12.000Z","volume":500,"label":" ","price":44},{"type":"A","date":"2018-03-19T01:40:21.000Z","volume":6000,"label":" ","price":44},{"type":"A","date":"2018-03-19T01:40:24.000Z","volume":1000,"label":" ","price":44.05},{"type":"B","date":"2018-03-19T01:40:31.000Z","volume":1000,"label":" ","price":44},{"type":"A","date":"2018-03-19T01:40:31.000Z","volume":500,"label":" ","price":44.25},{"type":"A","date":"2018-03-19T01:40:47.000Z","volume":500,"label":" ","price":44.2},{"type":"A","date":"2018-03-19T01:41:27.000Z","volume":500,"label":" ","price":44.2},{"type":"U","date":"2018-03-19T01:41:42.000Z","volume":500,"label":" ","price":44.15},{"type":"B","date":"2018-03-19T01:41:53.000Z","volume":1500,"label":" ","price":44.05},{"type":"B","date":"2018-03-19T01:42:27.000Z","volume":500,"label":" ","price":44.05},{"type":"B","date":"2018-03-19T01:42:27.000Z","volume":1000,"label":" ","price":44},{"type":"U","date":"2018-03-19T01:42:28.000Z","volume":500,"label":"X","price":44.05},{"type":"A","date":"2018-03-19T01:42:28.000Z","volume":500,"label":" ","price":44.05},{"type":"A","date":"2018-03-19T01:42:57.000Z","volume":500,"label":" ","price":44.05},{"type":"U","date":"2018-03-19T01:43:06.000Z","volume":500,"label":"X","price":44.05},{"type":"A","date":"2018-03-19T01:43:19.000Z","volume":500,"label":" ","price":44.05},{"type":"B","date":"2018-03-19T01:43:19.000Z","volume":2500,"label":" ","price":43.95},{"type":"B","date":"2018-03-19T01:43:19.000Z","volume":500,"label":" ","price":43.95},{"type":"A","date":"2018-03-19T01:43:19.000Z","volume":500,"label":" ","price":44.05},{"type":"U","date":"2018-03-19T01:43:20.000Z","volume":500,"label":" ","price":44},{"type":"A","date":"2018-03-19T01:43:40.000Z","volume":500,"label":" ","price":44.05},{"type":"B","date":"2018-03-19T01:44:05.000Z","volume":1000,"label":" ","price":44},{"type":"A","date":"2018-03-19T01:44:16.000Z","volume":500,"label":" ","price":44.05},{"type":"B","date":"2018-03-19T01:44:16.000Z","volume":500,"label":" ","price":44},{"type":"A","date":"2018-03-19T01:44:52.000Z","volume":500,"label":" ","price":44.05},{"type":"A","date":"2018-03-19T01:44:55.000Z","volume":1000,"label":" ","price":44.05},{"type":"A","date":"2018-03-19T01:45:03.000Z","volume":3000,"label":" ","price":44.05},{"type":"A","date":"2018-03-19T01:45:03.000Z","volume":2500,"label":" ","price":44.05},{"type":"A","date":"2018-03-19T01:45:04.000Z","volume":1500,"label":" ","price":44.1},{"type":"A","date":"2018-03-19T01:45:09.000Z","volume":6500,"label":" ","price":44.15},{"type":"A","date":"2018-03-19T01:45:09.000Z","volume":1000,"label":" ","price":44.2},{"type":"B","date":"2018-03-19T01:45:18.000Z","volume":1500,"label":" ","price":44.1},{"type":"B","date":"2018-03-19T01:45:18.000Z","volume":3500,"label":" ","price":44.05},{"type":"A","date":"2018-03-19T01:45:18.000Z","volume":500,"label":"Y","price":44.25},{"type":"A","date":"2018-03-19T01:45:18.000Z","volume":1000,"label":" ","price":44.25},{"type":"A","date":"2018-03-19T01:45:18.000Z","volume":500,"label":" ","price":44.25},{"type":"B","date":"2018-03-19T01:45:35.000Z","volume":500,"label":" ","price":44.1},{"type":"A","date":"2018-03-19T01:46:03.000Z","volume":500,"label":" ","price":44.3},{"type":"B","date":"2018-03-19T01:46:06.000Z","volume":1000,"label":" ","price":44.2},{"type":"B","date":"2018-03-19T01:46:31.000Z","volume":500,"label":" ","price":44.2},{"type":"A","date":"2018-03-19T01:46:49.000Z","volume":500,"label":" ","price":44.3},{"type":"B","date":"2018-03-19T01:46:50.000Z","volume":500,"label":" ","price":44.25},{"type":"B","date":"2018-03-19T01:47:02.000Z","volume":2000,"label":" ","price":44.25},{"type":"B","date":"2018-03-19T01:47:02.000Z","volume":10500,"label":" ","price":44.2},{"type":"U","date":"2018-03-19T01:47:02.000Z","volume":500,"label":"X","price":44.3},{"type":"B","date":"2018-03-19T01:47:02.000Z","volume":500,"label":" ","price":44.2},{"type":"B","date":"2018-03-19T01:47:03.000Z","volume":1000,"label":"Y","price":44.15},{"type":"A","date":"2018-03-19T01:47:43.000Z","volume":500,"label":" ","price":44.3},{"type":"U","date":"2018-03-19T01:47:43.000Z","volume":500,"label":"X","price":44.3},{"type":"B","date":"2018-03-19T01:47:43.000Z","volume":500,"label":" ","price":44.2},{"type":"B","date":"2018-03-19T01:48:04.000Z","volume":2000,"label":" ","price":44.2},{"type":"A","date":"2018-03-19T01:48:23.000Z","volume":500,"label":" ","price":44.3},{"type":"A","date":"2018-03-19T01:48:44.000Z","volume":4000,"label":" ","price":44.3},{"type":"A","date":"2018-03-19T01:48:44.000Z","volume":500,"label":" ","price":44.3},{"type":"B","date":"2018-03-19T01:48:44.000Z","volume":1000,"label":" ","price":44.15},{"type":"B","date":"2018-03-19T01:49:00.000Z","volume":1500,"label":" ","price":44.2},{"type":"B","date":"2018-03-19T01:49:00.000Z","volume":500,"label":" ","price":44.2},{"type":"B","date":"2018-03-19T01:49:20.000Z","volume":3000,"label":" ","price":44.15},{"type":"B","date":"2018-03-19T01:49:25.000Z","volume":500,"label":" ","price":44.15},{"type":"U","date":"2018-03-19T01:49:41.000Z","volume":500,"label":" ","price":44.15},{"type":"B","date":"2018-03-19T01:49:59.000Z","volume":2500,"label":" ","price":44.1},{"type":"B","date":"2018-03-19T01:50:00.000Z","volume":500,"label":"Y","price":44.1},{"type":"A","date":"2018-03-19T01:50:20.000Z","volume":500,"label":" ","price":44.15},{"type":"B","date":"2018-03-19T01:50:26.000Z","volume":5000,"label":" ","price":44.1},{"type":"B","date":"2018-03-19T01:50:26.000Z","volume":1000,"label":" ","price":44.1},{"type":"A","date":"2018-03-19T01:50:26.000Z","volume":500,"label":" ","price":44.1},{"type":"A","date":"2018-03-19T01:50:31.000Z","volume":2000,"label":" ","price":44.1},{"type":"B","date":"2018-03-19T01:50:52.000Z","volume":12500,"label":" ","price":44.05},{"type":"B","date":"2018-03-19T01:50:52.000Z","volume":24500,"label":" ","price":44},{"type":"A","date":"2018-03-19T01:50:52.000Z","volume":500,"label":" ","price":44.1},{"type":"U","date":"2018-03-19T01:50:52.000Z","volume":1000,"label":" ","price":44},{"type":"U","date":"2018-03-19T01:50:52.000Z","volume":2000,"label":" ","price":44.05},{"type":"B","date":"2018-03-19T01:50:53.000Z","volume":1000,"label":"Y","price":43.95},{"type":"B","date":"2018-03-19T01:50:55.000Z","volume":2500,"label":" ","price":43.95},{"type":"B","date":"2018-03-19T01:50:56.000Z","volume":1500,"label":" ","price":43.9},{"type":"B","date":"2018-03-19T01:51:07.000Z","volume":500,"label":" ","price":43.95},{"type":"B","date":"2018-03-19T01:51:36.000Z","volume":2000,"label":" ","price":43.95},{"type":"B","date":"2018-03-19T01:51:54.000Z","volume":3500,"label":" ","price":43.95},{"type":"B","date":"2018-03-19T01:51:54.000Z","volume":500,"label":" ","price":43.9},{"type":"B","date":"2018-03-19T01:51:54.000Z","volume":1000,"label":" ","price":43.95},{"type":"A","date":"2018-03-19T01:51:54.000Z","volume":1500,"label":" ","price":44.05},{"type":"B","date":"2018-03-19T01:51:56.000Z","volume":500,"label":" ","price":43.95},{"type":"B","date":"2018-03-19T01:52:55.000Z","volume":3500,"label":" ","price":43.95},{"type":"U","date":"2018-03-19T01:53:40.000Z","volume":1000,"label":" ","price":44},{"type":"U","date":"2018-03-19T01:53:40.000Z","volume":3000,"label":" ","price":44},{"type":"B","date":"2018-03-19T01:53:40.000Z","volume":1500,"label":" ","price":43.95},{"type":"B","date":"2018-03-19T01:53:40.000Z","volume":500,"label":" ","price":43.95},{"type":"B","date":"2018-03-19T01:53:40.000Z","volume":500,"label":" ","price":43.95},{"type":"B","date":"2018-03-19T01:53:40.000Z","volume":500,"label":"Y","price":43.95},{"type":"B","date":"2018-03-19T01:53:40.000Z","volume":500,"label":" ","price":43.95},{"type":"B","date":"2018-03-19T01:53:57.000Z","volume":1500,"label":" ","price":43.95},{"type":"B","date":"2018-03-19T01:54:38.000Z","volume":2000,"label":" ","price":43.95},{"type":"A","date":"2018-03-19T01:54:38.000Z","volume":1000,"label":" ","price":44},{"type":"B","date":"2018-03-19T01:54:38.000Z","volume":500,"label":" ","price":43.95},{"type":"B","date":"2018-03-19T01:54:38.000Z","volume":1000,"label":" ","price":43.9},{"type":"A","date":"2018-03-19T01:54:47.000Z","volume":11500,"label":" ","price":44},{"type":"A","date":"2018-03-19T01:54:49.000Z","volume":5500,"label":" ","price":44.05},{"type":"A","date":"2018-03-19T01:54:49.000Z","volume":500,"label":" ","price":44.1},{"type":"A","date":"2018-03-19T01:55:19.000Z","volume":500,"label":" ","price":44.15},{"type":"B","date":"2018-03-19T01:55:22.000Z","volume":1000,"label":" ","price":44.05},{"type":"B","date":"2018-03-19T01:55:22.000Z","volume":1000,"label":" ","price":44},{"type":"A","date":"2018-03-19T01:56:47.000Z","volume":1000,"label":" ","price":44.15},{"type":"A","date":"2018-03-19T01:57:17.000Z","volume":500,"label":" ","price":44.2},{"type":"A","date":"2018-03-19T01:58:16.000Z","volume":1000,"label":" ","price":44.2},{"type":"A","date":"2018-03-19T01:58:56.000Z","volume":500,"label":" ","price":44.2},{"type":"B","date":"2018-03-19T01:58:58.000Z","volume":2000,"label":" ","price":44.15},{"type":"A","date":"2018-03-19T01:58:58.000Z","volume":1000,"label":" ","price":44.2},{"type":"A","date":"2018-03-19T01:59:25.000Z","volume":500,"label":" ","price":44.2},{"type":"U","date":"2018-03-19T01:59:28.000Z","volume":500,"label":"X","price":44.05},{"type":"B","date":"2018-03-19T01:59:28.000Z","volume":4000,"label":" ","price":44.05},{"type":"B","date":"2018-03-19T01:59:28.000Z","volume":500,"label":" ","price":44},{"type":"B","date":"2018-03-19T01:59:28.000Z","volume":500,"label":" ","price":44},{"type":"A","date":"2018-03-19T01:59:28.000Z","volume":1500,"label":" ","price":44.05},{"type":"U","date":"2018-03-19T01:59:28.000Z","volume":500,"label":"X","price":44.05},{"type":"B","date":"2018-03-19T01:59:30.000Z","volume":500,"label":" ","price":44},{"type":"A","date":"2018-03-19T01:59:32.000Z","volume":500,"label":" ","price":44.05},{"type":"B","date":"2018-03-19T02:00:00.000Z","volume":1500,"label":" ","price":44},{"type":"B","date":"2018-03-19T02:00:18.000Z","volume":1500,"label":" ","price":44},{"type":"B","date":"2018-03-19T02:00:20.000Z","volume":500,"label":" ","price":44},{"type":"B","date":"2018-03-19T02:03:14.000Z","volume":1500,"label":" ","price":44.05},{"type":"B","date":"2018-03-19T02:03:14.000Z","volume":1000,"label":" ","price":44},{"type":"B","date":"2018-03-19T02:03:26.000Z","volume":1000,"label":" ","price":44.05},{"type":"B","date":"2018-03-19T02:03:26.000Z","volume":4000,"label":" ","price":44.05},{"type":"U","date":"2018-03-19T02:03:26.000Z","volume":500,"label":" ","price":44.05},{"type":"B","date":"2018-03-19T02:03:37.000Z","volume":500,"label":" ","price":44.1},{"type":"B","date":"2018-03-19T02:03:40.000Z","volume":500,"label":" ","price":44.1},{"type":"B","date":"2018-03-19T02:04:50.000Z","volume":3500,"label":" ","price":44.1},{"type":"B","date":"2018-03-19T02:04:52.000Z","volume":500,"label":" ","price":44.1},{"type":"B","date":"2018-03-19T02:05:40.000Z","volume":2000,"label":" ","price":44.1},{"type":"U","date":"2018-03-19T02:05:40.000Z","volume":500,"label":"X","price":44.1},{"type":"B","date":"2018-03-19T02:05:40.000Z","volume":1500,"label":" ","price":44.1},{"type":"B","date":"2018-03-19T02:05:40.000Z","volume":500,"label":" ","price":44.1},{"type":"B","date":"2018-03-19T02:05:41.000Z","volume":500,"label":" ","price":44.1},{"type":"A","date":"2018-03-19T02:06:42.000Z","volume":500,"label":" ","price":44.2},{"type":"U","date":"2018-03-19T02:06:59.000Z","volume":1000,"label":"X","price":44.2},{"type":"A","date":"2018-03-19T02:07:03.000Z","volume":500,"label":" ","price":44.2},{"type":"A","date":"2018-03-19T02:07:43.000Z","volume":10000,"label":" ","price":44.2},{"type":"A","date":"2018-03-19T02:07:43.000Z","volume":500,"label":" ","price":44.2},{"type":"B","date":"2018-03-19T02:08:16.000Z","volume":2000,"label":" ","price":44.1},{"type":"B","date":"2018-03-19T02:08:16.000Z","volume":2000,"label":" ","price":44.1},{"type":"B","date":"2018-03-19T02:08:50.000Z","volume":16000,"label":" ","price":44.1},{"type":"B","date":"2018-03-19T02:08:50.000Z","volume":2000,"label":" ","price":44.1},{"type":"B","date":"2018-03-19T02:08:52.000Z","volume":6500,"label":" ","price":44.05},{"type":"B","date":"2018-03-19T02:09:33.000Z","volume":10000,"label":" ","price":44},{"type":"B","date":"2018-03-19T02:09:33.000Z","volume":1000,"label":" ","price":44},{"type":"B","date":"2018-03-19T02:09:35.000Z","volume":1500,"label":"Y","price":44},{"type":"B","date":"2018-03-19T02:09:50.000Z","volume":1500,"label":" ","price":44},{"type":"A","date":"2018-03-19T02:10:39.000Z","volume":1000,"label":" ","price":44},{"type":"U","date":"2018-03-19T02:11:05.000Z","volume":500,"label":"X","price":43.95},{"type":"B","date":"2018-03-19T02:11:05.000Z","volume":1500,"label":" ","price":43.95},{"type":"A","date":"2018-03-19T02:11:21.000Z","volume":1000,"label":" ","price":44},{"type":"B","date":"2018-03-19T02:13:28.000Z","volume":1500,"label":" ","price":43.95},{"type":"B","date":"2018-03-19T02:13:41.000Z","volume":1000,"label":" ","price":43.95},{"type":"B","date":"2018-03-19T02:14:28.000Z","volume":500,"label":" ","price":43.95},{"type":"A","date":"2018-03-19T02:15:14.000Z","volume":1500,"label":"Y","price":44},{"type":"A","date":"2018-03-19T02:15:14.000Z","volume":8500,"label":" ","price":44},{"type":"A","date":"2018-03-19T02:15:14.000Z","volume":2500,"label":" ","price":44},{"type":"A","date":"2018-03-19T02:15:15.000Z","volume":500,"label":" ","price":44},{"type":"A","date":"2018-03-19T02:15:15.000Z","volume":1000,"label":" ","price":44},{"type":"A","date":"2018-03-19T02:15:15.000Z","volume":500,"label":" ","price":44},{"type":"A","date":"2018-03-19T02:15:19.000Z","volume":1000,"label":" ","price":44.05},{"type":"B","date":"2018-03-19T02:16:03.000Z","volume":500,"label":" ","price":44},{"type":"U","date":"2018-03-19T02:16:48.000Z","volume":1000,"label":"X","price":44.05},{"type":"A","date":"2018-03-19T02:16:52.000Z","volume":10000,"label":" ","price":44.05},{"type":"A","date":"2018-03-19T02:16:52.000Z","volume":500,"label":" ","price":44.05},{"type":"A","date":"2018-03-19T02:16:52.000Z","volume":500,"label":" ","price":44.05},{"type":"A","date":"2018-03-19T02:16:53.000Z","volume":1500,"label":" ","price":44.1},{"type":"U","date":"2018-03-19T02:18:43.000Z","volume":1000,"label":"X","price":44.1},{"type":"B","date":"2018-03-19T02:19:33.000Z","volume":1500,"label":" ","price":44.05},{"type":"A","date":"2018-03-19T02:20:19.000Z","volume":500,"label":" ","price":44.1},{"type":"U","date":"2018-03-19T02:20:19.000Z","volume":500,"label":"X","price":44.1},{"type":"A","date":"2018-03-19T02:20:45.000Z","volume":500,"label":" ","price":44.1},{"type":"B","date":"2018-03-19T02:21:27.000Z","volume":500,"label":" ","price":44.05},{"type":"U","date":"2018-03-19T02:21:30.000Z","volume":500,"label":"X","price":44.05},{"type":"B","date":"2018-03-19T02:21:30.000Z","volume":1000,"label":" ","price":44.05},{"type":"B","date":"2018-03-19T02:21:34.000Z","volume":500,"label":" ","price":44.05},{"type":"B","date":"2018-03-19T02:21:54.000Z","volume":8500,"label":" ","price":44.05},{"type":"B","date":"2018-03-19T02:21:54.000Z","volume":1000,"label":" ","price":44},{"type":"A","date":"2018-03-19T02:21:54.000Z","volume":500,"label":" ","price":44.05},{"type":"B","date":"2018-03-19T02:21:55.000Z","volume":19000,"label":" ","price":44},{"type":"A","date":"2018-03-19T02:21:55.000Z","volume":1000,"label":" ","price":44},{"type":"B","date":"2018-03-19T02:21:55.000Z","volume":4000,"label":" ","price":43.95},{"type":"B","date":"2018-03-19T02:21:55.000Z","volume":1500,"label":" ","price":43.9},{"type":"B","date":"2018-03-19T02:21:55.000Z","volume":18000,"label":" ","price":43.9},{"type":"B","date":"2018-03-19T02:24:03.000Z","volume":500,"label":"Y","price":43.85},{"type":"B","date":"2018-03-19T02:24:41.000Z","volume":1000,"label":" ","price":43.8},{"type":"B","date":"2018-03-19T02:24:43.000Z","volume":500,"label":"Y","price":43.85},{"type":"B","date":"2018-03-19T02:25:05.000Z","volume":500,"label":" ","price":43.8},{"type":"B","date":"2018-03-19T02:25:05.000Z","volume":500,"label":" ","price":43.8},{"type":"B","date":"2018-03-19T02:25:05.000Z","volume":500,"label":" ","price":43.8},{"type":"B","date":"2018-03-19T02:25:44.000Z","volume":500,"label":"Y","price":43.8},{"type":"B","date":"2018-03-19T02:25:44.000Z","volume":5500,"label":" ","price":43.8},{"type":"B","date":"2018-03-19T02:25:44.000Z","volume":500,"label":"Y","price":43.8},{"type":"B","date":"2018-03-19T02:26:02.000Z","volume":1000,"label":" ","price":43.8},{"type":"B","date":"2018-03-19T02:27:15.000Z","volume":2000,"label":" ","price":43.75},{"type":"A","date":"2018-03-19T02:29:21.000Z","volume":11000,"label":" ","price":43.8},{"type":"A","date":"2018-03-19T02:29:21.000Z","volume":500,"label":" ","price":43.85},{"type":"A","date":"2018-03-19T02:29:21.000Z","volume":1000,"label":" ","price":43.85},{"type":"A","date":"2018-03-19T02:29:21.000Z","volume":2500,"label":" ","price":43.85},{"type":"A","date":"2018-03-19T02:29:21.000Z","volume":500,"label":"Y","price":43.9},{"type":"A","date":"2018-03-19T02:29:21.000Z","volume":500,"label":" ","price":43.9},{"type":"A","date":"2018-03-19T02:29:22.000Z","volume":1500,"label":" ","price":43.9},{"type":"B","date":"2018-03-19T02:29:40.000Z","volume":1500,"label":" ","price":43.85},{"type":"A","date":"2018-03-19T02:30:09.000Z","volume":3500,"label":" ","price":43.9},{"type":"A","date":"2018-03-19T02:30:09.000Z","volume":500,"label":" ","price":43.9},{"type":"A","date":"2018-03-19T02:30:24.000Z","volume":500,"label":" ","price":43.95},{"type":"B","date":"2018-03-19T02:30:26.000Z","volume":1000,"label":" ","price":43.9},{"type":"B","date":"2018-03-19T02:30:29.000Z","volume":500,"label":" ","price":43.9},{"type":"B","date":"2018-03-19T02:31:09.000Z","volume":1000,"label":" ","price":43.9},{"type":"B","date":"2018-03-19T02:31:09.000Z","volume":1500,"label":" ","price":43.9},{"type":"A","date":"2018-03-19T02:31:19.000Z","volume":500,"label":" ","price":43.95},{"type":"A","date":"2018-03-19T02:31:58.000Z","volume":500,"label":" ","price":43.95},{"type":"A","date":"2018-03-19T02:32:18.000Z","volume":500,"label":" ","price":43.95},{"type":"U","date":"2018-03-19T02:32:26.000Z","volume":500,"label":"X","price":43.85},{"type":"U","date":"2018-03-19T02:33:29.000Z","volume":500,"label":"X","price":43.95},{"type":"A","date":"2018-03-19T02:34:08.000Z","volume":4000,"label":" ","price":43.95},{"type":"A","date":"2018-03-19T02:34:08.000Z","volume":500,"label":" ","price":44},{"type":"A","date":"2018-03-19T02:34:08.000Z","volume":500,"label":" ","price":44},{"type":"A","date":"2018-03-19T02:34:48.000Z","volume":500,"label":" ","price":44},{"type":"B","date":"2018-03-19T02:35:03.000Z","volume":1500,"label":" ","price":43.95},{"type":"B","date":"2018-03-19T02:35:04.000Z","volume":500,"label":" ","price":43.95},{"type":"A","date":"2018-03-19T02:35:06.000Z","volume":500,"label":" ","price":44},{"type":"B","date":"2018-03-19T02:36:00.000Z","volume":3000,"label":" ","price":43.95},{"type":"A","date":"2018-03-19T02:36:00.000Z","volume":500,"label":" ","price":44},{"type":"U","date":"2018-03-19T02:36:00.000Z","volume":500,"label":"X","price":44},{"type":"B","date":"2018-03-19T02:37:36.000Z","volume":1500,"label":" ","price":43.95},{"type":"A","date":"2018-03-19T02:37:38.000Z","volume":500,"label":"Y","price":44},{"type":"B","date":"2018-03-19T02:37:38.000Z","volume":500,"label":" ","price":43.95},{"type":"U","date":"2018-03-19T02:37:43.000Z","volume":447,"label":"D","price":44.1},{"type":"A","date":"2018-03-19T02:37:46.000Z","volume":2000,"label":" ","price":44},{"type":"A","date":"2018-03-19T02:38:48.000Z","volume":1000,"label":" ","price":44},{"type":"A","date":"2018-03-19T02:38:49.000Z","volume":500,"label":" ","price":44},{"type":"A","date":"2018-03-19T02:38:52.000Z","volume":500,"label":" ","price":44},{"type":"A","date":"2018-03-19T02:39:23.000Z","volume":500,"label":" ","price":44},{"type":"B","date":"2018-03-19T02:39:48.000Z","volume":500,"label":" ","price":43.95},{"type":"A","date":"2018-03-19T02:40:05.000Z","volume":500,"label":" ","price":44},{"type":"A","date":"2018-03-19T02:40:12.000Z","volume":500,"label":" ","price":44},{"type":"A","date":"2018-03-19T02:41:36.000Z","volume":500,"label":" ","price":44},{"type":"A","date":"2018-03-19T02:42:22.000Z","volume":1000,"label":" ","price":44},{"type":"U","date":"2018-03-19T02:42:55.000Z","volume":500,"label":"X","price":43.95},{"type":"A","date":"2018-03-19T02:43:36.000Z","volume":500,"label":" ","price":44},{"type":"A","date":"2018-03-19T02:43:56.000Z","volume":500,"label":" ","price":44},{"type":"A","date":"2018-03-19T02:43:58.000Z","volume":500,"label":" ","price":44},{"type":"A","date":"2018-03-19T02:44:22.000Z","volume":1000,"label":" ","price":44},{"type":"B","date":"2018-03-19T02:44:45.000Z","volume":1000,"label":" ","price":43.95},{"type":"B","date":"2018-03-19T02:44:55.000Z","volume":4500,"label":" ","price":43.95},{"type":"B","date":"2018-03-19T02:44:55.000Z","volume":3000,"label":" ","price":43.95},{"type":"A","date":"2018-03-19T02:44:55.000Z","volume":500,"label":" ","price":43.95},{"type":"A","date":"2018-03-19T02:44:55.000Z","volume":2000,"label":" ","price":43.95},{"type":"A","date":"2018-03-19T02:44:56.000Z","volume":500,"label":" ","price":43.95},{"type":"A","date":"2018-03-19T02:44:57.000Z","volume":1000,"label":" ","price":43.95},{"type":"A","date":"2018-03-19T02:45:00.000Z","volume":500,"label":" ","price":43.95},{"type":"B","date":"2018-03-19T02:45:33.000Z","volume":1500,"label":" ","price":43.9},{"type":"A","date":"2018-03-19T02:45:33.000Z","volume":500,"label":" ","price":43.95},{"type":"A","date":"2018-03-19T02:45:43.000Z","volume":500,"label":" ","price":43.95},{"type":"A","date":"2018-03-19T02:46:54.000Z","volume":10000,"label":" ","price":43.95},{"type":"A","date":"2018-03-19T02:46:57.000Z","volume":1000,"label":" ","price":43.95},{"type":"A","date":"2018-03-19T02:46:57.000Z","volume":500,"label":" ","price":43.95},{"type":"B","date":"2018-03-19T02:46:59.000Z","volume":500,"label":" ","price":43.9},{"type":"B","date":"2018-03-19T02:47:26.000Z","volume":1500,"label":" ","price":43.9},{"type":"B","date":"2018-03-19T02:47:29.000Z","volume":500,"label":"Y","price":43.9},{"type":"A","date":"2018-03-19T02:47:30.000Z","volume":500,"label":" ","price":43.95},{"type":"B","date":"2018-03-19T02:47:33.000Z","volume":500,"label":" ","price":43.9},{"type":"B","date":"2018-03-19T02:48:17.000Z","volume":500,"label":" ","price":43.9},{"type":"B","date":"2018-03-19T02:48:17.000Z","volume":2000,"label":" ","price":43.9},{"type":"B","date":"2018-03-19T02:48:39.000Z","volume":1000,"label":" ","price":43.9},{"type":"B","date":"2018-03-19T02:48:39.000Z","volume":500,"label":" ","price":43.9},{"type":"A","date":"2018-03-19T02:48:39.000Z","volume":500,"label":"Y","price":43.95},{"type":"B","date":"2018-03-19T02:48:39.000Z","volume":500,"label":" ","price":43.9},{"type":"A","date":"2018-03-19T02:48:39.000Z","volume":500,"label":" ","price":43.95},{"type":"B","date":"2018-03-19T02:48:46.000Z","volume":4000,"label":" ","price":43.9},{"type":"U","date":"2018-03-19T02:48:46.000Z","volume":500,"label":" ","price":43.9},{"type":"B","date":"2018-03-19T02:48:47.000Z","volume":500,"label":" ","price":43.85},{"type":"B","date":"2018-03-19T02:48:47.000Z","volume":5500,"label":" ","price":43.85},{"type":"B","date":"2018-03-19T02:49:50.000Z","volume":1000,"label":" ","price":43.85},{"type":"B","date":"2018-03-19T02:49:50.000Z","volume":2500,"label":" ","price":43.85},{"type":"B","date":"2018-03-19T02:49:50.000Z","volume":1500,"label":" ","price":43.85},{"type":"A","date":"2018-03-19T02:50:12.000Z","volume":500,"label":" ","price":43.9},{"type":"U","date":"2018-03-19T02:50:59.000Z","volume":500,"label":"X","price":43.8},{"type":"B","date":"2018-03-19T02:50:59.000Z","volume":2000,"label":" ","price":43.8},{"type":"B","date":"2018-03-19T02:51:00.000Z","volume":1000,"label":" ","price":43.8},{"type":"A","date":"2018-03-19T02:51:00.000Z","volume":500,"label":" ","price":43.9},{"type":"B","date":"2018-03-19T02:51:12.000Z","volume":2000,"label":" ","price":43.85},{"type":"A","date":"2018-03-19T02:51:47.000Z","volume":1000,"label":" ","price":43.9},{"type":"A","date":"2018-03-19T02:51:53.000Z","volume":500,"label":" ","price":43.9},{"type":"A","date":"2018-03-19T02:52:03.000Z","volume":500,"label":" ","price":43.9},{"type":"A","date":"2018-03-19T02:53:26.000Z","volume":500,"label":" ","price":43.9},{"type":"B","date":"2018-03-19T02:53:26.000Z","volume":2000,"label":" ","price":43.85},{"type":"A","date":"2018-03-19T02:53:26.000Z","volume":500,"label":" ","price":43.9},{"type":"B","date":"2018-03-19T02:53:26.000Z","volume":1000,"label":" ","price":43.85},{"type":"A","date":"2018-03-19T02:53:31.000Z","volume":500,"label":" ","price":43.9},{"type":"A","date":"2018-03-19T02:54:23.000Z","volume":500,"label":" ","price":43.9},{"type":"A","date":"2018-03-19T02:54:37.000Z","volume":1000,"label":" ","price":43.9},{"type":"A","date":"2018-03-19T02:55:23.000Z","volume":500,"label":" ","price":43.9},{"type":"A","date":"2018-03-19T02:56:23.000Z","volume":500,"label":" ","price":43.9},{"type":"A","date":"2018-03-19T02:57:03.000Z","volume":500,"label":"Y","price":43.9},{"type":"A","date":"2018-03-19T02:57:13.000Z","volume":500,"label":" ","price":43.9},{"type":"A","date":"2018-03-19T02:57:16.000Z","volume":500,"label":" ","price":43.9},{"type":"B","date":"2018-03-19T02:57:40.000Z","volume":500,"label":" ","price":43.85},{"type":"A","date":"2018-03-19T02:57:41.000Z","volume":500,"label":" ","price":43.9},{"type":"A","date":"2018-03-19T02:57:42.000Z","volume":500,"label":" ","price":43.9},{"type":"A","date":"2018-03-19T02:58:36.000Z","volume":500,"label":" ","price":43.9},{"type":"A","date":"2018-03-19T02:58:43.000Z","volume":500,"label":" ","price":43.9},{"type":"A","date":"2018-03-19T02:58:52.000Z","volume":10000,"label":" ","price":43.9},{"type":"A","date":"2018-03-19T02:58:52.000Z","volume":1000,"label":" ","price":43.95},{"type":"B","date":"2018-03-19T02:58:52.000Z","volume":500,"label":" ","price":43.9},{"type":"A","date":"2018-03-19T02:58:53.000Z","volume":500,"label":"Y","price":43.95},{"type":"A","date":"2018-03-19T02:58:56.000Z","volume":5000,"label":" ","price":43.95},{"type":"A","date":"2018-03-19T02:59:12.000Z","volume":6000,"label":" ","price":43.95},{"type":"A","date":"2018-03-19T02:59:28.000Z","volume":10000,"label":" ","price":44},{"type":"A","date":"2018-03-19T02:59:28.000Z","volume":500,"label":" ","price":44},{"type":"A","date":"2018-03-19T02:59:29.000Z","volume":500,"label":" ","price":44},{"type":"A","date":"2018-03-19T03:01:12.000Z","volume":500,"label":" ","price":44},{"type":"B","date":"2018-03-19T03:01:32.000Z","volume":500,"label":" ","price":43.95},{"type":"B","date":"2018-03-19T03:03:41.000Z","volume":500,"label":" ","price":43.95},{"type":"A","date":"2018-03-19T03:04:12.000Z","volume":500,"label":" ","price":44},{"type":"B","date":"2018-03-19T03:05:03.000Z","volume":1500,"label":" ","price":43.95},{"type":"U","date":"2018-03-19T03:05:08.000Z","volume":500,"label":"X","price":44},{"type":"U","date":"2018-03-19T03:06:02.000Z","volume":500,"label":"X","price":44},{"type":"A","date":"2018-03-19T03:06:52.000Z","volume":500,"label":" ","price":44},{"type":"U","date":"2018-03-19T03:07:23.000Z","volume":500,"label":"X","price":43.95},{"type":"B","date":"2018-03-19T03:07:23.000Z","volume":1000,"label":" ","price":43.95},{"type":"A","date":"2018-03-19T03:08:12.000Z","volume":500,"label":" ","price":44},{"type":"B","date":"2018-03-19T03:08:35.000Z","volume":1000,"label":"Y","price":43.95},{"type":"B","date":"2018-03-19T03:08:35.000Z","volume":5000,"label":" ","price":43.95},{"type":"A","date":"2018-03-19T03:08:43.000Z","volume":1000,"label":" ","price":43.95},{"type":"B","date":"2018-03-19T03:09:43.000Z","volume":1000,"label":" ","price":43.9},{"type":"A","date":"2018-03-19T03:10:23.000Z","volume":500,"label":" ","price":43.95},{"type":"A","date":"2018-03-19T03:10:23.000Z","volume":500,"label":" ","price":43.95},{"type":"B","date":"2018-03-19T03:10:23.000Z","volume":2000,"label":" ","price":43.9},{"type":"A","date":"2018-03-19T03:10:24.000Z","volume":500,"label":" ","price":43.95},{"type":"A","date":"2018-03-19T03:10:56.000Z","volume":1500,"label":" ","price":43.95},{"type":"A","date":"2018-03-19T03:10:59.000Z","volume":500,"label":" ","price":43.95},{"type":"B","date":"2018-03-19T03:11:04.000Z","volume":1000,"label":" ","price":43.9},{"type":"B","date":"2018-03-19T03:11:05.000Z","volume":500,"label":"Y","price":43.9},{"type":"A","date":"2018-03-19T03:11:16.000Z","volume":500,"label":" ","price":43.95},{"type":"A","date":"2018-03-19T03:11:23.000Z","volume":1500,"label":" ","price":43.95},{"type":"A","date":"2018-03-19T03:11:43.000Z","volume":500,"label":" ","price":43.95},{"type":"A","date":"2018-03-19T03:12:16.000Z","volume":500,"label":" ","price":43.95},{"type":"A","date":"2018-03-19T03:12:23.000Z","volume":500,"label":" ","price":43.95},{"type":"A","date":"2018-03-19T03:12:25.000Z","volume":500,"label":" ","price":43.95},{"type":"B","date":"2018-03-19T03:12:28.000Z","volume":500,"label":" ","price":43.9},{"type":"A","date":"2018-03-19T03:13:04.000Z","volume":10000,"label":"Y","price":43.95},{"type":"A","date":"2018-03-19T03:13:16.000Z","volume":500,"label":" ","price":43.95},{"type":"A","date":"2018-03-19T03:13:23.000Z","volume":500,"label":" ","price":43.95},{"type":"A","date":"2018-03-19T03:13:33.000Z","volume":500,"label":" ","price":43.95},{"type":"A","date":"2018-03-19T03:14:09.000Z","volume":500,"label":" ","price":43.95},{"type":"A","date":"2018-03-19T03:15:43.000Z","volume":500,"label":" ","price":43.95},{"type":"U","date":"2018-03-19T03:15:43.000Z","volume":500,"label":"X","price":43.9},{"type":"B","date":"2018-03-19T03:15:43.000Z","volume":1000,"label":" ","price":43.9},{"type":"A","date":"2018-03-19T03:16:56.000Z","volume":500,"label":" ","price":43.95},{"type":"A","date":"2018-03-19T03:16:56.000Z","volume":500,"label":" ","price":43.95},{"type":"U","date":"2018-03-19T03:17:00.000Z","volume":200,"label":"D","price":43.5},{"type":"A","date":"2018-03-19T03:17:14.000Z","volume":1500,"label":" ","price":43.95},{"type":"A","date":"2018-03-19T03:17:55.000Z","volume":3500,"label":" ","price":43.95},{"type":"B","date":"2018-03-19T03:17:56.000Z","volume":500,"label":"Y","price":43.9},{"type":"A","date":"2018-03-19T03:18:00.000Z","volume":500,"label":" ","price":43.95},{"type":"B","date":"2018-03-19T03:18:02.000Z","volume":1500,"label":" ","price":43.9},{"type":"U","date":"2018-03-19T03:18:43.000Z","volume":500,"label":"X","price":43.95},{"type":"B","date":"2018-03-19T03:19:43.000Z","volume":1000,"label":" ","price":43.9},{"type":"A","date":"2018-03-19T03:20:18.000Z","volume":500,"label":" ","price":43.95},{"type":"U","date":"2018-03-19T03:20:18.000Z","volume":500,"label":"X","price":43.95},{"type":"A","date":"2018-03-19T03:20:36.000Z","volume":500,"label":" ","price":43.95},{"type":"A","date":"2018-03-19T03:20:54.000Z","volume":500,"label":" ","price":43.95},{"type":"B","date":"2018-03-19T03:21:03.000Z","volume":2000,"label":" ","price":43.9},{"type":"B","date":"2018-03-19T03:22:01.000Z","volume":500,"label":" ","price":43.9},{"type":"B","date":"2018-03-19T03:22:33.000Z","volume":500,"label":" ","price":43.9},{"type":"U","date":"2018-03-19T03:22:55.000Z","volume":500,"label":"X","price":43.95},{"type":"B","date":"2018-03-19T03:23:52.000Z","volume":1000,"label":" ","price":43.9},{"type":"B","date":"2018-03-19T03:24:30.000Z","volume":1000,"label":" ","price":43.9},{"type":"B","date":"2018-03-19T03:24:33.000Z","volume":500,"label":"Y","price":43.9},{"type":"A","date":"2018-03-19T03:25:02.000Z","volume":500,"label":"Y","price":43.95},{"type":"A","date":"2018-03-19T03:26:43.000Z","volume":500,"label":" ","price":43.95},{"type":"B","date":"2018-03-19T03:26:43.000Z","volume":1500,"label":" ","price":43.9},{"type":"B","date":"2018-03-19T03:26:51.000Z","volume":3000,"label":" ","price":43.9},{"type":"A","date":"2018-03-19T03:27:10.000Z","volume":500,"label":" ","price":43.95},{"type":"B","date":"2018-03-19T03:27:15.000Z","volume":500,"label":" ","price":43.85},{"type":"A","date":"2018-03-19T03:29:36.000Z","volume":500,"label":" ","price":43.9},{"type":"B","date":"2018-03-19T03:29:36.000Z","volume":1500,"label":" ","price":43.85},{"type":"B","date":"2018-03-19T03:29:53.000Z","volume":5500,"label":" ","price":43.85},{"type":"A","date":"2018-03-19T03:29:53.000Z","volume":500,"label":" ","price":43.9},{"type":"U","date":"2018-03-19T03:29:53.000Z","volume":500,"label":"Y","price":43.85},{"type":"A","date":"2018-03-19T03:29:54.000Z","volume":500,"label":" ","price":43.9},{"type":"A","date":"2018-03-19T03:30:03.000Z","volume":3000,"label":" ","price":43.9},{"type":"B","date":"2018-03-19T03:30:55.000Z","volume":500,"label":" ","price":43.8},{"type":"A","date":"2018-03-19T03:30:58.000Z","volume":500,"label":" ","price":43.85},{"type":"A","date":"2018-03-19T03:33:10.000Z","volume":500,"label":" ","price":43.85},{"type":"B","date":"2018-03-19T03:33:10.000Z","volume":1500,"label":" ","price":43.8},{"type":"B","date":"2018-03-19T03:34:06.000Z","volume":500,"label":" ","price":43.8},{"type":"B","date":"2018-03-19T03:34:09.000Z","volume":500,"label":" ","price":43.8},{"type":"B","date":"2018-03-19T03:34:39.000Z","volume":1000,"label":" ","price":43.8},{"type":"B","date":"2018-03-19T03:34:39.000Z","volume":1000,"label":" ","price":43.8},{"type":"A","date":"2018-03-19T03:34:41.000Z","volume":500,"label":" ","price":43.85},{"type":"A","date":"2018-03-19T03:34:41.000Z","volume":500,"label":" ","price":43.85},{"type":"A","date":"2018-03-19T03:35:30.000Z","volume":500,"label":"Y","price":43.85},{"type":"B","date":"2018-03-19T03:35:37.000Z","volume":500,"label":" ","price":43.8},{"type":"A","date":"2018-03-19T03:37:56.000Z","volume":500,"label":" ","price":43.85},{"type":"B","date":"2018-03-19T03:37:56.000Z","volume":1000,"label":" ","price":43.8},{"type":"B","date":"2018-03-19T03:38:09.000Z","volume":2000,"label":" ","price":43.8},{"type":"B","date":"2018-03-19T03:38:09.000Z","volume":1000,"label":" ","price":43.8},{"type":"B","date":"2018-03-19T03:38:09.000Z","volume":1000,"label":" ","price":43.8},{"type":"B","date":"2018-03-19T03:38:09.000Z","volume":5000,"label":" ","price":43.8},{"type":"A","date":"2018-03-19T03:38:09.000Z","volume":500,"label":" ","price":43.85},{"type":"B","date":"2018-03-19T03:40:15.000Z","volume":1500,"label":" ","price":43.75},{"type":"B","date":"2018-03-19T03:40:15.000Z","volume":500,"label":" ","price":43.75},{"type":"A","date":"2018-03-19T03:40:19.000Z","volume":500,"label":"Y","price":43.8},{"type":"B","date":"2018-03-19T03:40:56.000Z","volume":500,"label":" ","price":43.75},{"type":"A","date":"2018-03-19T03:41:05.000Z","volume":500,"label":" ","price":43.8},{"type":"B","date":"2018-03-19T03:43:00.000Z","volume":1000,"label":" ","price":43.75},{"type":"A","date":"2018-03-19T03:43:03.000Z","volume":500,"label":" ","price":43.8},{"type":"A","date":"2018-03-19T03:44:23.000Z","volume":500,"label":" ","price":43.8},{"type":"A","date":"2018-03-19T03:46:03.000Z","volume":500,"label":" ","price":43.8},{"type":"A","date":"2018-03-19T03:46:16.000Z","volume":500,"label":" ","price":43.8},{"type":"A","date":"2018-03-19T03:46:20.000Z","volume":500,"label":" ","price":43.8},{"type":"B","date":"2018-03-19T03:46:36.000Z","volume":500,"label":" ","price":43.75},{"type":"A","date":"2018-03-19T03:47:03.000Z","volume":500,"label":" ","price":43.8},{"type":"A","date":"2018-03-19T03:47:36.000Z","volume":500,"label":" ","price":43.8},{"type":"B","date":"2018-03-19T03:48:00.000Z","volume":1000,"label":" ","price":43.75},{"type":"B","date":"2018-03-19T03:48:24.000Z","volume":500,"label":" ","price":43.75},{"type":"B","date":"2018-03-19T03:49:37.000Z","volume":5000,"label":" ","price":43.75},{"type":"A","date":"2018-03-19T03:49:37.000Z","volume":500,"label":" ","price":43.8},{"type":"B","date":"2018-03-19T03:49:37.000Z","volume":500,"label":" ","price":43.75},{"type":"U","date":"2018-03-19T03:49:37.000Z","volume":500,"label":" ","price":43.75},{"type":"A","date":"2018-03-19T03:49:39.000Z","volume":500,"label":" ","price":43.75},{"type":"B","date":"2018-03-19T03:50:30.000Z","volume":500,"label":" ","price":43.7},{"type":"B","date":"2018-03-19T03:50:32.000Z","volume":500,"label":" ","price":43.7},{"type":"B","date":"2018-03-19T03:50:48.000Z","volume":20000,"label":" ","price":43.7},{"type":"B","date":"2018-03-19T03:50:49.000Z","volume":2000,"label":" ","price":43.65},{"type":"B","date":"2018-03-19T03:52:00.000Z","volume":5000,"label":"Y","price":43.65},{"type":"B","date":"2018-03-19T03:52:00.000Z","volume":500,"label":" ","price":43.65},{"type":"A","date":"2018-03-19T03:52:00.000Z","volume":500,"label":" ","price":43.75},{"type":"B","date":"2018-03-19T03:52:52.000Z","volume":500,"label":" ","price":43.7},{"type":"A","date":"2018-03-19T03:52:52.000Z","volume":1500,"label":" ","price":43.7},{"type":"A","date":"2018-03-19T03:52:52.000Z","volume":500,"label":" ","price":43.7},{"type":"A","date":"2018-03-19T03:52:52.000Z","volume":500,"label":" ","price":43.7},{"type":"A","date":"2018-03-19T03:52:54.000Z","volume":500,"label":" ","price":43.7},{"type":"B","date":"2018-03-19T03:52:56.000Z","volume":500,"label":"Y","price":43.65},{"type":"B","date":"2018-03-19T03:52:56.000Z","volume":4000,"label":" ","price":43.65},{"type":"B","date":"2018-03-19T03:52:56.000Z","volume":1500,"label":" ","price":43.65},{"type":"A","date":"2018-03-19T03:52:58.000Z","volume":500,"label":" ","price":43.7},{"type":"B","date":"2018-03-19T03:52:58.000Z","volume":2000,"label":" ","price":43.65},{"type":"B","date":"2018-03-19T03:52:58.000Z","volume":500,"label":" ","price":43.6},{"type":"U","date":"2018-03-19T03:53:17.000Z","volume":500,"label":" ","price":43.65},{"type":"B","date":"2018-03-19T03:53:28.000Z","volume":2500,"label":" ","price":43.6},{"type":"A","date":"2018-03-19T03:53:28.000Z","volume":500,"label":" ","price":43.65},{"type":"B","date":"2018-03-19T03:53:28.000Z","volume":500,"label":" ","price":43.6},{"type":"A","date":"2018-03-19T03:53:31.000Z","volume":500,"label":" ","price":43.65},{"type":"B","date":"2018-03-19T03:53:37.000Z","volume":1000,"label":" ","price":43.6},{"type":"B","date":"2018-03-19T03:53:45.000Z","volume":1000,"label":" ","price":43.6},{"type":"B","date":"2018-03-19T03:54:02.000Z","volume":500,"label":" ","price":43.6},{"type":"B","date":"2018-03-19T03:54:50.000Z","volume":9000,"label":" ","price":43.6},{"type":"B","date":"2018-03-19T03:54:50.000Z","volume":1000,"label":" ","price":43.55},{"type":"B","date":"2018-03-19T03:55:28.000Z","volume":500,"label":" ","price":43.55},{"type":"B","date":"2018-03-19T03:56:39.000Z","volume":1500,"label":" ","price":43.55},{"type":"A","date":"2018-03-19T03:56:40.000Z","volume":500,"label":" ","price":43.6},{"type":"A","date":"2018-03-19T03:57:56.000Z","volume":500,"label":" ","price":43.6},{"type":"A","date":"2018-03-19T03:57:56.000Z","volume":18000,"label":" ","price":43.6},{"type":"A","date":"2018-03-19T03:57:56.000Z","volume":500,"label":" ","price":43.65},{"type":"A","date":"2018-03-19T03:57:58.000Z","volume":3000,"label":" ","price":43.65},{"type":"U","date":"2018-03-19T03:58:16.000Z","volume":500,"label":"X","price":43.7},{"type":"A","date":"2018-03-19T03:58:56.000Z","volume":500,"label":" ","price":43.7},{"type":"A","date":"2018-03-19T03:59:24.000Z","volume":2000,"label":" ","price":43.7},{"type":"A","date":"2018-03-19T03:59:24.000Z","volume":500,"label":" ","price":43.75},{"type":"A","date":"2018-03-19T03:59:24.000Z","volume":1000,"label":" ","price":43.75},{"type":"A","date":"2018-03-19T03:59:26.000Z","volume":500,"label":" ","price":43.75},{"type":"A","date":"2018-03-19T05:00:01.000Z","volume":5000,"label":" ","price":43.8},{"type":"A","date":"2018-03-19T05:00:28.000Z","volume":500,"label":" ","price":43.8},{"type":"B","date":"2018-03-19T05:00:38.000Z","volume":3000,"label":" ","price":43.65},{"type":"B","date":"2018-03-19T05:00:38.000Z","volume":3000,"label":" ","price":43.6},{"type":"U","date":"2018-03-19T05:01:21.000Z","volume":500,"label":"X","price":43.8},{"type":"B","date":"2018-03-19T05:02:52.000Z","volume":500,"label":" ","price":43.75},{"type":"A","date":"2018-03-19T05:03:15.000Z","volume":500,"label":" ","price":43.75},{"type":"B","date":"2018-03-19T05:03:16.000Z","volume":2500,"label":" ","price":43.7},{"type":"B","date":"2018-03-19T05:05:00.000Z","volume":1000,"label":" ","price":43.65},{"type":"U","date":"2018-03-19T05:05:13.000Z","volume":500,"label":"X","price":43.7},{"type":"A","date":"2018-03-19T05:05:17.000Z","volume":500,"label":" ","price":43.7},{"type":"A","date":"2018-03-19T05:05:59.000Z","volume":500,"label":" ","price":43.7},{"type":"B","date":"2018-03-19T05:06:10.000Z","volume":500,"label":" ","price":43.65},{"type":"A","date":"2018-03-19T05:06:16.000Z","volume":500,"label":" ","price":43.7},{"type":"A","date":"2018-03-19T05:07:07.000Z","volume":500,"label":" ","price":43.7},{"type":"B","date":"2018-03-19T05:07:25.000Z","volume":3000,"label":" ","price":43.65},{"type":"B","date":"2018-03-19T05:07:26.000Z","volume":500,"label":" ","price":43.65},{"type":"B","date":"2018-03-19T05:07:35.000Z","volume":1000,"label":" ","price":43.65},{"type":"A","date":"2018-03-19T05:07:35.000Z","volume":500,"label":" ","price":43.7},{"type":"A","date":"2018-03-19T05:07:47.000Z","volume":500,"label":" ","price":43.7},{"type":"B","date":"2018-03-19T05:08:00.000Z","volume":500,"label":" ","price":43.65},{"type":"B","date":"2018-03-19T05:08:07.000Z","volume":2500,"label":" ","price":43.65},{"type":"B","date":"2018-03-19T05:08:07.000Z","volume":500,"label":"Y","price":43.65},{"type":"B","date":"2018-03-19T05:08:29.000Z","volume":500,"label":" ","price":43.65},{"type":"B","date":"2018-03-19T05:09:30.000Z","volume":1000,"label":" ","price":43.65},{"type":"B","date":"2018-03-19T05:10:45.000Z","volume":500,"label":" ","price":43.65},{"type":"B","date":"2018-03-19T05:11:10.000Z","volume":500,"label":" ","price":43.65},{"type":"B","date":"2018-03-19T05:11:10.000Z","volume":500,"label":"Y","price":43.65},{"type":"B","date":"2018-03-19T05:12:00.000Z","volume":1000,"label":" ","price":43.65},{"type":"U","date":"2018-03-19T05:12:00.000Z","volume":500,"label":"X","price":43.7},{"type":"B","date":"2018-03-19T05:12:21.000Z","volume":500,"label":" ","price":43.65},{"type":"A","date":"2018-03-19T05:12:24.000Z","volume":500,"label":" ","price":43.7},{"type":"A","date":"2018-03-19T05:14:14.000Z","volume":500,"label":" ","price":43.7},{"type":"B","date":"2018-03-19T05:14:14.000Z","volume":500,"label":" ","price":43.65},{"type":"A","date":"2018-03-19T05:15:37.000Z","volume":500,"label":" ","price":43.7},{"type":"A","date":"2018-03-19T05:16:27.000Z","volume":1500,"label":" ","price":43.7},{"type":"B","date":"2018-03-19T05:17:16.000Z","volume":1000,"label":" ","price":43.65},{"type":"A","date":"2018-03-19T05:17:34.000Z","volume":500,"label":" ","price":43.7},{"type":"A","date":"2018-03-19T05:17:35.000Z","volume":500,"label":" ","price":43.7},{"type":"B","date":"2018-03-19T05:17:44.000Z","volume":500,"label":" ","price":43.65},{"type":"A","date":"2018-03-19T05:18:45.000Z","volume":500,"label":" ","price":43.7},{"type":"A","date":"2018-03-19T05:19:00.000Z","volume":500,"label":"Y","price":43.7},{"type":"A","date":"2018-03-19T05:19:00.000Z","volume":500,"label":"Y","price":43.7},{"type":"A","date":"2018-03-19T05:19:20.000Z","volume":500,"label":" ","price":43.7},{"type":"B","date":"2018-03-19T05:19:20.000Z","volume":1500,"label":" ","price":43.65},{"type":"A","date":"2018-03-19T05:19:40.000Z","volume":1000,"label":" ","price":43.7},{"type":"A","date":"2018-03-19T05:19:40.000Z","volume":500,"label":" ","price":43.7},{"type":"A","date":"2018-03-19T05:19:41.000Z","volume":500,"label":"Y","price":43.7},{"type":"A","date":"2018-03-19T05:20:00.000Z","volume":500,"label":" ","price":43.7},{"type":"A","date":"2018-03-19T05:20:20.000Z","volume":500,"label":" ","price":43.7},{"type":"A","date":"2018-03-19T05:20:20.000Z","volume":500,"label":" ","price":43.7},{"type":"A","date":"2018-03-19T05:21:20.000Z","volume":500,"label":" ","price":43.7},{"type":"A","date":"2018-03-19T05:21:24.000Z","volume":500,"label":" ","price":43.7},{"type":"B","date":"2018-03-19T05:23:40.000Z","volume":500,"label":" ","price":43.65},{"type":"B","date":"2018-03-19T05:24:17.000Z","volume":2000,"label":" ","price":43.65},{"type":"B","date":"2018-03-19T05:24:17.000Z","volume":1000,"label":" ","price":43.65},{"type":"A","date":"2018-03-19T05:24:17.000Z","volume":500,"label":" ","price":43.7},{"type":"B","date":"2018-03-19T05:24:54.000Z","volume":1000,"label":" ","price":43.65},{"type":"A","date":"2018-03-19T05:25:13.000Z","volume":500,"label":" ","price":43.7},{"type":"B","date":"2018-03-19T05:25:45.000Z","volume":500,"label":" ","price":43.65},{"type":"A","date":"2018-03-19T05:27:32.000Z","volume":500,"label":" ","price":43.7},{"type":"B","date":"2018-03-19T05:27:32.000Z","volume":1000,"label":" ","price":43.65},{"type":"A","date":"2018-03-19T05:29:00.000Z","volume":15000,"label":" ","price":43.7},{"type":"U","date":"2018-03-19T05:29:00.000Z","volume":500,"label":" ","price":43.7},{"type":"A","date":"2018-03-19T05:29:00.000Z","volume":500,"label":"Y","price":43.75},{"type":"A","date":"2018-03-19T05:29:00.000Z","volume":500,"label":" ","price":43.75},{"type":"A","date":"2018-03-19T05:29:02.000Z","volume":500,"label":" ","price":43.75},{"type":"U","date":"2018-03-19T05:30:16.000Z","volume":500,"label":"X","price":43.75},{"type":"A","date":"2018-03-19T05:30:20.000Z","volume":1000,"label":" ","price":43.75},{"type":"A","date":"2018-03-19T05:30:44.000Z","volume":500,"label":" ","price":43.75},{"type":"A","date":"2018-03-19T05:30:46.000Z","volume":500,"label":" ","price":43.75},{"type":"U","date":"2018-03-19T05:31:06.000Z","volume":500,"label":"X","price":43.75},{"type":"A","date":"2018-03-19T05:31:36.000Z","volume":1000,"label":" ","price":43.75},{"type":"A","date":"2018-03-19T05:32:11.000Z","volume":500,"label":" ","price":43.75},{"type":"A","date":"2018-03-19T05:32:20.000Z","volume":500,"label":" ","price":43.75},{"type":"B","date":"2018-03-19T05:32:23.000Z","volume":500,"label":"Y","price":43.7},{"type":"B","date":"2018-03-19T05:33:31.000Z","volume":1500,"label":" ","price":43.7},{"type":"A","date":"2018-03-19T05:33:31.000Z","volume":500,"label":" ","price":43.75},{"type":"B","date":"2018-03-19T05:35:19.000Z","volume":1500,"label":" ","price":43.7},{"type":"A","date":"2018-03-19T05:35:20.000Z","volume":500,"label":" ","price":43.75},{"type":"B","date":"2018-03-19T05:35:21.000Z","volume":500,"label":"Y","price":43.7},{"type":"B","date":"2018-03-19T05:35:25.000Z","volume":500,"label":" ","price":43.7},{"type":"A","date":"2018-03-19T05:36:27.000Z","volume":500,"label":" ","price":43.75},{"type":"U","date":"2018-03-19T05:36:58.000Z","volume":447,"label":"D","price":43.25},{"type":"B","date":"2018-03-19T05:37:15.000Z","volume":500,"label":" ","price":43.7},{"type":"B","date":"2018-03-19T05:37:18.000Z","volume":500,"label":" ","price":43.7},{"type":"B","date":"2018-03-19T05:37:34.000Z","volume":2000,"label":" ","price":43.7},{"type":"A","date":"2018-03-19T05:38:08.000Z","volume":1000,"label":" ","price":43.75},{"type":"B","date":"2018-03-19T05:38:11.000Z","volume":500,"label":"Y","price":43.7},{"type":"B","date":"2018-03-19T05:38:11.000Z","volume":1000,"label":" ","price":43.7},{"type":"A","date":"2018-03-19T05:39:39.000Z","volume":500,"label":" ","price":43.75},{"type":"B","date":"2018-03-19T05:40:46.000Z","volume":1000,"label":" ","price":43.7},{"type":"A","date":"2018-03-19T05:40:48.000Z","volume":500,"label":"Y","price":43.75},{"type":"B","date":"2018-03-19T05:40:55.000Z","volume":1500,"label":" ","price":43.7},{"type":"A","date":"2018-03-19T05:41:40.000Z","volume":500,"label":"Y","price":43.75},{"type":"A","date":"2018-03-19T05:42:00.000Z","volume":500,"label":" ","price":43.75},{"type":"A","date":"2018-03-19T05:42:03.000Z","volume":500,"label":" ","price":43.75},{"type":"A","date":"2018-03-19T05:42:40.000Z","volume":500,"label":" ","price":43.75},{"type":"A","date":"2018-03-19T05:42:40.000Z","volume":500,"label":" ","price":43.75},{"type":"A","date":"2018-03-19T05:42:43.000Z","volume":500,"label":" ","price":43.75},{"type":"A","date":"2018-03-19T05:43:20.000Z","volume":500,"label":" ","price":43.75},{"type":"A","date":"2018-03-19T05:43:40.000Z","volume":500,"label":" ","price":43.75},{"type":"A","date":"2018-03-19T05:44:00.000Z","volume":500,"label":" ","price":43.75},{"type":"A","date":"2018-03-19T05:44:19.000Z","volume":500,"label":" ","price":43.75},{"type":"B","date":"2018-03-19T05:44:20.000Z","volume":500,"label":"Y","price":43.7},{"type":"A","date":"2018-03-19T05:44:40.000Z","volume":500,"label":" ","price":43.75},{"type":"A","date":"2018-03-19T05:44:40.000Z","volume":500,"label":" ","price":43.75},{"type":"A","date":"2018-03-19T05:44:53.000Z","volume":500,"label":" ","price":43.75},{"type":"A","date":"2018-03-19T05:45:40.000Z","volume":500,"label":" ","price":43.75},{"type":"A","date":"2018-03-19T05:45:40.000Z","volume":500,"label":" ","price":43.75},{"type":"A","date":"2018-03-19T05:46:20.000Z","volume":500,"label":" ","price":43.75},{"type":"B","date":"2018-03-19T05:46:21.000Z","volume":500,"label":"Y","price":43.7},{"type":"B","date":"2018-03-19T05:46:45.000Z","volume":1500,"label":" ","price":43.7},{"type":"A","date":"2018-03-19T05:48:00.000Z","volume":500,"label":" ","price":43.75},{"type":"A","date":"2018-03-19T05:48:20.000Z","volume":1500,"label":" ","price":43.75},{"type":"B","date":"2018-03-19T05:48:20.000Z","volume":500,"label":" ","price":43.7},{"type":"A","date":"2018-03-19T05:48:20.000Z","volume":500,"label":" ","price":43.75},{"type":"B","date":"2018-03-19T05:48:20.000Z","volume":500,"label":"Y","price":43.7},{"type":"A","date":"2018-03-19T05:48:20.000Z","volume":500,"label":"Y","price":43.75},{"type":"A","date":"2018-03-19T05:48:22.000Z","volume":500,"label":" ","price":43.75},{"type":"A","date":"2018-03-19T05:49:16.000Z","volume":500,"label":" ","price":43.75},{"type":"B","date":"2018-03-19T05:49:31.000Z","volume":2500,"label":" ","price":43.7},{"type":"A","date":"2018-03-19T05:49:31.000Z","volume":500,"label":" ","price":43.75},{"type":"A","date":"2018-03-19T05:49:31.000Z","volume":500,"label":" ","price":43.75},{"type":"B","date":"2018-03-19T05:50:33.000Z","volume":1000,"label":" ","price":43.7},{"type":"B","date":"2018-03-19T05:51:55.000Z","volume":500,"label":" ","price":43.7},{"type":"B","date":"2018-03-19T05:52:26.000Z","volume":1000,"label":" ","price":43.7},{"type":"B","date":"2018-03-19T05:52:26.000Z","volume":500,"label":"Y","price":43.7},{"type":"B","date":"2018-03-19T05:52:53.000Z","volume":1000,"label":" ","price":43.7},{"type":"A","date":"2018-03-19T05:52:57.000Z","volume":10000,"label":" ","price":43.75},{"type":"A","date":"2018-03-19T05:52:57.000Z","volume":1000,"label":"Y","price":43.75},{"type":"A","date":"2018-03-19T05:52:58.000Z","volume":500,"label":" ","price":43.75},{"type":"A","date":"2018-03-19T05:53:00.000Z","volume":500,"label":" ","price":43.8},{"type":"B","date":"2018-03-19T05:53:02.000Z","volume":500,"label":"Y","price":43.75},{"type":"A","date":"2018-03-19T05:53:18.000Z","volume":500,"label":" ","price":43.8},{"type":"U","date":"2018-03-19T05:53:18.000Z","volume":500,"label":"X","price":43.8},{"type":"A","date":"2018-03-19T05:53:56.000Z","volume":500,"label":" ","price":43.8},{"type":"B","date":"2018-03-19T05:54:45.000Z","volume":1500,"label":" ","price":43.75},{"type":"B","date":"2018-03-19T05:54:46.000Z","volume":500,"label":" ","price":43.75},{"type":"A","date":"2018-03-19T05:54:46.000Z","volume":500,"label":" ","price":43.8},{"type":"A","date":"2018-03-19T05:55:03.000Z","volume":500,"label":" ","price":43.8},{"type":"B","date":"2018-03-19T05:55:29.000Z","volume":500,"label":" ","price":43.75},{"type":"A","date":"2018-03-19T05:57:07.000Z","volume":500,"label":" ","price":43.8},{"type":"B","date":"2018-03-19T05:57:40.000Z","volume":1000,"label":" ","price":43.75},{"type":"B","date":"2018-03-19T05:57:43.000Z","volume":500,"label":"Y","price":43.75},{"type":"B","date":"2018-03-19T06:00:27.000Z","volume":1500,"label":" ","price":43.75},{"type":"A","date":"2018-03-19T06:00:29.000Z","volume":500,"label":" ","price":43.8},{"type":"B","date":"2018-03-19T06:03:42.000Z","volume":1000,"label":" ","price":43.75},{"type":"B","date":"2018-03-19T06:03:44.000Z","volume":500,"label":" ","price":43.75},{"type":"A","date":"2018-03-19T06:04:00.000Z","volume":500,"label":" ","price":43.8},{"type":"A","date":"2018-03-19T06:04:00.000Z","volume":500,"label":" ","price":43.8},{"type":"A","date":"2018-03-19T06:04:01.000Z","volume":500,"label":" ","price":43.8},{"type":"A","date":"2018-03-19T06:04:20.000Z","volume":5000,"label":" ","price":43.8},{"type":"A","date":"2018-03-19T06:04:20.000Z","volume":500,"label":" ","price":43.85},{"type":"A","date":"2018-03-19T06:04:20.000Z","volume":1000,"label":" ","price":43.85},{"type":"B","date":"2018-03-19T06:06:00.000Z","volume":500,"label":" ","price":43.8},{"type":"A","date":"2018-03-19T06:06:20.000Z","volume":500,"label":" ","price":43.85},{"type":"B","date":"2018-03-19T06:09:20.000Z","volume":1000,"label":" ","price":43.8},{"type":"B","date":"2018-03-19T06:09:21.000Z","volume":500,"label":" ","price":43.8},{"type":"B","date":"2018-03-19T06:09:26.000Z","volume":3500,"label":" ","price":43.8},{"type":"A","date":"2018-03-19T06:09:26.000Z","volume":500,"label":" ","price":43.85},{"type":"A","date":"2018-03-19T06:09:26.000Z","volume":500,"label":" ","price":43.85},{"type":"B","date":"2018-03-19T06:09:29.000Z","volume":500,"label":" ","price":43.8},{"type":"B","date":"2018-03-19T06:10:30.000Z","volume":6500,"label":" ","price":43.8},{"type":"A","date":"2018-03-19T06:10:30.000Z","volume":500,"label":" ","price":43.85},{"type":"B","date":"2018-03-19T06:10:30.000Z","volume":1000,"label":" ","price":43.8},{"type":"B","date":"2018-03-19T06:10:30.000Z","volume":500,"label":" ","price":43.8},{"type":"A","date":"2018-03-19T06:10:30.000Z","volume":500,"label":"Y","price":43.8},{"type":"A","date":"2018-03-19T06:10:30.000Z","volume":500,"label":"Y","price":43.8},{"type":"B","date":"2018-03-19T06:11:32.000Z","volume":500,"label":" ","price":43.75},{"type":"B","date":"2018-03-19T06:11:37.000Z","volume":500,"label":"Y","price":43.75},{"type":"B","date":"2018-03-19T06:13:00.000Z","volume":500,"label":" ","price":43.75},{"type":"B","date":"2018-03-19T06:14:40.000Z","volume":1500,"label":" ","price":43.75},{"type":"B","date":"2018-03-19T06:17:16.000Z","volume":1500,"label":" ","price":43.75},{"type":"B","date":"2018-03-19T06:17:18.000Z","volume":500,"label":"Y","price":43.75},{"type":"B","date":"2018-03-19T06:17:25.000Z","volume":500,"label":" ","price":43.75},{"type":"U","date":"2018-03-19T06:17:39.000Z","volume":500,"label":"X","price":43.8},{"type":"A","date":"2018-03-19T06:18:38.000Z","volume":500,"label":" ","price":43.8},{"type":"B","date":"2018-03-19T06:20:17.000Z","volume":1500,"label":" ","price":43.75},{"type":"B","date":"2018-03-19T06:21:55.000Z","volume":500,"label":" ","price":43.75},{"type":"B","date":"2018-03-19T06:21:58.000Z","volume":500,"label":"Y","price":43.75},{"type":"U","date":"2018-03-19T06:22:08.000Z","volume":500,"label":"X","price":43.8},{"type":"B","date":"2018-03-19T06:23:03.000Z","volume":1000,"label":" ","price":43.75},{"type":"A","date":"2018-03-19T06:23:30.000Z","volume":500,"label":" ","price":43.8},{"type":"B","date":"2018-03-19T06:24:04.000Z","volume":1000,"label":" ","price":43.75},{"type":"B","date":"2018-03-19T06:25:19.000Z","volume":2000,"label":" ","price":43.75},{"type":"B","date":"2018-03-19T06:25:19.000Z","volume":500,"label":"Y","price":43.75},{"type":"B","date":"2018-03-19T06:25:30.000Z","volume":500,"label":" ","price":43.75},{"type":"U","date":"2018-03-19T06:27:46.000Z","volume":500,"label":"X","price":43.8},{"type":"B","date":"2018-03-19T06:28:17.000Z","volume":500,"label":" ","price":43.75},{"type":"B","date":"2018-03-19T06:28:17.000Z","volume":1000,"label":" ","price":43.75},{"type":"B","date":"2018-03-19T06:28:19.000Z","volume":500,"label":" ","price":43.75},{"type":"B","date":"2018-03-19T06:30:00.000Z","volume":1000,"label":" ","price":43.75},{"type":"A","date":"2018-03-19T06:30:02.000Z","volume":500,"label":" ","price":43.8},{"type":"B","date":"2018-03-19T06:30:47.000Z","volume":2000,"label":" ","price":43.75},{"type":"B","date":"2018-03-19T06:30:48.000Z","volume":500,"label":"Y","price":43.75},{"type":"B","date":"2018-03-19T06:31:37.000Z","volume":500,"label":" ","price":43.75},{"type":"B","date":"2018-03-19T06:31:45.000Z","volume":500,"label":" ","price":43.75},{"type":"B","date":"2018-03-19T06:32:45.000Z","volume":500,"label":" ","price":43.75},{"type":"B","date":"2018-03-19T06:33:21.000Z","volume":500,"label":" ","price":43.75},{"type":"A","date":"2018-03-19T06:33:48.000Z","volume":500,"label":" ","price":43.8},{"type":"B","date":"2018-03-19T06:33:48.000Z","volume":500,"label":" ","price":43.75},{"type":"B","date":"2018-03-19T06:33:49.000Z","volume":500,"label":"Y","price":43.75},{"type":"B","date":"2018-03-19T06:35:14.000Z","volume":500,"label":" ","price":43.75},{"type":"B","date":"2018-03-19T06:36:17.000Z","volume":1000,"label":" ","price":43.75},{"type":"B","date":"2018-03-19T06:36:30.000Z","volume":1000,"label":" ","price":43.75},{"type":"B","date":"2018-03-19T06:36:46.000Z","volume":2000,"label":" ","price":43.75},{"type":"B","date":"2018-03-19T06:36:46.000Z","volume":1500,"label":" ","price":43.75},{"type":"B","date":"2018-03-19T06:36:46.000Z","volume":500,"label":"Y","price":43.75},{"type":"B","date":"2018-03-19T06:36:46.000Z","volume":500,"label":" ","price":43.75},{"type":"A","date":"2018-03-19T06:36:46.000Z","volume":500,"label":" ","price":43.8},{"type":"B","date":"2018-03-19T06:36:50.000Z","volume":1500,"label":" ","price":43.75},{"type":"B","date":"2018-03-19T06:37:40.000Z","volume":500,"label":" ","price":43.7},{"type":"B","date":"2018-03-19T06:38:05.000Z","volume":1000,"label":" ","price":43.7},{"type":"B","date":"2018-03-19T06:38:07.000Z","volume":500,"label":"Y","price":43.7},{"type":"U","date":"2018-03-19T06:39:01.000Z","volume":500,"label":" ","price":43.75},{"type":"B","date":"2018-03-19T06:39:17.000Z","volume":500,"label":" ","price":43.7},{"type":"A","date":"2018-03-19T06:39:49.000Z","volume":500,"label":" ","price":43.75},{"type":"B","date":"2018-03-19T06:39:49.000Z","volume":500,"label":" ","price":43.7},{"type":"U","date":"2018-03-19T06:40:57.000Z","volume":500,"label":"X","price":43.7},{"type":"A","date":"2018-03-19T06:41:24.000Z","volume":500,"label":" ","price":43.75},{"type":"A","date":"2018-03-19T06:41:26.000Z","volume":500,"label":" ","price":43.75},{"type":"B","date":"2018-03-19T06:42:00.000Z","volume":2000,"label":" ","price":43.7},{"type":"B","date":"2018-03-19T06:42:00.000Z","volume":500,"label":" ","price":43.7},{"type":"B","date":"2018-03-19T06:42:45.000Z","volume":500,"label":" ","price":43.7},{"type":"U","date":"2018-03-19T06:43:12.000Z","volume":500,"label":"X","price":43.75},{"type":"B","date":"2018-03-19T06:43:42.000Z","volume":1000,"label":" ","price":43.7},{"type":"B","date":"2018-03-19T06:44:51.000Z","volume":500,"label":" ","price":43.7},{"type":"B","date":"2018-03-19T06:45:07.000Z","volume":1000,"label":" ","price":43.7},{"type":"B","date":"2018-03-19T06:45:08.000Z","volume":500,"label":" ","price":43.7},{"type":"U","date":"2018-03-19T06:45:10.000Z","volume":500,"label":"X","price":43.75},{"type":"A","date":"2018-03-19T06:46:59.000Z","volume":500,"label":" ","price":43.75},{"type":"B","date":"2018-03-19T06:47:30.000Z","volume":1000,"label":" ","price":43.7},{"type":"B","date":"2018-03-19T06:48:25.000Z","volume":1500,"label":" ","price":43.7},{"type":"B","date":"2018-03-19T06:50:02.000Z","volume":1000,"label":" ","price":43.7},{"type":"B","date":"2018-03-19T06:50:07.000Z","volume":500,"label":"Y","price":43.7},{"type":"B","date":"2018-03-19T06:50:10.000Z","volume":500,"label":" ","price":43.7},{"type":"B","date":"2018-03-19T06:51:22.000Z","volume":500,"label":" ","price":43.7},{"type":"B","date":"2018-03-19T06:51:44.000Z","volume":1000,"label":" ","price":43.7},{"type":"B","date":"2018-03-19T06:51:44.000Z","volume":1000,"label":" ","price":43.7},{"type":"B","date":"2018-03-19T06:51:47.000Z","volume":500,"label":" ","price":43.7},{"type":"B","date":"2018-03-19T06:52:46.000Z","volume":1500,"label":" ","price":43.7},{"type":"A","date":"2018-03-19T06:53:07.000Z","volume":25000,"label":" ","price":43.75},{"type":"A","date":"2018-03-19T06:53:08.000Z","volume":7000,"label":" ","price":43.8},{"type":"A","date":"2018-03-19T06:53:09.000Z","volume":3500,"label":" ","price":43.9},{"type":"U","date":"2018-03-19T06:53:11.000Z","volume":500,"label":" ","price":43.85},{"type":"B","date":"2018-03-19T06:53:33.000Z","volume":10000,"label":" ","price":43.85},{"type":"B","date":"2018-03-19T06:53:33.000Z","volume":3500,"label":" ","price":43.8},{"type":"B","date":"2018-03-19T06:53:33.000Z","volume":500,"label":" ","price":43.8},{"type":"A","date":"2018-03-19T06:55:24.000Z","volume":2000,"label":" ","price":43.85},{"type":"U","date":"2018-03-19T06:55:24.000Z","volume":1000,"label":"X","price":43.85},{"type":"A","date":"2018-03-19T06:55:52.000Z","volume":1000,"label":" ","price":43.85},{"type":"A","date":"2018-03-19T06:56:53.000Z","volume":10000,"label":" ","price":43.85},{"type":"A","date":"2018-03-19T06:56:55.000Z","volume":500,"label":" ","price":43.85},{"type":"B","date":"2018-03-19T06:57:00.000Z","volume":500,"label":"Y","price":43.8},{"type":"A","date":"2018-03-19T06:57:02.000Z","volume":500,"label":" ","price":43.85},{"type":"A","date":"2018-03-19T06:57:20.000Z","volume":9000,"label":" ","price":43.85},{"type":"A","date":"2018-03-19T06:57:20.000Z","volume":1000,"label":" ","price":43.9},{"type":"B","date":"2018-03-19T06:57:20.000Z","volume":500,"label":" ","price":43.85},{"type":"A","date":"2018-03-19T06:57:20.000Z","volume":500,"label":" ","price":43.9},{"type":"A","date":"2018-03-19T06:57:22.000Z","volume":1000,"label":" ","price":43.9},{"type":"B","date":"2018-03-19T06:57:45.000Z","volume":8000,"label":" ","price":43.85},{"type":"B","date":"2018-03-19T06:57:45.000Z","volume":1500,"label":" ","price":43.85},{"type":"U","date":"2018-03-19T06:58:10.000Z","volume":1000,"label":"X","price":43.9},{"type":"A","date":"2018-03-19T06:58:45.000Z","volume":1000,"label":" ","price":43.9},{"type":"B","date":"2018-03-19T06:58:50.000Z","volume":3000,"label":" ","price":43.85},{"type":"A","date":"2018-03-19T06:58:50.000Z","volume":500,"label":" ","price":43.9},{"type":"U","date":"2018-03-19T06:58:50.000Z","volume":500,"label":"X","price":43.9},{"type":"A","date":"2018-03-19T06:58:50.000Z","volume":500,"label":" ","price":43.9},{"type":"B","date":"2018-03-19T06:58:53.000Z","volume":500,"label":" ","price":43.8},{"type":"B","date":"2018-03-19T06:59:29.000Z","volume":500,"label":" ","price":43.8},{"type":"A","date":"2018-03-19T06:59:29.000Z","volume":500,"label":" ","price":43.85},{"type":"A","date":"2018-03-19T06:59:39.000Z","volume":5000,"label":" ","price":43.85},{"type":"A","date":"2018-03-19T06:59:39.000Z","volume":500,"label":" ","price":43.85},{"type":"A","date":"2018-03-19T06:59:39.000Z","volume":500,"label":"Y","price":43.85},{"type":"A","date":"2018-03-19T07:01:06.000Z","volume":1000,"label":" ","price":43.85},{"type":"A","date":"2018-03-19T07:01:08.000Z","volume":500,"label":" ","price":43.85},{"type":"A","date":"2018-03-19T07:01:32.000Z","volume":500,"label":" ","price":43.85},{"type":"A","date":"2018-03-19T07:02:37.000Z","volume":1000,"label":" ","price":43.85},{"type":"A","date":"2018-03-19T07:02:47.000Z","volume":500,"label":" ","price":43.85},{"type":"B","date":"2018-03-19T07:03:48.000Z","volume":500,"label":" ","price":43.8},{"type":"B","date":"2018-03-19T07:03:50.000Z","volume":500,"label":"Y","price":43.8},{"type":"A","date":"2018-03-19T07:04:05.000Z","volume":3000,"label":" ","price":43.85},{"type":"B","date":"2018-03-19T07:04:05.000Z","volume":1000,"label":" ","price":43.85},{"type":"A","date":"2018-03-19T07:04:05.000Z","volume":500,"label":" ","price":43.9},{"type":"A","date":"2018-03-19T07:04:42.000Z","volume":1000,"label":" ","price":43.9},{"type":"A","date":"2018-03-19T07:04:42.000Z","volume":500,"label":" ","price":43.9},{"type":"A","date":"2018-03-19T07:04:42.000Z","volume":500,"label":" ","price":43.9},{"type":"A","date":"2018-03-19T07:04:46.000Z","volume":500,"label":" ","price":43.9},{"type":"A","date":"2018-03-19T07:04:51.000Z","volume":500,"label":" ","price":43.9},{"type":"B","date":"2018-03-19T07:05:17.000Z","volume":5000,"label":" ","price":43.9},{"type":"A","date":"2018-03-19T07:05:17.000Z","volume":500,"label":" ","price":43.95},{"type":"A","date":"2018-03-19T07:05:30.000Z","volume":500,"label":" ","price":43.95},{"type":"B","date":"2018-03-19T07:05:34.000Z","volume":500,"label":" ","price":43.9},{"type":"B","date":"2018-03-19T07:05:57.000Z","volume":2000,"label":" ","price":43.9},{"type":"A","date":"2018-03-19T07:05:57.000Z","volume":500,"label":"Y","price":43.95},{"type":"A","date":"2018-03-19T07:06:07.000Z","volume":7000,"label":" ","price":43.95},{"type":"A","date":"2018-03-19T07:06:07.000Z","volume":26500,"label":" ","price":44},{"type":"A","date":"2018-03-19T07:06:07.000Z","volume":500,"label":" ","price":44},{"type":"B","date":"2018-03-19T07:06:07.000Z","volume":9000,"label":" ","price":44},{"type":"A","date":"2018-03-19T07:06:09.000Z","volume":4500,"label":" ","price":44.05},{"type":"B","date":"2018-03-19T07:06:10.000Z","volume":32000,"label":" ","price":44},{"type":"B","date":"2018-03-19T07:06:10.000Z","volume":5500,"label":" ","price":44},{"type":"B","date":"2018-03-19T07:06:10.000Z","volume":500,"label":"Y","price":44},{"type":"B","date":"2018-03-19T07:06:10.000Z","volume":14500,"label":" ","price":44},{"type":"A","date":"2018-03-19T07:06:10.000Z","volume":2500,"label":" ","price":44.05},{"type":"B","date":"2018-03-19T07:06:12.000Z","volume":1500,"label":"Y","price":43.85},{"type":"B","date":"2018-03-19T07:06:12.000Z","volume":1000,"label":" ","price":43.85},{"type":"A","date":"2018-03-19T07:07:16.000Z","volume":1000,"label":" ","price":43.95},{"type":"B","date":"2018-03-19T07:08:26.000Z","volume":3000,"label":" ","price":43.9},{"type":"A","date":"2018-03-19T07:08:26.000Z","volume":1000,"label":" ","price":43.9},{"type":"B","date":"2018-03-19T07:08:28.000Z","volume":500,"label":"Y","price":43.85},{"type":"U","date":"2018-03-19T07:08:48.000Z","volume":33,"label":"D","price":43.9},{"type":"B","date":"2018-03-19T07:09:13.000Z","volume":1000,"label":" ","price":43.85},{"type":"A","date":"2018-03-19T07:11:00.000Z","volume":500,"label":" ","price":43.9},{"type":"A","date":"2018-03-19T07:11:53.000Z","volume":1000,"label":" ","price":43.9},{"type":"B","date":"2018-03-19T07:11:54.000Z","volume":500,"label":"Y","price":43.85},{"type":"A","date":"2018-03-19T07:13:04.000Z","volume":500,"label":" ","price":43.9},{"type":"A","date":"2018-03-19T07:13:27.000Z","volume":500,"label":" ","price":43.9},{"type":"U","date":"2018-03-19T07:13:27.000Z","volume":1000,"label":"X","price":43.9},{"type":"B","date":"2018-03-19T07:14:20.000Z","volume":1000,"label":" ","price":43.85},{"type":"B","date":"2018-03-19T07:14:50.000Z","volume":500,"label":" ","price":43.85},{"type":"A","date":"2018-03-19T07:15:13.000Z","volume":1500,"label":" ","price":43.9},{"type":"A","date":"2018-03-19T07:15:21.000Z","volume":1000,"label":" ","price":43.9},{"type":"A","date":"2018-03-19T07:15:27.000Z","volume":500,"label":" ","price":43.9},{"type":"A","date":"2018-03-19T07:16:36.000Z","volume":1000,"label":" ","price":43.9},{"type":"A","date":"2018-03-19T07:16:59.000Z","volume":1000,"label":" ","price":43.9},{"type":"B","date":"2018-03-19T07:17:17.000Z","volume":1000,"label":" ","price":43.85},{"type":"B","date":"2018-03-19T07:18:18.000Z","volume":5000,"label":" ","price":43.85},{"type":"B","date":"2018-03-19T07:18:20.000Z","volume":500,"label":"Y","price":43.85},{"type":"A","date":"2018-03-19T07:19:11.000Z","volume":500,"label":" ","price":43.9},{"type":"B","date":"2018-03-19T07:19:55.000Z","volume":1500,"label":" ","price":43.85},{"type":"A","date":"2018-03-19T07:19:58.000Z","volume":1000,"label":" ","price":43.9},{"type":"A","date":"2018-03-19T07:19:59.000Z","volume":500,"label":" ","price":43.9},{"type":"A","date":"2018-03-19T07:20:12.000Z","volume":500,"label":" ","price":43.9},{"type":"B","date":"2018-03-19T07:20:15.000Z","volume":500,"label":" ","price":43.85},{"type":"B","date":"2018-03-19T07:20:29.000Z","volume":500,"label":" ","price":43.85},{"type":"A","date":"2018-03-19T07:20:39.000Z","volume":10000,"label":" ","price":43.9},{"type":"A","date":"2018-03-19T07:20:39.000Z","volume":1000,"label":" ","price":43.9},{"type":"A","date":"2018-03-19T07:20:39.000Z","volume":1000,"label":" ","price":43.9},{"type":"A","date":"2018-03-19T07:20:48.000Z","volume":1500,"label":" ","price":43.95},{"type":"A","date":"2018-03-19T07:21:56.000Z","volume":500,"label":" ","price":43.95},{"type":"A","date":"2018-03-19T07:22:16.000Z","volume":5000,"label":" ","price":43.95},{"type":"U","date":"2018-03-19T07:22:16.000Z","volume":500,"label":"Y","price":43.95},{"type":"A","date":"2018-03-19T07:22:16.000Z","volume":500,"label":" ","price":44},{"type":"A","date":"2018-03-19T07:22:16.000Z","volume":1000,"label":" ","price":44},{"type":"A","date":"2018-03-19T07:22:16.000Z","volume":500,"label":"Y","price":43.95},{"type":"B","date":"2018-03-19T07:22:25.000Z","volume":2500,"label":" ","price":43.95},{"type":"B","date":"2018-03-19T07:22:27.000Z","volume":1000,"label":"Y","price":43.95},{"type":"A","date":"2018-03-19T07:22:38.000Z","volume":2500,"label":"Y","price":44},{"type":"A","date":"2018-03-19T07:22:38.000Z","volume":500,"label":" ","price":44},{"type":"A","date":"2018-03-19T07:22:40.000Z","volume":500,"label":" ","price":44},{"type":"B","date":"2018-03-19T07:22:59.000Z","volume":1000,"label":" ","price":43.95},{"type":"B","date":"2018-03-19T07:23:00.000Z","volume":500,"label":"Y","price":43.95},{"type":"A","date":"2018-03-19T07:23:13.000Z","volume":1000,"label":" ","price":44},{"type":"B","date":"2018-03-19T07:23:16.000Z","volume":500,"label":"Y","price":43.95},{"type":"A","date":"2018-03-19T07:23:30.000Z","volume":500,"label":"Y","price":44},{"type":"A","date":"2018-03-19T07:24:06.000Z","volume":500,"label":" ","price":44},{"type":"U","date":"2018-03-19T07:24:06.000Z","volume":1000,"label":"X","price":44},{"type":"B","date":"2018-03-19T07:24:16.000Z","volume":5000,"label":" ","price":43.95},{"type":"B","date":"2018-03-19T07:24:16.000Z","volume":500,"label":"Y","price":43.95},{"type":"B","date":"2018-03-19T07:24:16.000Z","volume":1500,"label":" ","price":43.95},{"type":"B","date":"2018-03-19T07:24:16.000Z","volume":500,"label":"Y","price":43.95},{"type":"A","date":"2018-03-19T07:24:39.000Z","volume":500,"label":" ","price":44},{"type":"A","date":"2018-03-19T07:24:43.000Z","volume":4000,"label":" ","price":44},{"type":"B","date":"2018-03-19T07:25:07.000Z","volume":2000,"label":" ","price":43.95},{"type":"B","date":"2018-03-19T07:25:09.000Z","volume":500,"label":" ","price":43.95},{"type":"B","date":"2018-03-19T07:25:09.000Z","volume":500,"label":" ","price":43.95},{"type":"U","date":"2018-03-19T07:25:22.000Z","volume":500,"label":"X","price":44},{"type":"B","date":"2018-03-19T07:25:28.000Z","volume":2000,"label":" ","price":43.95},{"type":"B","date":"2018-03-19T07:25:28.000Z","volume":1000,"label":"Y","price":43.95},{"type":"B","date":"2018-03-19T07:25:29.000Z","volume":500,"label":"Y","price":43.95},{"type":"B","date":"2018-03-19T07:26:00.000Z","volume":1000,"label":" ","price":43.95},{"type":"B","date":"2018-03-19T07:26:00.000Z","volume":500,"label":" ","price":43.95},{"type":"B","date":"2018-03-19T07:26:00.000Z","volume":500,"label":" ","price":43.95},{"type":"B","date":"2018-03-19T07:26:01.000Z","volume":500,"label":"Y","price":43.95},{"type":"B","date":"2018-03-19T07:26:10.000Z","volume":4500,"label":" ","price":43.95},{"type":"B","date":"2018-03-19T07:26:10.000Z","volume":500,"label":"Y","price":43.9},{"type":"B","date":"2018-03-19T07:26:13.000Z","volume":1000,"label":" ","price":43.9},{"type":"B","date":"2018-03-19T07:28:10.000Z","volume":500,"label":" ","price":43.9},{"type":"A","date":"2018-03-19T07:29:03.000Z","volume":500,"label":" ","price":43.95},{"type":"B","date":"2018-03-19T07:29:03.000Z","volume":500,"label":"Y","price":43.9},{"type":"A","date":"2018-03-19T07:30:15.000Z","volume":1000,"label":" ","price":43.95},{"type":"A","date":"2018-03-19T07:30:25.000Z","volume":500,"label":" ","price":43.95},{"type":"B","date":"2018-03-19T07:30:34.000Z","volume":500,"label":" ","price":43.9},{"type":"A","date":"2018-03-19T07:30:38.000Z","volume":1000,"label":"Y","price":43.95},{"type":"A","date":"2018-03-19T07:30:38.000Z","volume":2000,"label":" ","price":43.95},{"type":"B","date":"2018-03-19T07:30:43.000Z","volume":2500,"label":" ","price":43.9},{"type":"A","date":"2018-03-19T07:30:46.000Z","volume":500,"label":" ","price":43.95},{"type":"B","date":"2018-03-19T07:30:47.000Z","volume":500,"label":" ","price":43.9},{"type":"A","date":"2018-03-19T07:31:50.000Z","volume":27500,"label":" ","price":43.95},{"type":"B","date":"2018-03-19T07:31:50.000Z","volume":500,"label":" ","price":43.95},{"type":"B","date":"2018-03-19T07:31:50.000Z","volume":1500,"label":" ","price":43.9},{"type":"A","date":"2018-03-19T07:31:50.000Z","volume":1500,"label":"Y","price":43.95},{"type":"A","date":"2018-03-19T07:31:50.000Z","volume":500,"label":"Y","price":43.95},{"type":"A","date":"2018-03-19T07:31:50.000Z","volume":500,"label":" ","price":43.95},{"type":"A","date":"2018-03-19T07:31:50.000Z","volume":3000,"label":" ","price":43.95},{"type":"B","date":"2018-03-19T07:31:51.000Z","volume":500,"label":" ","price":43.95},{"type":"B","date":"2018-03-19T07:32:22.000Z","volume":4500,"label":" ","price":43.95},{"type":"B","date":"2018-03-19T07:32:22.000Z","volume":500,"label":"Y","price":43.9},{"type":"B","date":"2018-03-19T07:33:18.000Z","volume":1500,"label":" ","price":43.9},{"type":"A","date":"2018-03-19T07:34:10.000Z","volume":1000,"label":" ","price":43.95},{"type":"B","date":"2018-03-19T07:34:10.000Z","volume":500,"label":"Y","price":43.9},{"type":"A","date":"2018-03-19T07:34:38.000Z","volume":500,"label":"Y","price":43.95},{"type":"A","date":"2018-03-19T07:35:15.000Z","volume":1500,"label":" ","price":43.95},{"type":"A","date":"2018-03-19T07:35:28.000Z","volume":1000,"label":" ","price":43.95},{"type":"B","date":"2018-03-19T07:35:29.000Z","volume":500,"label":"Y","price":43.9},{"type":"B","date":"2018-03-19T07:35:29.000Z","volume":1000,"label":" ","price":43.9},{"type":"B","date":"2018-03-19T07:35:30.000Z","volume":500,"label":" ","price":43.9},{"type":"B","date":"2018-03-19T07:36:32.000Z","volume":500,"label":" ","price":43.9},{"type":"B","date":"2018-03-19T07:36:32.000Z","volume":1500,"label":" ","price":43.9},{"type":"B","date":"2018-03-19T07:36:35.000Z","volume":500,"label":"Y","price":43.9},{"type":"B","date":"2018-03-19T07:36:36.000Z","volume":8500,"label":" ","price":43.9},{"type":"B","date":"2018-03-19T07:36:37.000Z","volume":1000,"label":"Y","price":43.85},{"type":"A","date":"2018-03-19T07:37:34.000Z","volume":500,"label":" ","price":43.9},{"type":"B","date":"2018-03-19T07:37:34.000Z","volume":500,"label":"Y","price":43.85},{"type":"A","date":"2018-03-19T07:37:53.000Z","volume":1500,"label":" ","price":43.9},{"type":"A","date":"2018-03-19T07:38:36.000Z","volume":1000,"label":" ","price":43.9},{"type":"B","date":"2018-03-19T07:38:42.000Z","volume":500,"label":" ","price":43.85},{"type":"B","date":"2018-03-19T07:39:01.000Z","volume":2000,"label":" ","price":43.85},{"type":"B","date":"2018-03-19T07:39:03.000Z","volume":500,"label":" ","price":43.85},{"type":"A","date":"2018-03-19T07:39:09.000Z","volume":500,"label":" ","price":43.9},{"type":"A","date":"2018-03-19T07:39:13.000Z","volume":1000,"label":" ","price":43.9},{"type":"B","date":"2018-03-19T07:39:14.000Z","volume":500,"label":" ","price":43.85},{"type":"B","date":"2018-03-19T07:39:30.000Z","volume":500,"label":" ","price":43.85},{"type":"A","date":"2018-03-19T07:40:49.000Z","volume":1500,"label":" ","price":43.9},{"type":"B","date":"2018-03-19T07:41:40.000Z","volume":1500,"label":" ","price":43.85},{"type":"B","date":"2018-03-19T07:41:40.000Z","volume":500,"label":"Y","price":43.85},{"type":"B","date":"2018-03-19T07:41:44.000Z","volume":2500,"label":"Y","price":43.85},{"type":"B","date":"2018-03-19T07:41:44.000Z","volume":7500,"label":" ","price":43.85},{"type":"B","date":"2018-03-19T07:41:44.000Z","volume":1500,"label":" ","price":43.85},{"type":"B","date":"2018-03-19T07:41:44.000Z","volume":1500,"label":" ","price":43.85},{"type":"B","date":"2018-03-19T07:41:50.000Z","volume":500,"label":"Y","price":43.85},{"type":"B","date":"2018-03-19T07:41:50.000Z","volume":500,"label":" ","price":43.85},{"type":"A","date":"2018-03-19T07:41:50.000Z","volume":500,"label":"Y","price":43.85},{"type":"A","date":"2018-03-19T07:42:11.000Z","volume":1000,"label":" ","price":43.85},{"type":"A","date":"2018-03-19T07:42:16.000Z","volume":13000,"label":" ","price":43.85},{"type":"B","date":"2018-03-19T07:43:11.000Z","volume":500,"label":" ","price":43.85},{"type":"B","date":"2018-03-19T07:43:43.000Z","volume":500,"label":" ","price":43.85},{"type":"B","date":"2018-03-19T07:43:55.000Z","volume":1500,"label":" ","price":43.85},{"type":"A","date":"2018-03-19T07:44:36.000Z","volume":500,"label":" ","price":43.9},{"type":"A","date":"2018-03-19T07:45:53.000Z","volume":2000,"label":" ","price":43.9},{"type":"B","date":"2018-03-19T07:46:38.000Z","volume":2500,"label":" ","price":43.85},{"type":"B","date":"2018-03-19T07:47:12.000Z","volume":5000,"label":" ","price":43.85},{"type":"A","date":"2018-03-19T07:47:30.000Z","volume":500,"label":" ","price":43.9},{"type":"B","date":"2018-03-19T07:47:57.000Z","volume":5500,"label":"Y","price":43.85},{"type":"B","date":"2018-03-19T07:47:57.000Z","volume":13500,"label":" ","price":43.85},{"type":"B","date":"2018-03-19T07:48:45.000Z","volume":500,"label":"Y","price":43.8},{"type":"A","date":"2018-03-19T07:49:01.000Z","volume":500,"label":" ","price":43.85},{"type":"B","date":"2018-03-19T07:49:20.000Z","volume":2500,"label":" ","price":43.8},{"type":"B","date":"2018-03-19T07:49:39.000Z","volume":500,"label":" ","price":43.8},{"type":"B","date":"2018-03-19T07:50:34.000Z","volume":500,"label":" ","price":43.8},{"type":"B","date":"2018-03-19T07:51:26.000Z","volume":2000,"label":" ","price":43.8},{"type":"B","date":"2018-03-19T07:51:26.000Z","volume":500,"label":" ","price":43.8},{"type":"B","date":"2018-03-19T07:51:26.000Z","volume":1000,"label":" ","price":43.8},{"type":"B","date":"2018-03-19T07:51:34.000Z","volume":500,"label":" ","price":43.75},{"type":"B","date":"2018-03-19T07:51:41.000Z","volume":1000,"label":" ","price":43.75},{"type":"B","date":"2018-03-19T07:51:50.000Z","volume":500,"label":" ","price":43.8},{"type":"B","date":"2018-03-19T07:52:15.000Z","volume":5000,"label":" ","price":43.8},{"type":"B","date":"2018-03-19T07:52:15.000Z","volume":1000,"label":" ","price":43.8},{"type":"B","date":"2018-03-19T07:52:15.000Z","volume":3000,"label":" ","price":43.8},{"type":"B","date":"2018-03-19T07:52:16.000Z","volume":1000,"label":" ","price":43.8},{"type":"B","date":"2018-03-19T07:52:30.000Z","volume":500,"label":" ","price":43.8},{"type":"B","date":"2018-03-19T07:52:47.000Z","volume":1000,"label":" ","price":43.8},{"type":"B","date":"2018-03-19T07:53:04.000Z","volume":500,"label":" ","price":43.75},{"type":"B","date":"2018-03-19T07:53:06.000Z","volume":500,"label":" ","price":43.75},{"type":"B","date":"2018-03-19T07:53:26.000Z","volume":500,"label":" ","price":43.75},{"type":"A","date":"2018-03-19T07:53:30.000Z","volume":2500,"label":" ","price":43.8},{"type":"B","date":"2018-03-19T07:53:39.000Z","volume":500,"label":" ","price":43.75},{"type":"B","date":"2018-03-19T07:53:43.000Z","volume":3000,"label":" ","price":43.75},{"type":"B","date":"2018-03-19T07:54:05.000Z","volume":3500,"label":" ","price":43.75},{"type":"B","date":"2018-03-19T07:54:09.000Z","volume":500,"label":" ","price":43.75},{"type":"B","date":"2018-03-19T07:54:09.000Z","volume":500,"label":" ","price":43.75},{"type":"B","date":"2018-03-19T07:54:27.000Z","volume":2000,"label":" ","price":43.75},{"type":"B","date":"2018-03-19T07:54:27.000Z","volume":1000,"label":" ","price":43.75},{"type":"B","date":"2018-03-19T07:54:27.000Z","volume":500,"label":"Y","price":43.75},{"type":"B","date":"2018-03-19T07:54:27.000Z","volume":500,"label":" ","price":43.75},{"type":"B","date":"2018-03-19T07:54:29.000Z","volume":500,"label":" ","price":43.75},{"type":"B","date":"2018-03-19T07:54:29.000Z","volume":500,"label":" ","price":43.75},{"type":"B","date":"2018-03-19T07:54:51.000Z","volume":500,"label":" ","price":43.7},{"type":"B","date":"2018-03-19T07:54:51.000Z","volume":1500,"label":" ","price":43.7},{"type":"B","date":"2018-03-19T07:54:57.000Z","volume":1000,"label":" ","price":43.7},{"type":"B","date":"2018-03-19T07:55:03.000Z","volume":500,"label":" ","price":43.7},{"type":"A","date":"2018-03-19T07:55:04.000Z","volume":500,"label":" ","price":43.75},{"type":"B","date":"2018-03-19T07:55:05.000Z","volume":1000,"label":" ","price":43.7},{"type":"B","date":"2018-03-19T07:55:11.000Z","volume":3000,"label":" ","price":43.7},{"type":"B","date":"2018-03-19T07:55:31.000Z","volume":500,"label":" ","price":43.7},{"type":"B","date":"2018-03-19T07:55:37.000Z","volume":3500,"label":" ","price":43.7},{"type":"B","date":"2018-03-19T07:55:37.000Z","volume":1000,"label":" ","price":43.7},{"type":"B","date":"2018-03-19T07:55:53.000Z","volume":3500,"label":" ","price":43.7},{"type":"B","date":"2018-03-19T07:55:53.000Z","volume":500,"label":" ","price":43.7},{"type":"B","date":"2018-03-19T07:55:54.000Z","volume":500,"label":" ","price":43.7},{"type":"B","date":"2018-03-19T07:56:09.000Z","volume":1000,"label":" ","price":43.7},{"type":"B","date":"2018-03-19T07:56:15.000Z","volume":3500,"label":" ","price":43.7},{"type":"B","date":"2018-03-19T07:56:19.000Z","volume":5000,"label":" ","price":43.7},{"type":"B","date":"2018-03-19T07:56:25.000Z","volume":500,"label":" ","price":43.7},{"type":"B","date":"2018-03-19T07:56:39.000Z","volume":3500,"label":" ","price":43.7},{"type":"B","date":"2018-03-19T07:56:39.000Z","volume":500,"label":" ","price":43.7},{"type":"B","date":"2018-03-19T07:56:42.000Z","volume":500,"label":" ","price":43.7},{"type":"B","date":"2018-03-19T07:56:57.000Z","volume":1000,"label":" ","price":43.7},{"type":"B","date":"2018-03-19T07:56:57.000Z","volume":500,"label":" ","price":43.65},{"type":"B","date":"2018-03-19T07:56:57.000Z","volume":2000,"label":" ","price":43.65},{"type":"A","date":"2018-03-19T07:56:58.000Z","volume":11000,"label":" ","price":43.7},{"type":"A","date":"2018-03-19T07:57:08.000Z","volume":500,"label":" ","price":43.75},{"type":"B","date":"2018-03-19T07:57:17.000Z","volume":1500,"label":" ","price":43.65},{"type":"B","date":"2018-03-19T07:57:17.000Z","volume":500,"label":" ","price":43.65},{"type":"B","date":"2018-03-19T07:57:41.000Z","volume":4000,"label":" ","price":43.65},{"type":"B","date":"2018-03-19T07:57:50.000Z","volume":500,"label":" ","price":43.65},{"type":"B","date":"2018-03-19T07:57:56.000Z","volume":500,"label":" ","price":43.65},{"type":"A","date":"2018-03-19T07:57:59.000Z","volume":1000,"label":" ","price":43.7},{"type":"U","date":"2018-03-19T07:57:59.000Z","volume":1500,"label":"X","price":43.7},{"type":"B","date":"2018-03-19T07:58:01.000Z","volume":2500,"label":" ","price":43.65},{"type":"A","date":"2018-03-19T07:58:01.000Z","volume":500,"label":"Y","price":43.7},{"type":"A","date":"2018-03-19T07:58:01.000Z","volume":6500,"label":" ","price":43.7},{"type":"A","date":"2018-03-19T07:58:01.000Z","volume":500,"label":" ","price":43.75},{"type":"B","date":"2018-03-19T07:58:01.000Z","volume":500,"label":" ","price":43.65},{"type":"A","date":"2018-03-19T07:58:42.000Z","volume":500,"label":" ","price":43.75},{"type":"B","date":"2018-03-19T07:58:43.000Z","volume":3000,"label":" ","price":43.7},{"type":"B","date":"2018-03-19T07:58:43.000Z","volume":1000,"label":" ","price":43.7},{"type":"B","date":"2018-03-19T07:58:47.000Z","volume":500,"label":" ","price":43.7},{"type":"A","date":"2018-03-19T07:58:53.000Z","volume":11500,"label":" ","price":43.75},{"type":"B","date":"2018-03-19T07:58:54.000Z","volume":500,"label":" ","price":43.7},{"type":"B","date":"2018-03-19T07:58:55.000Z","volume":2000,"label":" ","price":43.65},{"type":"B","date":"2018-03-19T07:59:06.000Z","volume":1000,"label":" ","price":43.65},{"type":"A","date":"2018-03-19T07:59:11.000Z","volume":500,"label":" ","price":43.75},{"type":"B","date":"2018-03-19T07:59:30.000Z","volume":1000,"label":" ","price":43.65},{"type":"B","date":"2018-03-19T07:59:34.000Z","volume":1500,"label":" ","price":43.65},{"type":"B","date":"2018-03-19T07:59:41.000Z","volume":500,"label":" ","price":43.65},{"type":"B","date":"2018-03-19T07:59:44.000Z","volume":500,"label":" ","price":43.65},{"type":"B","date":"2018-03-19T07:59:50.000Z","volume":500,"label":" ","price":43.65},{"type":"U","date":"2018-03-19T08:08:17.000Z","volume":83000,"label":"U","price":43.7}]