[{"type":"A","date":"2018-03-14T07:58:19.000Z","volume":119500,"price":2.26,"category":"ubbull"},{"type":"A","date":"2018-03-14T07:58:18.000Z","volume":119000,"price":2.26,"category":"ubbull"},{"type":"A","date":"2018-03-14T07:58:14.000Z","volume":126500,"price":2.26,"category":"ubbull"},{"type":"A","date":"2018-03-14T07:55:03.000Z","volume":100000,"price":2.26,"category":"ubbull"},{"type":"A","date":"2018-03-14T07:50:15.000Z","volume":54500,"price":2.26,"category":"ubbull"},{"type":"A","date":"2018-03-14T07:50:15.000Z","volume":43500,"price":2.26,"category":"ubbull"},{"type":"A","date":"2018-03-14T07:40:05.000Z","volume":40000,"price":2.26,"category":"ubbull"},{"type":"A","date":"2018-03-14T07:32:47.000Z","volume":58500,"price":2.25,"category":"ubbull"},{"type":"A","date":"2018-03-14T07:32:47.000Z","volume":47500,"price":2.25,"category":"ubbull"},{"type":"A","date":"2018-03-14T07:32:47.000Z","volume":64500,"price":2.25,"category":"ubbull"},{"type":"A","date":"2018-03-14T07:32:47.000Z","volume":200000,"price":2.25,"category":"ubbull"},{"type":"A","date":"2018-03-14T07:32:18.000Z","volume":39000,"price":2.25,"category":"ubbull"},{"type":"A","date":"2018-03-14T07:23:50.000Z","volume":100000,"price":2.25,"category":"ubbull"},{"type":"A","date":"2018-03-14T06:58:20.000Z","volume":52500,"price":2.26,"category":"ubbull"},{"type":"A","date":"2018-03-14T06:31:54.000Z","volume":164500,"price":2.27,"category":"ubbull"},{"type":"A","date":"2018-03-14T06:31:54.000Z","volume":50000,"price":2.27,"category":"ubbull"},{"type":"A","date":"2018-03-14T06:14:14.000Z","volume":100000,"price":2.27,"category":"ubbull"},{"type":"A","date":"2018-03-14T05:45:49.000Z","volume":50000,"price":2.26,"category":"ubbull"},{"type":"A","date":"2018-03-14T05:42:39.000Z","volume":100000,"price":2.26,"category":"ubbull"},{"type":"A","date":"2018-03-14T05:42:31.000Z","volume":300000,"price":2.26,"category":"ubbull"},{"type":"A","date":"2018-03-14T05:26:13.000Z","volume":32500,"price":2.27,"category":"ubbull"},{"type":"A","date":"2018-03-14T05:25:36.000Z","volume":35000,"price":2.27,"category":"ubbull"},{"type":"A","date":"2018-03-14T03:47:17.000Z","volume":50000,"price":2.27,"category":"ubbull"},{"type":"A","date":"2018-03-14T03:44:30.000Z","volume":222500,"price":2.27,"category":"ubbull"},{"type":"A","date":"2018-03-14T03:03:58.000Z","volume":37500,"price":2.29,"category":"ubbull"},{"type":"A","date":"2018-03-14T02:55:20.000Z","volume":138000,"price":2.28,"category":"ubbull"},{"type":"A","date":"2018-03-14T02:36:07.000Z","volume":70000,"price":2.28,"category":"ubbull"},{"type":"A","date":"2018-03-14T02:30:19.000Z","volume":62500,"price":2.27,"category":"ubbull"},{"type":"A","date":"2018-03-14T02:02:54.000Z","volume":68500,"price":2.27,"category":"ubbull"},{"type":"A","date":"2018-03-14T01:59:16.000Z","volume":49500,"price":2.27,"category":"ubbull"},{"type":"A","date":"2018-03-14T01:41:36.000Z","volume":41500,"price":2.29,"category":"ubbull"},{"type":"A","date":"2018-03-14T01:40:56.000Z","volume":193000,"price":2.29,"category":"ubbull"},{"type":"A","date":"2018-03-14T01:39:36.000Z","volume":80000,"price":2.28,"category":"ubbull"},{"type":"A","date":"2018-03-14T01:36:02.000Z","volume":160000,"price":2.28,"category":"ubbull"},{"type":"A","date":"2018-03-14T01:33:02.000Z","volume":31000,"price":2.29,"category":"ubbull"},{"type":"A","date":"2018-03-14T01:33:02.000Z","volume":44000,"price":2.29,"category":"ubbull"},{"type":"A","date":"2018-03-14T07:59:03.000Z","volume":23500,"price":2.27,"category":"bbull"},{"type":"A","date":"2018-03-14T07:55:25.000Z","volume":10000,"price":2.26,"category":"bbull"},{"type":"A","date":"2018-03-14T07:52:41.000Z","volume":13000,"price":2.26,"category":"bbull"},{"type":"A","date":"2018-03-14T07:51:37.000Z","volume":26000,"price":2.26,"category":"bbull"},{"type":"A","date":"2018-03-14T07:51:15.000Z","volume":11000,"price":2.26,"category":"bbull"},{"type":"A","date":"2018-03-14T07:47:44.000Z","volume":20000,"price":2.26,"category":"bbull"},{"type":"A","date":"2018-03-14T07:46:18.000Z","volume":14500,"price":2.26,"category":"bbull"},{"type":"A","date":"2018-03-14T07:13:38.000Z","volume":10000,"price":2.26,"category":"bbull"},{"type":"A","date":"2018-03-14T07:05:17.000Z","volume":30000,"price":2.26,"category":"bbull"},{"type":"A","date":"2018-03-14T07:05:08.000Z","volume":20000,"price":2.26,"category":"bbull"},{"type":"A","date":"2018-03-14T06:14:14.000Z","volume":10500,"price":2.27,"category":"bbull"},{"type":"A","date":"2018-03-14T05:47:15.000Z","volume":28000,"price":2.26,"category":"bbull"},{"type":"A","date":"2018-03-14T05:45:58.000Z","volume":22500,"price":2.26,"category":"bbull"},{"type":"A","date":"2018-03-14T05:45:49.000Z","volume":15000,"price":2.26,"category":"bbull"},{"type":"A","date":"2018-03-14T05:44:48.000Z","volume":30000,"price":2.26,"category":"bbull"},{"type":"A","date":"2018-03-14T05:28:18.000Z","volume":30000,"price":2.27,"category":"bbull"},{"type":"A","date":"2018-03-14T05:27:43.000Z","volume":20000,"price":2.27,"category":"bbull"},{"type":"A","date":"2018-03-14T05:26:02.000Z","volume":20000,"price":2.27,"category":"bbull"},{"type":"A","date":"2018-03-14T05:25:46.000Z","volume":22500,"price":2.27,"category":"bbull"},{"type":"A","date":"2018-03-14T05:25:31.000Z","volume":20000,"price":2.27,"category":"bbull"},{"type":"A","date":"2018-03-14T05:18:02.000Z","volume":10000,"price":2.27,"category":"bbull"},{"type":"A","date":"2018-03-14T05:17:58.000Z","volume":10000,"price":2.27,"category":"bbull"},{"type":"A","date":"2018-03-14T05:00:02.000Z","volume":30000,"price":2.27,"category":"bbull"},{"type":"A","date":"2018-03-14T03:03:46.000Z","volume":12500,"price":2.29,"category":"bbull"},{"type":"A","date":"2018-03-14T02:57:50.000Z","volume":21000,"price":2.29,"category":"bbull"},{"type":"A","date":"2018-03-14T01:49:24.000Z","volume":30000,"price":2.29,"category":"bbull"},{"type":"A","date":"2018-03-14T01:44:59.000Z","volume":14000,"price":2.28,"category":"bbull"},{"type":"A","date":"2018-03-14T01:44:07.000Z","volume":13000,"price":2.28,"category":"bbull"},{"type":"A","date":"2018-03-14T01:41:05.000Z","volume":20000,"price":2.29,"category":"bbull"},{"type":"A","date":"2018-03-14T01:39:36.000Z","volume":12500,"price":2.28,"category":"bbull"},{"type":"A","date":"2018-03-14T01:35:48.000Z","volume":9500,"price":2.27,"category":"bbull"},{"type":"A","date":"2018-03-14T07:59:55.000Z","volume":500,"price":2.27,"category":"rbull"},{"type":"A","date":"2018-03-14T07:59:30.000Z","volume":500,"price":2.27,"category":"rbull"},{"type":"A","date":"2018-03-14T07:59:30.000Z","volume":500,"price":2.27,"category":"rbull"},{"type":"A","date":"2018-03-14T07:59:22.000Z","volume":500,"price":2.27,"category":"rbull"},{"type":"A","date":"2018-03-14T07:59:03.000Z","volume":500,"price":2.27,"category":"rbull"},{"type":"A","date":"2018-03-14T07:59:03.000Z","volume":500,"price":2.27,"category":"rbull"},{"type":"A","date":"2018-03-14T07:59:03.000Z","volume":500,"price":2.27,"category":"rbull"},{"type":"A","date":"2018-03-14T07:58:48.000Z","volume":500,"price":2.27,"category":"rbull"},{"type":"A","date":"2018-03-14T07:58:29.000Z","volume":500,"price":2.27,"category":"rbull"},{"type":"A","date":"2018-03-14T07:58:24.000Z","volume":500,"price":2.27,"category":"rbull"},{"type":"A","date":"2018-03-14T07:58:18.000Z","volume":500,"price":2.26,"category":"rbull"},{"type":"A","date":"2018-03-14T07:58:15.000Z","volume":500,"price":2.26,"category":"rbull"},{"type":"A","date":"2018-03-14T07:58:03.000Z","volume":500,"price":2.26,"category":"rbull"},{"type":"A","date":"2018-03-14T07:58:02.000Z","volume":500,"price":2.26,"category":"rbull"},{"type":"A","date":"2018-03-14T07:55:21.000Z","volume":500,"price":2.26,"category":"rbull"},{"type":"A","date":"2018-03-14T07:50:25.000Z","volume":500,"price":2.26,"category":"rbull"},{"type":"A","date":"2018-03-14T07:38:56.000Z","volume":500,"price":2.26,"category":"rbull"},{"type":"A","date":"2018-03-14T07:35:19.000Z","volume":500,"price":2.26,"category":"rbull"},{"type":"A","date":"2018-03-14T06:51:33.000Z","volume":500,"price":2.27,"category":"rbull"},{"type":"A","date":"2018-03-14T06:35:16.000Z","volume":500,"price":2.28,"category":"rbull"},{"type":"A","date":"2018-03-14T06:31:05.000Z","volume":500,"price":2.27,"category":"rbull"},{"type":"A","date":"2018-03-14T06:18:40.000Z","volume":500,"price":2.27,"category":"rbull"},{"type":"A","date":"2018-03-14T06:06:26.000Z","volume":500,"price":2.27,"category":"rbull"},{"type":"A","date":"2018-03-14T06:04:14.000Z","volume":500,"price":2.27,"category":"rbull"},{"type":"A","date":"2018-03-14T05:45:49.000Z","volume":500,"price":2.26,"category":"rbull"},{"type":"A","date":"2018-03-14T05:45:20.000Z","volume":500,"price":2.26,"category":"rbull"},{"type":"A","date":"2018-03-14T05:34:40.000Z","volume":500,"price":2.27,"category":"rbull"},{"type":"A","date":"2018-03-14T05:34:19.000Z","volume":500,"price":2.27,"category":"rbull"},{"type":"A","date":"2018-03-14T05:33:17.000Z","volume":500,"price":2.27,"category":"rbull"},{"type":"A","date":"2018-03-14T05:29:21.000Z","volume":500,"price":2.27,"category":"rbull"},{"type":"A","date":"2018-03-14T05:26:34.000Z","volume":500,"price":2.27,"category":"rbull"},{"type":"A","date":"2018-03-14T05:20:35.000Z","volume":500,"price":2.27,"category":"rbull"},{"type":"A","date":"2018-03-14T05:20:02.000Z","volume":500,"price":2.27,"category":"rbull"},{"type":"A","date":"2018-03-14T05:18:35.000Z","volume":500,"price":2.27,"category":"rbull"},{"type":"A","date":"2018-03-14T05:15:25.000Z","volume":500,"price":2.27,"category":"rbull"},{"type":"A","date":"2018-03-14T05:14:44.000Z","volume":500,"price":2.27,"category":"rbull"},{"type":"A","date":"2018-03-14T05:10:51.000Z","volume":500,"price":2.27,"category":"rbull"},{"type":"A","date":"2018-03-14T05:09:43.000Z","volume":500,"price":2.27,"category":"rbull"},{"type":"A","date":"2018-03-14T05:07:39.000Z","volume":500,"price":2.27,"category":"rbull"},{"type":"A","date":"2018-03-14T05:04:51.000Z","volume":500,"price":2.27,"category":"rbull"},{"type":"A","date":"2018-03-14T03:59:18.000Z","volume":500,"price":2.27,"category":"rbull"},{"type":"A","date":"2018-03-14T03:58:03.000Z","volume":500,"price":2.27,"category":"rbull"},{"type":"A","date":"2018-03-14T03:58:03.000Z","volume":500,"price":2.27,"category":"rbull"},{"type":"A","date":"2018-03-14T03:15:30.000Z","volume":500,"price":2.29,"category":"rbull"},{"type":"A","date":"2018-03-14T02:46:54.000Z","volume":500,"price":2.28,"category":"rbull"},{"type":"A","date":"2018-03-14T02:30:59.000Z","volume":500,"price":2.27,"category":"rbull"},{"type":"A","date":"2018-03-14T01:48:11.000Z","volume":500,"price":2.29,"category":"rbull"},{"type":"A","date":"2018-03-14T01:44:52.000Z","volume":500,"price":2.28,"category":"rbull"},{"type":"A","date":"2018-03-14T01:40:56.000Z","volume":500,"price":2.29,"category":"rbull"},{"type":"A","date":"2018-03-14T01:35:48.000Z","volume":500,"price":2.27,"category":"rbull"},{"type":"A","date":"2018-03-14T01:35:48.000Z","volume":500,"price":2.27,"category":"rbull"},{"type":"B","date":"2018-03-14T07:47:30.000Z","volume":500,"price":2.25,"category":"rbear"},{"type":"B","date":"2018-03-14T07:19:19.000Z","volume":500,"price":2.24,"category":"rbear"},{"type":"B","date":"2018-03-14T07:12:05.000Z","volume":500,"price":2.25,"category":"rbear"},{"type":"B","date":"2018-03-14T07:03:15.000Z","volume":500,"price":2.25,"category":"rbear"},{"type":"B","date":"2018-03-14T03:36:58.000Z","volume":500,"price":2.26,"category":"rbear"},{"type":"B","date":"2018-03-14T03:19:10.000Z","volume":500,"price":2.28,"category":"rbear"},{"type":"B","date":"2018-03-14T02:19:43.000Z","volume":500,"price":2.27,"category":"rbear"},{"type":"B","date":"2018-03-14T01:50:54.000Z","volume":500,"price":2.27,"category":"rbear"},{"type":"B","date":"2018-03-14T07:58:32.000Z","volume":30000,"price":2.26,"category":"bbear"},{"type":"B","date":"2018-03-14T07:57:48.000Z","volume":10000,"price":2.25,"category":"bbear"},{"type":"B","date":"2018-03-14T07:44:18.000Z","volume":29000,"price":2.25,"category":"bbear"},{"type":"B","date":"2018-03-14T07:43:37.000Z","volume":25000,"price":2.25,"category":"bbear"},{"type":"B","date":"2018-03-14T07:40:45.000Z","volume":30500,"price":2.25,"category":"bbear"},{"type":"B","date":"2018-03-14T07:40:45.000Z","volume":15000,"price":2.25,"category":"bbear"},{"type":"B","date":"2018-03-14T07:23:21.000Z","volume":20000,"price":2.24,"category":"bbear"},{"type":"B","date":"2018-03-14T07:22:44.000Z","volume":10000,"price":2.24,"category":"bbear"},{"type":"B","date":"2018-03-14T06:59:06.000Z","volume":20000,"price":2.25,"category":"bbear"},{"type":"B","date":"2018-03-14T06:53:37.000Z","volume":16500,"price":2.26,"category":"bbear"},{"type":"B","date":"2018-03-14T06:53:37.000Z","volume":10000,"price":2.26,"category":"bbear"},{"type":"B","date":"2018-03-14T06:32:03.000Z","volume":18000,"price":2.27,"category":"bbear"},{"type":"B","date":"2018-03-14T05:38:18.000Z","volume":10000,"price":2.26,"category":"bbear"},{"type":"B","date":"2018-03-14T05:38:09.000Z","volume":15000,"price":2.26,"category":"bbear"},{"type":"B","date":"2018-03-14T03:21:28.000Z","volume":20000,"price":2.26,"category":"bbear"},{"type":"B","date":"2018-03-14T03:20:35.000Z","volume":9500,"price":2.27,"category":"bbear"},{"type":"B","date":"2018-03-14T03:20:16.000Z","volume":20000,"price":2.27,"category":"bbear"},{"type":"B","date":"2018-03-14T03:02:12.000Z","volume":25000,"price":2.28,"category":"bbear"},{"type":"B","date":"2018-03-14T02:24:17.000Z","volume":12000,"price":2.27,"category":"bbear"},{"type":"B","date":"2018-03-14T02:19:43.000Z","volume":25500,"price":2.27,"category":"bbear"},{"type":"B","date":"2018-03-14T02:09:16.000Z","volume":20000,"price":2.27,"category":"bbear"},{"type":"B","date":"2018-03-14T02:01:56.000Z","volume":23500,"price":2.27,"category":"bbear"},{"type":"B","date":"2018-03-14T01:59:25.000Z","volume":27500,"price":2.27,"category":"bbear"},{"type":"B","date":"2018-03-14T01:52:25.000Z","volume":10000,"price":2.26,"category":"bbear"},{"type":"B","date":"2018-03-14T01:50:21.000Z","volume":15000,"price":2.27,"category":"bbear"},{"type":"B","date":"2018-03-14T01:35:34.000Z","volume":10000,"price":2.27,"category":"bbear"},{"type":"B","date":"2018-03-14T01:33:33.000Z","volume":12000,"price":2.29,"category":"bbear"},{"type":"B","date":"2018-03-14T01:31:02.000Z","volume":13500,"price":2.29,"category":"bbear"},{"type":"B","date":"2018-03-14T07:59:12.000Z","volume":84500,"price":2.26,"category":"ubbear"},{"type":"B","date":"2018-03-14T07:43:36.000Z","volume":110000,"price":2.25,"category":"ubbear"},{"type":"B","date":"2018-03-14T07:43:29.000Z","volume":60000,"price":2.25,"category":"ubbear"},{"type":"B","date":"2018-03-14T07:43:28.000Z","volume":119500,"price":2.25,"category":"ubbear"},{"type":"B","date":"2018-03-14T07:40:43.000Z","volume":100000,"price":2.25,"category":"ubbear"},{"type":"B","date":"2018-03-14T07:23:50.000Z","volume":65500,"price":2.24,"category":"ubbear"},{"type":"B","date":"2018-03-14T07:19:19.000Z","volume":58000,"price":2.24,"category":"ubbear"},{"type":"B","date":"2018-03-14T07:18:36.000Z","volume":89000,"price":2.25,"category":"ubbear"},{"type":"B","date":"2018-03-14T07:07:49.000Z","volume":31000,"price":2.25,"category":"ubbear"},{"type":"B","date":"2018-03-14T06:59:07.000Z","volume":37000,"price":2.25,"category":"ubbear"},{"type":"B","date":"2018-03-14T06:53:59.000Z","volume":140500,"price":2.25,"category":"ubbear"},{"type":"B","date":"2018-03-14T06:53:58.000Z","volume":60000,"price":2.25,"category":"ubbear"},{"type":"B","date":"2018-03-14T06:53:37.000Z","volume":203500,"price":2.26,"category":"ubbear"},{"type":"B","date":"2018-03-14T06:53:32.000Z","volume":74500,"price":2.26,"category":"ubbear"},{"type":"B","date":"2018-03-14T06:37:40.000Z","volume":59500,"price":2.27,"category":"ubbear"},{"type":"B","date":"2018-03-14T06:37:40.000Z","volume":50000,"price":2.27,"category":"ubbear"},{"type":"B","date":"2018-03-14T06:18:53.000Z","volume":43500,"price":2.26,"category":"ubbear"},{"type":"B","date":"2018-03-14T05:38:18.000Z","volume":51000,"price":2.26,"category":"ubbear"},{"type":"B","date":"2018-03-14T05:38:09.000Z","volume":65500,"price":2.26,"category":"ubbear"},{"type":"B","date":"2018-03-14T05:34:19.000Z","volume":100000,"price":2.26,"category":"ubbear"},{"type":"B","date":"2018-03-14T03:21:29.000Z","volume":86000,"price":2.26,"category":"ubbear"},{"type":"B","date":"2018-03-14T03:20:35.000Z","volume":56500,"price":2.27,"category":"ubbear"},{"type":"B","date":"2018-03-14T03:20:35.000Z","volume":79500,"price":2.27,"category":"ubbear"},{"type":"B","date":"2018-03-14T03:20:35.000Z","volume":66000,"price":2.27,"category":"ubbear"},{"type":"B","date":"2018-03-14T03:20:19.000Z","volume":47500,"price":2.27,"category":"ubbear"},{"type":"B","date":"2018-03-14T03:19:37.000Z","volume":94500,"price":2.28,"category":"ubbear"},{"type":"B","date":"2018-03-14T03:19:37.000Z","volume":42000,"price":2.28,"category":"ubbear"},{"type":"B","date":"2018-03-14T02:39:15.000Z","volume":60000,"price":2.27,"category":"ubbear"},{"type":"B","date":"2018-03-14T02:10:26.000Z","volume":44000,"price":2.27,"category":"ubbear"},{"type":"B","date":"2018-03-14T02:01:56.000Z","volume":76500,"price":2.27,"category":"ubbear"},{"type":"B","date":"2018-03-14T01:59:14.000Z","volume":68500,"price":2.27,"category":"ubbear"},{"type":"B","date":"2018-03-14T01:59:14.000Z","volume":180000,"price":2.27,"category":"ubbear"},{"type":"B","date":"2018-03-14T01:58:43.000Z","volume":100000,"price":2.27,"category":"ubbear"},{"type":"B","date":"2018-03-14T01:50:52.000Z","volume":61000,"price":2.27,"category":"ubbear"},{"type":"B","date":"2018-03-14T01:50:21.000Z","volume":150000,"price":2.27,"category":"ubbear"},{"type":"B","date":"2018-03-14T01:50:21.000Z","volume":62500,"price":2.27,"category":"ubbear"},{"type":"B","date":"2018-03-14T01:50:21.000Z","volume":60000,"price":2.27,"category":"ubbear"},{"type":"B","date":"2018-03-14T01:49:52.000Z","volume":118500,"price":2.28,"category":"ubbear"},{"type":"B","date":"2018-03-14T01:44:07.000Z","volume":80500,"price":2.28,"category":"ubbear"},{"type":"B","date":"2018-03-14T01:40:37.000Z","volume":97500,"price":2.28,"category":"ubbear"},{"type":"B","date":"2018-03-14T01:35:48.000Z","volume":93500,"price":2.27,"category":"ubbear"},{"type":"B","date":"2018-03-14T01:33:34.000Z","volume":72500,"price":2.28,"category":"ubbear"}]