[{"type":"U","date":"2018-04-19T01:39:19.000Z","volume":1500,"label":"D","price":0.74},{"type":"B","date":"2018-04-19T02:26:07.000Z","volume":100000,"label":" ","price":0.78},{"type":"B","date":"2018-04-19T02:42:47.000Z","volume":5000,"label":" ","price":0.77},{"type":"A","date":"2018-04-19T02:47:14.000Z","volume":30000,"label":" ","price":0.78},{"type":"B","date":"2018-04-19T03:09:44.000Z","volume":10000,"label":" ","price":0.77},{"type":"B","date":"2018-04-19T03:26:45.000Z","volume":25000,"label":"Y","price":0.78},{"type":"U","date":"2018-04-19T03:28:26.000Z","volume":2000,"label":"D","price":0.75},{"type":"B","date":"2018-04-19T03:30:16.000Z","volume":5000,"label":" ","price":0.78},{"type":"A","date":"2018-04-19T03:30:21.000Z","volume":5000,"label":" ","price":0.79},{"type":"A","date":"2018-04-19T03:30:48.000Z","volume":20000,"label":" ","price":0.79},{"type":"B","date":"2018-04-19T03:42:07.000Z","volume":10000,"label":" ","price":0.78},{"type":"B","date":"2018-04-19T03:43:32.000Z","volume":10000,"label":" ","price":0.78},{"type":"B","date":"2018-04-19T03:44:16.000Z","volume":10000,"label":" ","price":0.78},{"type":"B","date":"2018-04-19T03:45:21.000Z","volume":10000,"label":" ","price":0.78},{"type":"B","date":"2018-04-19T03:45:26.000Z","volume":10000,"label":" ","price":0.78},{"type":"A","date":"2018-04-19T03:56:25.000Z","volume":5000,"label":" ","price":0.79},{"type":"B","date":"2018-04-19T06:03:36.000Z","volume":10000,"label":" ","price":0.78},{"type":"B","date":"2018-04-19T06:54:12.000Z","volume":15000,"label":" ","price":0.78},{"type":"B","date":"2018-04-19T06:55:43.000Z","volume":15000,"label":" ","price":0.78},{"type":"B","date":"2018-04-19T07:04:30.000Z","volume":30000,"label":" ","price":0.78},{"type":"B","date":"2018-04-19T07:08:43.000Z","volume":10000,"label":" ","price":0.78},{"type":"B","date":"2018-04-19T07:26:32.000Z","volume":50000,"label":" ","price":0.78},{"type":"B","date":"2018-04-19T07:48:39.000Z","volume":40000,"label":" ","price":0.77},{"type":"A","date":"2018-04-19T07:48:47.000Z","volume":10000,"label":" ","price":0.77},{"type":"A","date":"2018-04-19T07:49:19.000Z","volume":50000,"label":" ","price":0.77},{"type":"A","date":"2018-04-19T07:49:19.000Z","volume":5000,"label":" ","price":0.78}]