[{"type":"A","date":"2018-03-19T07:48:13.000Z","volume":2000000,"price":0.034,"category":"ubbull"},{"type":"A","date":"2018-03-19T05:06:27.000Z","volume":5000000,"price":0.034,"category":"ubbull"},{"type":"A","date":"2018-03-19T05:02:19.000Z","volume":3500000,"price":0.033,"category":"ubbull"},{"type":"A","date":"2018-03-19T03:56:43.000Z","volume":4000000,"price":0.032,"category":"ubbull"},{"type":"A","date":"2018-03-19T03:32:53.000Z","volume":3060000,"price":0.035,"category":"ubbull"},{"type":"A","date":"2018-03-19T03:10:06.000Z","volume":2020000,"price":0.035,"category":"ubbull"},{"type":"A","date":"2018-03-19T02:54:04.000Z","volume":2620000,"price":0.038,"category":"ubbull"},{"type":"A","date":"2018-03-19T02:52:26.000Z","volume":1840000,"price":0.041,"category":"ubbull"},{"type":"A","date":"2018-03-19T02:52:26.000Z","volume":2020000,"price":0.04,"category":"ubbull"},{"type":"A","date":"2018-03-19T02:52:26.000Z","volume":1900000,"price":0.039,"category":"ubbull"},{"type":"A","date":"2018-03-19T02:46:14.000Z","volume":2000000,"price":0.039,"category":"ubbull"},{"type":"A","date":"2018-03-19T02:43:05.000Z","volume":2500000,"price":0.042,"category":"ubbull"},{"type":"A","date":"2018-03-19T02:42:01.000Z","volume":2880000,"price":0.04,"category":"ubbull"},{"type":"A","date":"2018-03-19T02:41:59.000Z","volume":4540000,"price":0.04,"category":"ubbull"},{"type":"A","date":"2018-03-19T02:41:06.000Z","volume":2380000,"price":0.039,"category":"ubbull"},{"type":"A","date":"2018-03-19T02:40:16.000Z","volume":3000000,"price":0.038,"category":"ubbull"},{"type":"A","date":"2018-03-19T02:35:55.000Z","volume":1940000,"price":0.037,"category":"ubbull"},{"type":"A","date":"2018-03-19T02:34:33.000Z","volume":11660000,"price":0.034,"category":"ubbull"},{"type":"A","date":"2018-03-19T02:34:33.000Z","volume":4880000,"price":0.033,"category":"ubbull"},{"type":"A","date":"2018-03-19T02:30:46.000Z","volume":2580000,"price":0.032,"category":"ubbull"},{"type":"A","date":"2018-03-19T02:30:12.000Z","volume":3000000,"price":0.033,"category":"ubbull"},{"type":"A","date":"2018-03-19T02:25:10.000Z","volume":4380000,"price":0.032,"category":"ubbull"},{"type":"A","date":"2018-03-19T02:17:30.000Z","volume":3100000,"price":0.03,"category":"ubbull"},{"type":"A","date":"2018-03-19T07:18:21.000Z","volume":1500000,"price":0.034,"category":"bbull"},{"type":"A","date":"2018-03-19T07:09:42.000Z","volume":1000000,"price":0.034,"category":"bbull"},{"type":"A","date":"2018-03-19T07:05:57.000Z","volume":1640000,"price":0.033,"category":"bbull"},{"type":"A","date":"2018-03-19T06:27:28.000Z","volume":1100000,"price":0.034,"category":"bbull"},{"type":"A","date":"2018-03-19T06:26:05.000Z","volume":1400000,"price":0.033,"category":"bbull"},{"type":"A","date":"2018-03-19T06:22:32.000Z","volume":1000000,"price":0.033,"category":"bbull"},{"type":"A","date":"2018-03-19T06:21:37.000Z","volume":1000000,"price":0.033,"category":"bbull"},{"type":"A","date":"2018-03-19T06:06:53.000Z","volume":940000,"price":0.033,"category":"bbull"},{"type":"A","date":"2018-03-19T05:43:11.000Z","volume":900000,"price":0.032,"category":"bbull"},{"type":"A","date":"2018-03-19T05:28:17.000Z","volume":1000000,"price":0.033,"category":"bbull"},{"type":"A","date":"2018-03-19T05:15:02.000Z","volume":1000000,"price":0.033,"category":"bbull"},{"type":"A","date":"2018-03-19T05:10:16.000Z","volume":1000000,"price":0.033,"category":"bbull"},{"type":"A","date":"2018-03-19T05:07:19.000Z","volume":1400000,"price":0.033,"category":"bbull"},{"type":"A","date":"2018-03-19T05:00:03.000Z","volume":1200000,"price":0.033,"category":"bbull"},{"type":"A","date":"2018-03-19T03:25:04.000Z","volume":1180000,"price":0.035,"category":"bbull"},{"type":"A","date":"2018-03-19T03:22:12.000Z","volume":1020000,"price":0.034,"category":"bbull"},{"type":"A","date":"2018-03-19T02:59:43.000Z","volume":1020000,"price":0.039,"category":"bbull"},{"type":"A","date":"2018-03-19T02:57:19.000Z","volume":1700000,"price":0.038,"category":"bbull"},{"type":"A","date":"2018-03-19T02:55:56.000Z","volume":900000,"price":0.039,"category":"bbull"},{"type":"A","date":"2018-03-19T02:54:04.000Z","volume":1500000,"price":0.038,"category":"bbull"},{"type":"A","date":"2018-03-19T02:52:10.000Z","volume":900000,"price":0.038,"category":"bbull"},{"type":"A","date":"2018-03-19T02:51:28.000Z","volume":1000000,"price":0.038,"category":"bbull"},{"type":"A","date":"2018-03-19T02:51:25.000Z","volume":1200000,"price":0.038,"category":"bbull"},{"type":"A","date":"2018-03-19T02:49:34.000Z","volume":1200000,"price":0.038,"category":"bbull"},{"type":"A","date":"2018-03-19T02:45:59.000Z","volume":1560000,"price":0.039,"category":"bbull"},{"type":"A","date":"2018-03-19T02:43:59.000Z","volume":900000,"price":0.042,"category":"bbull"},{"type":"A","date":"2018-03-19T02:43:50.000Z","volume":1000000,"price":0.043,"category":"bbull"},{"type":"A","date":"2018-03-19T02:43:31.000Z","volume":1500000,"price":0.042,"category":"bbull"},{"type":"A","date":"2018-03-19T02:43:24.000Z","volume":900000,"price":0.043,"category":"bbull"},{"type":"A","date":"2018-03-19T02:43:15.000Z","volume":1000000,"price":0.042,"category":"bbull"},{"type":"A","date":"2018-03-19T02:42:07.000Z","volume":1200000,"price":0.042,"category":"bbull"},{"type":"A","date":"2018-03-19T02:41:41.000Z","volume":1000000,"price":0.039,"category":"bbull"},{"type":"A","date":"2018-03-19T02:36:27.000Z","volume":1000000,"price":0.036,"category":"bbull"},{"type":"A","date":"2018-03-19T02:35:55.000Z","volume":1000000,"price":0.036,"category":"bbull"},{"type":"A","date":"2018-03-19T02:34:59.000Z","volume":1340000,"price":0.037,"category":"bbull"},{"type":"A","date":"2018-03-19T02:34:33.000Z","volume":1220000,"price":0.035,"category":"bbull"},{"type":"A","date":"2018-03-19T07:05:57.000Z","volume":100000,"price":0.033,"category":"rbull"},{"type":"A","date":"2018-03-19T07:03:12.000Z","volume":40000,"price":0.033,"category":"rbull"},{"type":"A","date":"2018-03-19T06:51:38.000Z","volume":80000,"price":0.033,"category":"rbull"},{"type":"A","date":"2018-03-19T06:29:06.000Z","volume":20000,"price":0.034,"category":"rbull"},{"type":"A","date":"2018-03-19T06:08:51.000Z","volume":20000,"price":0.033,"category":"rbull"},{"type":"A","date":"2018-03-19T06:08:37.000Z","volume":40000,"price":0.033,"category":"rbull"},{"type":"A","date":"2018-03-19T05:52:28.000Z","volume":20000,"price":0.032,"category":"rbull"},{"type":"A","date":"2018-03-19T05:51:58.000Z","volume":140000,"price":0.032,"category":"rbull"},{"type":"A","date":"2018-03-19T05:40:20.000Z","volume":20000,"price":0.033,"category":"rbull"},{"type":"A","date":"2018-03-19T05:28:33.000Z","volume":60000,"price":0.033,"category":"rbull"},{"type":"A","date":"2018-03-19T05:21:02.000Z","volume":20000,"price":0.033,"category":"rbull"},{"type":"A","date":"2018-03-19T05:20:43.000Z","volume":20000,"price":0.033,"category":"rbull"},{"type":"A","date":"2018-03-19T05:15:23.000Z","volume":100000,"price":0.033,"category":"rbull"},{"type":"A","date":"2018-03-19T05:15:09.000Z","volume":100000,"price":0.033,"category":"rbull"},{"type":"A","date":"2018-03-19T05:15:08.000Z","volume":100000,"price":0.033,"category":"rbull"},{"type":"A","date":"2018-03-19T05:10:31.000Z","volume":100000,"price":0.033,"category":"rbull"},{"type":"A","date":"2018-03-19T05:09:58.000Z","volume":20000,"price":0.034,"category":"rbull"},{"type":"A","date":"2018-03-19T05:07:33.000Z","volume":100000,"price":0.034,"category":"rbull"},{"type":"A","date":"2018-03-19T05:00:46.000Z","volume":60000,"price":0.033,"category":"rbull"},{"type":"A","date":"2018-03-19T03:57:22.000Z","volume":20000,"price":0.033,"category":"rbull"},{"type":"A","date":"2018-03-19T03:56:43.000Z","volume":140000,"price":0.032,"category":"rbull"},{"type":"A","date":"2018-03-19T03:53:57.000Z","volume":100000,"price":0.032,"category":"rbull"},{"type":"A","date":"2018-03-19T03:52:52.000Z","volume":80000,"price":0.033,"category":"rbull"},{"type":"A","date":"2018-03-19T03:47:38.000Z","volume":20000,"price":0.035,"category":"rbull"},{"type":"A","date":"2018-03-19T03:44:53.000Z","volume":20000,"price":0.035,"category":"rbull"},{"type":"A","date":"2018-03-19T03:43:17.000Z","volume":20000,"price":0.035,"category":"rbull"},{"type":"A","date":"2018-03-19T03:42:25.000Z","volume":20000,"price":0.035,"category":"rbull"},{"type":"A","date":"2018-03-19T03:41:51.000Z","volume":20000,"price":0.035,"category":"rbull"},{"type":"A","date":"2018-03-19T03:40:49.000Z","volume":20000,"price":0.035,"category":"rbull"},{"type":"A","date":"2018-03-19T03:40:43.000Z","volume":20000,"price":0.035,"category":"rbull"},{"type":"A","date":"2018-03-19T03:40:43.000Z","volume":100000,"price":0.034,"category":"rbull"},{"type":"A","date":"2018-03-19T03:34:35.000Z","volume":100000,"price":0.035,"category":"rbull"},{"type":"A","date":"2018-03-19T03:33:43.000Z","volume":40000,"price":0.035,"category":"rbull"},{"type":"A","date":"2018-03-19T03:30:01.000Z","volume":20000,"price":0.035,"category":"rbull"},{"type":"A","date":"2018-03-19T03:27:31.000Z","volume":20000,"price":0.035,"category":"rbull"},{"type":"A","date":"2018-03-19T03:25:15.000Z","volume":120000,"price":0.035,"category":"rbull"},{"type":"A","date":"2018-03-19T03:23:26.000Z","volume":20000,"price":0.035,"category":"rbull"},{"type":"A","date":"2018-03-19T03:21:33.000Z","volume":20000,"price":0.034,"category":"rbull"},{"type":"A","date":"2018-03-19T03:21:04.000Z","volume":20000,"price":0.035,"category":"rbull"},{"type":"A","date":"2018-03-19T03:21:04.000Z","volume":20000,"price":0.034,"category":"rbull"},{"type":"A","date":"2018-03-19T03:20:38.000Z","volume":60000,"price":0.034,"category":"rbull"},{"type":"A","date":"2018-03-19T03:19:10.000Z","volume":20000,"price":0.035,"category":"rbull"},{"type":"A","date":"2018-03-19T03:17:49.000Z","volume":20000,"price":0.036,"category":"rbull"},{"type":"A","date":"2018-03-19T03:17:20.000Z","volume":100000,"price":0.036,"category":"rbull"},{"type":"A","date":"2018-03-19T03:17:00.000Z","volume":20000,"price":0.036,"category":"rbull"},{"type":"A","date":"2018-03-19T03:16:08.000Z","volume":80000,"price":0.035,"category":"rbull"},{"type":"A","date":"2018-03-19T03:15:02.000Z","volume":20000,"price":0.035,"category":"rbull"},{"type":"A","date":"2018-03-19T03:14:58.000Z","volume":40000,"price":0.035,"category":"rbull"},{"type":"A","date":"2018-03-19T03:14:51.000Z","volume":20000,"price":0.035,"category":"rbull"},{"type":"A","date":"2018-03-19T03:14:28.000Z","volume":20000,"price":0.035,"category":"rbull"},{"type":"A","date":"2018-03-19T03:14:20.000Z","volume":20000,"price":0.035,"category":"rbull"},{"type":"A","date":"2018-03-19T03:13:39.000Z","volume":20000,"price":0.036,"category":"rbull"},{"type":"A","date":"2018-03-19T03:12:40.000Z","volume":20000,"price":0.036,"category":"rbull"},{"type":"A","date":"2018-03-19T03:11:51.000Z","volume":20000,"price":0.036,"category":"rbull"},{"type":"A","date":"2018-03-19T03:11:51.000Z","volume":80000,"price":0.035,"category":"rbull"},{"type":"A","date":"2018-03-19T03:11:44.000Z","volume":40000,"price":0.035,"category":"rbull"},{"type":"A","date":"2018-03-19T03:11:36.000Z","volume":20000,"price":0.035,"category":"rbull"},{"type":"A","date":"2018-03-19T03:11:30.000Z","volume":20000,"price":0.035,"category":"rbull"},{"type":"A","date":"2018-03-19T03:11:15.000Z","volume":20000,"price":0.035,"category":"rbull"},{"type":"A","date":"2018-03-19T03:10:06.000Z","volume":80000,"price":0.036,"category":"rbull"},{"type":"A","date":"2018-03-19T03:08:38.000Z","volume":80000,"price":0.036,"category":"rbull"},{"type":"A","date":"2018-03-19T03:07:50.000Z","volume":20000,"price":0.037,"category":"rbull"},{"type":"A","date":"2018-03-19T03:06:54.000Z","volume":120000,"price":0.036,"category":"rbull"},{"type":"A","date":"2018-03-19T03:06:48.000Z","volume":60000,"price":0.036,"category":"rbull"},{"type":"A","date":"2018-03-19T03:06:36.000Z","volume":20000,"price":0.037,"category":"rbull"},{"type":"A","date":"2018-03-19T03:06:36.000Z","volume":60000,"price":0.036,"category":"rbull"},{"type":"A","date":"2018-03-19T03:06:29.000Z","volume":20000,"price":0.037,"category":"rbull"},{"type":"A","date":"2018-03-19T03:05:03.000Z","volume":20000,"price":0.037,"category":"rbull"},{"type":"A","date":"2018-03-19T03:03:23.000Z","volume":60000,"price":0.036,"category":"rbull"},{"type":"A","date":"2018-03-19T03:02:05.000Z","volume":20000,"price":0.036,"category":"rbull"},{"type":"A","date":"2018-03-19T03:01:21.000Z","volume":20000,"price":0.037,"category":"rbull"},{"type":"A","date":"2018-03-19T03:01:21.000Z","volume":40000,"price":0.036,"category":"rbull"},{"type":"A","date":"2018-03-19T03:00:58.000Z","volume":40000,"price":0.037,"category":"rbull"},{"type":"A","date":"2018-03-19T03:00:25.000Z","volume":20000,"price":0.04,"category":"rbull"},{"type":"A","date":"2018-03-19T02:59:57.000Z","volume":20000,"price":0.04,"category":"rbull"},{"type":"A","date":"2018-03-19T02:59:57.000Z","volume":20000,"price":0.039,"category":"rbull"},{"type":"A","date":"2018-03-19T02:59:48.000Z","volume":20000,"price":0.04,"category":"rbull"},{"type":"A","date":"2018-03-19T02:58:46.000Z","volume":20000,"price":0.04,"category":"rbull"},{"type":"A","date":"2018-03-19T02:58:16.000Z","volume":20000,"price":0.04,"category":"rbull"},{"type":"A","date":"2018-03-19T02:57:31.000Z","volume":20000,"price":0.04,"category":"rbull"},{"type":"A","date":"2018-03-19T02:56:12.000Z","volume":20000,"price":0.04,"category":"rbull"},{"type":"A","date":"2018-03-19T02:56:00.000Z","volume":20000,"price":0.04,"category":"rbull"},{"type":"A","date":"2018-03-19T02:55:56.000Z","volume":20000,"price":0.04,"category":"rbull"},{"type":"A","date":"2018-03-19T02:54:52.000Z","volume":20000,"price":0.04,"category":"rbull"},{"type":"A","date":"2018-03-19T02:54:08.000Z","volume":20000,"price":0.04,"category":"rbull"},{"type":"A","date":"2018-03-19T02:54:08.000Z","volume":20000,"price":0.039,"category":"rbull"},{"type":"A","date":"2018-03-19T02:53:57.000Z","volume":20000,"price":0.038,"category":"rbull"},{"type":"A","date":"2018-03-19T02:53:45.000Z","volume":20000,"price":0.041,"category":"rbull"},{"type":"A","date":"2018-03-19T02:53:22.000Z","volume":20000,"price":0.041,"category":"rbull"},{"type":"A","date":"2018-03-19T02:53:22.000Z","volume":40000,"price":0.04,"category":"rbull"},{"type":"A","date":"2018-03-19T02:52:43.000Z","volume":80000,"price":0.041,"category":"rbull"},{"type":"A","date":"2018-03-19T02:52:38.000Z","volume":20000,"price":0.041,"category":"rbull"},{"type":"A","date":"2018-03-19T02:52:26.000Z","volume":40000,"price":0.042,"category":"rbull"},{"type":"A","date":"2018-03-19T02:52:10.000Z","volume":20000,"price":0.039,"category":"rbull"},{"type":"A","date":"2018-03-19T02:50:14.000Z","volume":100000,"price":0.038,"category":"rbull"},{"type":"A","date":"2018-03-19T02:49:34.000Z","volume":40000,"price":0.04,"category":"rbull"},{"type":"A","date":"2018-03-19T02:49:09.000Z","volume":20000,"price":0.04,"category":"rbull"},{"type":"A","date":"2018-03-19T02:47:37.000Z","volume":20000,"price":0.039,"category":"rbull"},{"type":"A","date":"2018-03-19T02:47:31.000Z","volume":100000,"price":0.039,"category":"rbull"},{"type":"A","date":"2018-03-19T02:47:01.000Z","volume":100000,"price":0.039,"category":"rbull"},{"type":"A","date":"2018-03-19T02:46:35.000Z","volume":20000,"price":0.04,"category":"rbull"},{"type":"A","date":"2018-03-19T02:46:26.000Z","volume":20000,"price":0.041,"category":"rbull"},{"type":"A","date":"2018-03-19T02:46:05.000Z","volume":20000,"price":0.042,"category":"rbull"},{"type":"A","date":"2018-03-19T02:45:15.000Z","volume":100000,"price":0.039,"category":"rbull"},{"type":"A","date":"2018-03-19T02:45:12.000Z","volume":20000,"price":0.039,"category":"rbull"},{"type":"A","date":"2018-03-19T02:44:32.000Z","volume":20000,"price":0.042,"category":"rbull"},{"type":"A","date":"2018-03-19T02:44:16.000Z","volume":20000,"price":0.044,"category":"rbull"},{"type":"A","date":"2018-03-19T02:44:07.000Z","volume":20000,"price":0.042,"category":"rbull"},{"type":"A","date":"2018-03-19T02:44:04.000Z","volume":60000,"price":0.042,"category":"rbull"},{"type":"A","date":"2018-03-19T02:44:00.000Z","volume":60000,"price":0.042,"category":"rbull"},{"type":"A","date":"2018-03-19T02:43:50.000Z","volume":20000,"price":0.044,"category":"rbull"},{"type":"A","date":"2018-03-19T02:43:40.000Z","volume":120000,"price":0.042,"category":"rbull"},{"type":"A","date":"2018-03-19T02:43:38.000Z","volume":120000,"price":0.042,"category":"rbull"},{"type":"A","date":"2018-03-19T02:43:24.000Z","volume":20000,"price":0.044,"category":"rbull"},{"type":"A","date":"2018-03-19T02:43:19.000Z","volume":100000,"price":0.043,"category":"rbull"},{"type":"A","date":"2018-03-19T02:43:13.000Z","volume":120000,"price":0.042,"category":"rbull"},{"type":"A","date":"2018-03-19T02:42:55.000Z","volume":20000,"price":0.044,"category":"rbull"},{"type":"A","date":"2018-03-19T02:42:22.000Z","volume":140000,"price":0.045,"category":"rbull"},{"type":"A","date":"2018-03-19T02:42:20.000Z","volume":120000,"price":0.041,"category":"rbull"},{"type":"A","date":"2018-03-19T02:42:18.000Z","volume":60000,"price":0.041,"category":"rbull"},{"type":"A","date":"2018-03-19T02:42:07.000Z","volume":100000,"price":0.043,"category":"rbull"},{"type":"A","date":"2018-03-19T02:42:01.000Z","volume":60000,"price":0.04,"category":"rbull"},{"type":"A","date":"2018-03-19T02:42:00.000Z","volume":100000,"price":0.04,"category":"rbull"},{"type":"A","date":"2018-03-19T02:42:00.000Z","volume":100000,"price":0.04,"category":"rbull"},{"type":"A","date":"2018-03-19T02:41:48.000Z","volume":20000,"price":0.04,"category":"rbull"},{"type":"A","date":"2018-03-19T02:41:15.000Z","volume":20000,"price":0.04,"category":"rbull"},{"type":"A","date":"2018-03-19T02:41:06.000Z","volume":20000,"price":0.04,"category":"rbull"},{"type":"A","date":"2018-03-19T02:40:20.000Z","volume":20000,"price":0.039,"category":"rbull"},{"type":"A","date":"2018-03-19T02:40:20.000Z","volume":20000,"price":0.038,"category":"rbull"},{"type":"A","date":"2018-03-19T02:39:03.000Z","volume":20000,"price":0.038,"category":"rbull"},{"type":"A","date":"2018-03-19T02:38:22.000Z","volume":120000,"price":0.037,"category":"rbull"},{"type":"A","date":"2018-03-19T02:37:52.000Z","volume":20000,"price":0.038,"category":"rbull"},{"type":"A","date":"2018-03-19T02:37:47.000Z","volume":20000,"price":0.037,"category":"rbull"},{"type":"A","date":"2018-03-19T02:37:21.000Z","volume":140000,"price":0.036,"category":"rbull"},{"type":"A","date":"2018-03-19T02:36:27.000Z","volume":100000,"price":0.036,"category":"rbull"},{"type":"A","date":"2018-03-19T02:36:25.000Z","volume":140000,"price":0.036,"category":"rbull"},{"type":"A","date":"2018-03-19T02:36:19.000Z","volume":140000,"price":0.036,"category":"rbull"},{"type":"A","date":"2018-03-19T02:35:55.000Z","volume":140000,"price":0.039,"category":"rbull"},{"type":"A","date":"2018-03-19T02:35:17.000Z","volume":20000,"price":0.039,"category":"rbull"},{"type":"A","date":"2018-03-19T02:34:59.000Z","volume":60000,"price":0.039,"category":"rbull"},{"type":"A","date":"2018-03-19T02:28:34.000Z","volume":80000,"price":0.032,"category":"rbull"},{"type":"A","date":"2018-03-19T02:27:27.000Z","volume":80000,"price":0.032,"category":"rbull"},{"type":"A","date":"2018-03-19T02:24:56.000Z","volume":140000,"price":0.032,"category":"rbull"},{"type":"A","date":"2018-03-19T02:20:41.000Z","volume":60000,"price":0.031,"category":"rbull"},{"type":"A","date":"2018-03-19T02:17:30.000Z","volume":100000,"price":0.03,"category":"rbull"},{"type":"B","date":"2018-03-19T07:56:55.000Z","volume":20000,"price":0.033,"category":"rbear"},{"type":"B","date":"2018-03-19T07:55:05.000Z","volume":100000,"price":0.033,"category":"rbear"},{"type":"B","date":"2018-03-19T07:54:37.000Z","volume":120000,"price":0.033,"category":"rbear"},{"type":"B","date":"2018-03-19T07:54:19.000Z","volume":40000,"price":0.033,"category":"rbear"},{"type":"B","date":"2018-03-19T07:49:45.000Z","volume":100000,"price":0.033,"category":"rbear"},{"type":"B","date":"2018-03-19T07:47:48.000Z","volume":100000,"price":0.033,"category":"rbear"},{"type":"B","date":"2018-03-19T07:16:15.000Z","volume":20000,"price":0.033,"category":"rbear"},{"type":"B","date":"2018-03-19T07:10:30.000Z","volume":20000,"price":0.033,"category":"rbear"},{"type":"B","date":"2018-03-19T07:10:30.000Z","volume":100000,"price":0.033,"category":"rbear"},{"type":"B","date":"2018-03-19T06:46:58.000Z","volume":100000,"price":0.033,"category":"rbear"},{"type":"B","date":"2018-03-19T06:45:57.000Z","volume":40000,"price":0.033,"category":"rbear"},{"type":"B","date":"2018-03-19T05:51:31.000Z","volume":120000,"price":0.032,"category":"rbear"},{"type":"B","date":"2018-03-19T05:17:52.000Z","volume":20000,"price":0.033,"category":"rbear"},{"type":"B","date":"2018-03-19T05:13:24.000Z","volume":20000,"price":0.032,"category":"rbear"},{"type":"B","date":"2018-03-19T05:06:38.000Z","volume":40000,"price":0.033,"category":"rbear"},{"type":"B","date":"2018-03-19T03:51:54.000Z","volume":40000,"price":0.033,"category":"rbear"},{"type":"B","date":"2018-03-19T03:20:01.000Z","volume":100000,"price":0.033,"category":"rbear"},{"type":"B","date":"2018-03-19T03:17:37.000Z","volume":60000,"price":0.034,"category":"rbear"},{"type":"B","date":"2018-03-19T03:17:37.000Z","volume":20000,"price":0.035,"category":"rbear"},{"type":"B","date":"2018-03-19T03:14:05.000Z","volume":40000,"price":0.035,"category":"rbear"},{"type":"B","date":"2018-03-19T03:03:13.000Z","volume":80000,"price":0.035,"category":"rbear"},{"type":"B","date":"2018-03-19T03:01:40.000Z","volume":120000,"price":0.036,"category":"rbear"},{"type":"B","date":"2018-03-19T03:01:20.000Z","volume":60000,"price":0.035,"category":"rbear"},{"type":"B","date":"2018-03-19T03:00:35.000Z","volume":40000,"price":0.038,"category":"rbear"},{"type":"B","date":"2018-03-19T02:53:53.000Z","volume":100000,"price":0.038,"category":"rbear"},{"type":"B","date":"2018-03-19T02:53:53.000Z","volume":40000,"price":0.039,"category":"rbear"},{"type":"B","date":"2018-03-19T02:53:02.000Z","volume":140000,"price":0.039,"category":"rbear"},{"type":"B","date":"2018-03-19T02:50:14.000Z","volume":60000,"price":0.037,"category":"rbear"},{"type":"B","date":"2018-03-19T02:45:18.000Z","volume":80000,"price":0.038,"category":"rbear"},{"type":"B","date":"2018-03-19T02:45:12.000Z","volume":20000,"price":0.038,"category":"rbear"},{"type":"B","date":"2018-03-19T02:44:40.000Z","volume":40000,"price":0.04,"category":"rbear"},{"type":"B","date":"2018-03-19T02:44:27.000Z","volume":40000,"price":0.041,"category":"rbear"},{"type":"B","date":"2018-03-19T02:43:48.000Z","volume":120000,"price":0.042,"category":"rbear"},{"type":"B","date":"2018-03-19T02:43:44.000Z","volume":20000,"price":0.041,"category":"rbear"},{"type":"B","date":"2018-03-19T02:42:33.000Z","volume":100000,"price":0.042,"category":"rbear"},{"type":"B","date":"2018-03-19T02:37:16.000Z","volume":120000,"price":0.035,"category":"rbear"},{"type":"B","date":"2018-03-19T02:30:39.000Z","volume":100000,"price":0.031,"category":"rbear"},{"type":"B","date":"2018-03-19T02:22:08.000Z","volume":60000,"price":0.031,"category":"rbear"},{"type":"B","date":"2018-03-19T07:39:53.000Z","volume":1220000,"price":0.033,"category":"bbear"},{"type":"B","date":"2018-03-19T05:41:32.000Z","volume":1640000,"price":0.031,"category":"bbear"},{"type":"B","date":"2018-03-19T03:53:21.000Z","volume":1680000,"price":0.032,"category":"bbear"},{"type":"B","date":"2018-03-19T03:49:16.000Z","volume":1000000,"price":0.033,"category":"bbear"},{"type":"B","date":"2018-03-19T03:47:32.000Z","volume":1640000,"price":0.033,"category":"bbear"},{"type":"B","date":"2018-03-19T03:25:24.000Z","volume":1000000,"price":0.034,"category":"bbear"},{"type":"B","date":"2018-03-19T03:19:23.000Z","volume":1440000,"price":0.034,"category":"bbear"},{"type":"B","date":"2018-03-19T03:09:06.000Z","volume":1100000,"price":0.035,"category":"bbear"},{"type":"B","date":"2018-03-19T03:01:10.000Z","volume":940000,"price":0.036,"category":"bbear"},{"type":"B","date":"2018-03-19T03:00:54.000Z","volume":1260000,"price":0.037,"category":"bbear"},{"type":"B","date":"2018-03-19T03:00:17.000Z","volume":1600000,"price":0.038,"category":"bbear"},{"type":"B","date":"2018-03-19T02:57:54.000Z","volume":1200000,"price":0.038,"category":"bbear"},{"type":"B","date":"2018-03-19T02:56:24.000Z","volume":1700000,"price":0.038,"category":"bbear"},{"type":"B","date":"2018-03-19T02:53:53.000Z","volume":1000000,"price":0.038,"category":"bbear"},{"type":"B","date":"2018-03-19T02:46:11.000Z","volume":1500000,"price":0.039,"category":"bbear"},{"type":"B","date":"2018-03-19T02:36:34.000Z","volume":1300000,"price":0.036,"category":"bbear"},{"type":"B","date":"2018-03-19T02:27:39.000Z","volume":920000,"price":0.032,"category":"bbear"},{"type":"B","date":"2018-03-19T02:27:05.000Z","volume":1020000,"price":0.032,"category":"bbear"},{"type":"B","date":"2018-03-19T07:53:07.000Z","volume":3000000,"price":0.033,"category":"ubbear"},{"type":"B","date":"2018-03-19T05:41:32.000Z","volume":3140000,"price":0.032,"category":"ubbear"},{"type":"B","date":"2018-03-19T05:06:38.000Z","volume":4960000,"price":0.032,"category":"ubbear"},{"type":"B","date":"2018-03-19T03:54:35.000Z","volume":2500000,"price":0.031,"category":"ubbear"},{"type":"B","date":"2018-03-19T03:53:25.000Z","volume":3460000,"price":0.032,"category":"ubbear"},{"type":"B","date":"2018-03-19T03:53:22.000Z","volume":9000000,"price":0.032,"category":"ubbear"},{"type":"B","date":"2018-03-19T03:47:25.000Z","volume":7220000,"price":0.033,"category":"ubbear"},{"type":"B","date":"2018-03-19T03:39:35.000Z","volume":4480000,"price":0.034,"category":"ubbear"},{"type":"B","date":"2018-03-19T03:29:57.000Z","volume":3000000,"price":0.034,"category":"ubbear"},{"type":"B","date":"2018-03-19T03:23:17.000Z","volume":2000000,"price":0.033,"category":"ubbear"},{"type":"B","date":"2018-03-19T03:22:19.000Z","volume":1980000,"price":0.034,"category":"ubbear"},{"type":"B","date":"2018-03-19T03:21:12.000Z","volume":2000000,"price":0.034,"category":"ubbear"},{"type":"B","date":"2018-03-19T03:18:44.000Z","volume":10000000,"price":0.034,"category":"ubbear"},{"type":"B","date":"2018-03-19T03:02:29.000Z","volume":2000000,"price":0.035,"category":"ubbear"},{"type":"B","date":"2018-03-19T02:59:22.000Z","volume":2620000,"price":0.038,"category":"ubbear"},{"type":"B","date":"2018-03-19T02:49:13.000Z","volume":20000000,"price":0.038,"category":"ubbear"},{"type":"B","date":"2018-03-19T02:46:55.000Z","volume":3480000,"price":0.039,"category":"ubbear"},{"type":"B","date":"2018-03-19T02:45:24.000Z","volume":3620000,"price":0.038,"category":"ubbear"},{"type":"B","date":"2018-03-19T02:45:12.000Z","volume":4280000,"price":0.039,"category":"ubbear"},{"type":"B","date":"2018-03-19T02:43:39.000Z","volume":3200000,"price":0.041,"category":"ubbear"},{"type":"B","date":"2018-03-19T02:36:09.000Z","volume":2140000,"price":0.036,"category":"ubbear"}]