[{"type":"U","date":"2018-03-28T01:20:00.000Z","volume":50000,"label":"U","price":0.179},{"type":"A","date":"2018-03-28T03:52:32.000Z","volume":5000,"label":" ","price":0.175},{"type":"A","date":"2018-03-28T03:53:36.000Z","volume":110000,"label":" ","price":0.176},{"type":"B","date":"2018-03-28T03:53:36.000Z","volume":5000,"label":" ","price":0.176},{"type":"B","date":"2018-03-28T03:53:51.000Z","volume":5000,"label":" ","price":0.173},{"type":"B","date":"2018-03-28T05:00:02.000Z","volume":10000,"label":" ","price":0.177},{"type":"B","date":"2018-03-28T05:01:32.000Z","volume":5000,"label":" ","price":0.173},{"type":"B","date":"2018-03-28T05:42:18.000Z","volume":10000,"label":" ","price":0.172},{"type":"A","date":"2018-03-28T06:39:48.000Z","volume":5000,"label":" ","price":0.174},{"type":"A","date":"2018-03-28T06:39:48.000Z","volume":15000,"label":" ","price":0.178},{"type":"A","date":"2018-03-28T06:40:51.000Z","volume":5000,"label":" ","price":0.174},{"type":"A","date":"2018-03-28T07:09:32.000Z","volume":10000,"label":" ","price":0.177},{"type":"A","date":"2018-03-28T07:09:32.000Z","volume":20000,"label":" ","price":0.178},{"type":"A","date":"2018-03-28T07:10:09.000Z","volume":5000,"label":" ","price":0.177},{"type":"B","date":"2018-03-28T07:12:13.000Z","volume":15000,"label":" ","price":0.177},{"type":"A","date":"2018-03-28T07:30:02.000Z","volume":100000,"label":" ","price":0.177},{"type":"B","date":"2018-03-28T07:30:02.000Z","volume":5000,"label":" ","price":0.173},{"type":"B","date":"2018-03-28T07:30:02.000Z","volume":5000,"label":" ","price":0.172},{"type":"B","date":"2018-03-28T07:39:57.000Z","volume":15000,"label":" ","price":0.172},{"type":"A","date":"2018-03-28T07:40:59.000Z","volume":35000,"label":" ","price":0.172},{"type":"B","date":"2018-03-28T07:41:54.000Z","volume":5000,"label":" ","price":0.176},{"type":"A","date":"2018-03-28T07:44:46.000Z","volume":25000,"label":" ","price":0.177},{"type":"A","date":"2018-03-28T07:52:27.000Z","volume":50000,"label":" ","price":0.178},{"type":"B","date":"2018-03-28T07:52:52.000Z","volume":25000,"label":" ","price":0.177},{"type":"B","date":"2018-03-28T07:58:00.000Z","volume":5000,"label":" ","price":0.176},{"type":"B","date":"2018-03-28T07:58:55.000Z","volume":15000,"label":" ","price":0.176},{"type":"B","date":"2018-03-28T07:58:55.000Z","volume":5000,"label":" ","price":0.176},{"type":"A","date":"2018-03-28T07:58:55.000Z","volume":85000,"label":" ","price":0.177},{"type":"B","date":"2018-03-28T07:58:56.000Z","volume":5000,"label":" ","price":0.177},{"type":"A","date":"2018-03-28T07:59:20.000Z","volume":50000,"label":" ","price":0.178},{"type":"B","date":"2018-03-28T07:59:20.000Z","volume":5000,"label":" ","price":0.177},{"type":"A","date":"2018-03-28T07:59:40.000Z","volume":50000,"label":" ","price":0.178},{"type":"B","date":"2018-03-28T07:59:40.000Z","volume":5000,"label":" ","price":0.177},{"type":"B","date":"2018-03-28T07:59:40.000Z","volume":5000,"label":" ","price":0.176}]