[{"type":"A","date":"2018-04-19T01:42:33.000Z","volume":153000,"label":" ","price":0.078},{"type":"A","date":"2018-04-19T01:49:10.000Z","volume":108000,"label":"Y","price":0.078},{"type":"A","date":"2018-04-19T01:49:10.000Z","volume":72000,"label":" ","price":0.078},{"type":"B","date":"2018-04-19T01:49:10.000Z","volume":90000,"label":" ","price":0.078},{"type":"A","date":"2018-04-19T01:57:50.000Z","volume":45000,"label":" ","price":0.079},{"type":"B","date":"2018-04-19T01:58:28.000Z","volume":18000,"label":" ","price":0.079},{"type":"B","date":"2018-04-19T02:14:42.000Z","volume":36000,"label":" ","price":0.077},{"type":"B","date":"2018-04-19T02:30:38.000Z","volume":135000,"label":" ","price":0.077},{"type":"A","date":"2018-04-19T02:36:25.000Z","volume":54000,"label":" ","price":0.078},{"type":"A","date":"2018-04-19T02:51:31.000Z","volume":126000,"label":" ","price":0.078},{"type":"A","date":"2018-04-19T02:58:37.000Z","volume":585000,"label":" ","price":0.079},{"type":"A","date":"2018-04-19T03:11:40.000Z","volume":900000,"label":" ","price":0.079},{"type":"B","date":"2018-04-19T03:45:58.000Z","volume":45000,"label":" ","price":0.079},{"type":"B","date":"2018-04-19T03:47:43.000Z","volume":135000,"label":" ","price":0.079},{"type":"A","date":"2018-04-19T03:58:35.000Z","volume":180000,"label":" ","price":0.08},{"type":"A","date":"2018-04-19T03:58:37.000Z","volume":54000,"label":" ","price":0.08},{"type":"A","date":"2018-04-19T03:59:19.000Z","volume":234000,"label":" ","price":0.08},{"type":"A","date":"2018-04-19T03:59:28.000Z","volume":90000,"label":" ","price":0.08},{"type":"A","date":"2018-04-19T03:59:28.000Z","volume":171000,"label":" ","price":0.08},{"type":"A","date":"2018-04-19T05:00:20.000Z","volume":225000,"label":" ","price":0.081},{"type":"A","date":"2018-04-19T05:00:39.000Z","volume":72000,"label":" ","price":0.082},{"type":"A","date":"2018-04-19T05:06:17.000Z","volume":180000,"label":" ","price":0.082},{"type":"A","date":"2018-04-19T05:09:04.000Z","volume":189000,"label":" ","price":0.082},{"type":"A","date":"2018-04-19T05:10:19.000Z","volume":108000,"label":" ","price":0.083},{"type":"A","date":"2018-04-19T05:10:23.000Z","volume":369000,"label":" ","price":0.083},{"type":"A","date":"2018-04-19T05:10:23.000Z","volume":702000,"label":" ","price":0.084},{"type":"A","date":"2018-04-19T05:11:55.000Z","volume":180000,"label":" ","price":0.084},{"type":"A","date":"2018-04-19T05:12:55.000Z","volume":90000,"label":"Y","price":0.084},{"type":"A","date":"2018-04-19T05:12:55.000Z","volume":153000,"label":" ","price":0.084},{"type":"A","date":"2018-04-19T05:12:55.000Z","volume":117000,"label":" ","price":0.084},{"type":"A","date":"2018-04-19T05:13:39.000Z","volume":90000,"label":" ","price":0.085},{"type":"A","date":"2018-04-19T05:13:56.000Z","volume":18000,"label":" ","price":0.084},{"type":"A","date":"2018-04-19T05:14:27.000Z","volume":90000,"label":" ","price":0.085},{"type":"A","date":"2018-04-19T05:14:28.000Z","volume":360000,"label":" ","price":0.085},{"type":"A","date":"2018-04-19T05:15:09.000Z","volume":162000,"label":" ","price":0.085},{"type":"A","date":"2018-04-19T05:15:22.000Z","volume":468000,"label":" ","price":0.086},{"type":"A","date":"2018-04-19T05:15:25.000Z","volume":90000,"label":" ","price":0.087},{"type":"B","date":"2018-04-19T05:15:42.000Z","volume":18000,"label":" ","price":0.085},{"type":"A","date":"2018-04-19T05:16:32.000Z","volume":234000,"label":" ","price":0.086},{"type":"A","date":"2018-04-19T05:16:32.000Z","volume":126000,"label":" ","price":0.087},{"type":"A","date":"2018-04-19T05:18:11.000Z","volume":180000,"label":" ","price":0.087},{"type":"A","date":"2018-04-19T05:18:21.000Z","volume":18000,"label":" ","price":0.087},{"type":"A","date":"2018-04-19T05:18:21.000Z","volume":9000,"label":" ","price":0.088},{"type":"A","date":"2018-04-19T05:18:27.000Z","volume":18000,"label":" ","price":0.088},{"type":"A","date":"2018-04-19T05:18:31.000Z","volume":45000,"label":" ","price":0.088},{"type":"A","date":"2018-04-19T05:18:34.000Z","volume":459000,"label":" ","price":0.088},{"type":"B","date":"2018-04-19T05:18:34.000Z","volume":45000,"label":" ","price":0.088},{"type":"B","date":"2018-04-19T05:18:34.000Z","volume":270000,"label":" ","price":0.088},{"type":"A","date":"2018-04-19T05:18:37.000Z","volume":45000,"label":" ","price":0.089},{"type":"A","date":"2018-04-19T05:18:46.000Z","volume":27000,"label":" ","price":0.088},{"type":"B","date":"2018-04-19T05:19:53.000Z","volume":144000,"label":" ","price":0.087},{"type":"B","date":"2018-04-19T05:19:53.000Z","volume":216000,"label":" ","price":0.087},{"type":"B","date":"2018-04-19T05:20:28.000Z","volume":108000,"label":" ","price":0.086},{"type":"A","date":"2018-04-19T05:20:39.000Z","volume":252000,"label":" ","price":0.086},{"type":"A","date":"2018-04-19T05:20:39.000Z","volume":108000,"label":" ","price":0.087},{"type":"B","date":"2018-04-19T05:20:40.000Z","volume":207000,"label":" ","price":0.085},{"type":"B","date":"2018-04-19T05:21:26.000Z","volume":135000,"label":" ","price":0.084},{"type":"B","date":"2018-04-19T05:21:26.000Z","volume":270000,"label":" ","price":0.083},{"type":"B","date":"2018-04-19T05:21:26.000Z","volume":45000,"label":" ","price":0.082},{"type":"B","date":"2018-04-19T05:21:58.000Z","volume":180000,"label":" ","price":0.083},{"type":"B","date":"2018-04-19T05:22:05.000Z","volume":9000,"label":" ","price":0.083},{"type":"A","date":"2018-04-19T05:22:30.000Z","volume":288000,"label":" ","price":0.085},{"type":"A","date":"2018-04-19T05:22:30.000Z","volume":162000,"label":" ","price":0.085},{"type":"B","date":"2018-04-19T05:22:39.000Z","volume":18000,"label":" ","price":0.084},{"type":"A","date":"2018-04-19T05:24:08.000Z","volume":45000,"label":"Y","price":0.085},{"type":"A","date":"2018-04-19T05:24:16.000Z","volume":90000,"label":" ","price":0.086},{"type":"B","date":"2018-04-19T05:26:56.000Z","volume":126000,"label":" ","price":0.085},{"type":"B","date":"2018-04-19T05:27:01.000Z","volume":81000,"label":" ","price":0.085},{"type":"B","date":"2018-04-19T05:27:02.000Z","volume":288000,"label":" ","price":0.085},{"type":"B","date":"2018-04-19T05:27:09.000Z","volume":270000,"label":"Y","price":0.084},{"type":"A","date":"2018-04-19T05:32:33.000Z","volume":36000,"label":" ","price":0.085},{"type":"A","date":"2018-04-19T05:32:52.000Z","volume":108000,"label":" ","price":0.085},{"type":"A","date":"2018-04-19T05:38:28.000Z","volume":36000,"label":" ","price":0.085},{"type":"B","date":"2018-04-19T05:39:05.000Z","volume":54000,"label":" ","price":0.085},{"type":"B","date":"2018-04-19T05:39:58.000Z","volume":72000,"label":" ","price":0.084},{"type":"B","date":"2018-04-19T05:40:08.000Z","volume":180000,"label":" ","price":0.083},{"type":"A","date":"2018-04-19T05:40:30.000Z","volume":144000,"label":" ","price":0.084},{"type":"A","date":"2018-04-19T05:41:19.000Z","volume":99000,"label":" ","price":0.085},{"type":"A","date":"2018-04-19T05:41:28.000Z","volume":81000,"label":" ","price":0.085},{"type":"A","date":"2018-04-19T05:41:36.000Z","volume":207000,"label":" ","price":0.086},{"type":"A","date":"2018-04-19T05:42:02.000Z","volume":45000,"label":" ","price":0.087},{"type":"A","date":"2018-04-19T05:42:25.000Z","volume":450000,"label":" ","price":0.087},{"type":"A","date":"2018-04-19T05:42:33.000Z","volume":216000,"label":" ","price":0.087},{"type":"A","date":"2018-04-19T05:42:34.000Z","volume":126000,"label":" ","price":0.087},{"type":"A","date":"2018-04-19T05:42:50.000Z","volume":99000,"label":" ","price":0.088},{"type":"A","date":"2018-04-19T05:42:51.000Z","volume":144000,"label":"Y","price":0.088},{"type":"A","date":"2018-04-19T05:42:51.000Z","volume":225000,"label":" ","price":0.088},{"type":"B","date":"2018-04-19T05:42:55.000Z","volume":9000,"label":"Y","price":0.088},{"type":"B","date":"2018-04-19T05:42:57.000Z","volume":90000,"label":" ","price":0.088},{"type":"B","date":"2018-04-19T05:43:14.000Z","volume":9000,"label":" ","price":0.087},{"type":"B","date":"2018-04-19T05:43:21.000Z","volume":9000,"label":" ","price":0.087},{"type":"B","date":"2018-04-19T05:43:29.000Z","volume":9000,"label":" ","price":0.087},{"type":"B","date":"2018-04-19T05:43:38.000Z","volume":9000,"label":" ","price":0.088},{"type":"B","date":"2018-04-19T05:43:42.000Z","volume":90000,"label":" ","price":0.088},{"type":"B","date":"2018-04-19T05:43:42.000Z","volume":171000,"label":" ","price":0.088},{"type":"B","date":"2018-04-19T05:44:01.000Z","volume":279000,"label":" ","price":0.088},{"type":"A","date":"2018-04-19T05:44:12.000Z","volume":9000,"label":" ","price":0.088},{"type":"A","date":"2018-04-19T05:44:35.000Z","volume":90000,"label":" ","price":0.089},{"type":"A","date":"2018-04-19T05:45:05.000Z","volume":900000,"label":" ","price":0.089},{"type":"A","date":"2018-04-19T05:45:09.000Z","volume":675000,"label":" ","price":0.089},{"type":"A","date":"2018-04-19T05:45:15.000Z","volume":90000,"label":" ","price":0.09},{"type":"A","date":"2018-04-19T05:45:15.000Z","volume":270000,"label":" ","price":0.09},{"type":"A","date":"2018-04-19T05:45:15.000Z","volume":144000,"label":" ","price":0.09},{"type":"A","date":"2018-04-19T05:45:19.000Z","volume":270000,"label":" ","price":0.09},{"type":"A","date":"2018-04-19T05:45:20.000Z","volume":18000,"label":" ","price":0.091},{"type":"B","date":"2018-04-19T05:45:25.000Z","volume":72000,"label":" ","price":0.089},{"type":"A","date":"2018-04-19T05:45:27.000Z","volume":18000,"label":" ","price":0.089},{"type":"A","date":"2018-04-19T05:45:30.000Z","volume":90000,"label":" ","price":0.09},{"type":"A","date":"2018-04-19T05:45:30.000Z","volume":90000,"label":" ","price":0.09},{"type":"A","date":"2018-04-19T05:45:33.000Z","volume":9000,"label":"Y","price":0.09},{"type":"A","date":"2018-04-19T05:45:34.000Z","volume":117000,"label":" ","price":0.09},{"type":"A","date":"2018-04-19T05:45:38.000Z","volume":90000,"label":" ","price":0.091},{"type":"A","date":"2018-04-19T05:45:45.000Z","volume":9000,"label":" ","price":0.091},{"type":"A","date":"2018-04-19T05:45:46.000Z","volume":9000,"label":" ","price":0.092},{"type":"A","date":"2018-04-19T05:45:52.000Z","volume":90000,"label":" ","price":0.091},{"type":"A","date":"2018-04-19T05:45:56.000Z","volume":99000,"label":" ","price":0.091},{"type":"B","date":"2018-04-19T05:46:13.000Z","volume":243000,"label":" ","price":0.09},{"type":"A","date":"2018-04-19T05:46:33.000Z","volume":180000,"label":" ","price":0.09},{"type":"A","date":"2018-04-19T05:46:49.000Z","volume":117000,"label":" ","price":0.09},{"type":"A","date":"2018-04-19T05:46:57.000Z","volume":54000,"label":" ","price":0.091},{"type":"A","date":"2018-04-19T05:47:02.000Z","volume":45000,"label":" ","price":0.091},{"type":"A","date":"2018-04-19T05:47:08.000Z","volume":18000,"label":" ","price":0.091},{"type":"B","date":"2018-04-19T05:47:21.000Z","volume":90000,"label":" ","price":0.091},{"type":"A","date":"2018-04-19T05:47:24.000Z","volume":270000,"label":" ","price":0.091},{"type":"A","date":"2018-04-19T05:47:24.000Z","volume":315000,"label":" ","price":0.092},{"type":"A","date":"2018-04-19T05:47:24.000Z","volume":423000,"label":" ","price":0.093},{"type":"A","date":"2018-04-19T05:47:29.000Z","volume":27000,"label":" ","price":0.092},{"type":"A","date":"2018-04-19T05:47:32.000Z","volume":315000,"label":" ","price":0.092},{"type":"A","date":"2018-04-19T05:47:55.000Z","volume":9000,"label":" ","price":0.092},{"type":"A","date":"2018-04-19T05:48:00.000Z","volume":90000,"label":" ","price":0.092},{"type":"A","date":"2018-04-19T05:48:14.000Z","volume":180000,"label":" ","price":0.092},{"type":"B","date":"2018-04-19T05:48:38.000Z","volume":45000,"label":" ","price":0.091},{"type":"B","date":"2018-04-19T05:48:38.000Z","volume":117000,"label":" ","price":0.09},{"type":"B","date":"2018-04-19T05:48:40.000Z","volume":306000,"label":" ","price":0.09},{"type":"A","date":"2018-04-19T05:49:04.000Z","volume":9000,"label":" ","price":0.092},{"type":"A","date":"2018-04-19T05:49:18.000Z","volume":18000,"label":" ","price":0.092},{"type":"A","date":"2018-04-19T05:49:47.000Z","volume":18000,"label":" ","price":0.09},{"type":"B","date":"2018-04-19T05:51:35.000Z","volume":45000,"label":" ","price":0.091},{"type":"B","date":"2018-04-19T05:51:43.000Z","volume":18000,"label":" ","price":0.09},{"type":"B","date":"2018-04-19T05:51:52.000Z","volume":54000,"label":" ","price":0.09},{"type":"B","date":"2018-04-19T05:51:52.000Z","volume":324000,"label":" ","price":0.089},{"type":"B","date":"2018-04-19T05:52:40.000Z","volume":90000,"label":" ","price":0.089},{"type":"B","date":"2018-04-19T05:53:13.000Z","volume":27000,"label":" ","price":0.088},{"type":"A","date":"2018-04-19T05:53:20.000Z","volume":45000,"label":" ","price":0.088},{"type":"A","date":"2018-04-19T05:53:20.000Z","volume":18000,"label":" ","price":0.088},{"type":"A","date":"2018-04-19T05:54:16.000Z","volume":45000,"label":" ","price":0.089},{"type":"A","date":"2018-04-19T05:54:21.000Z","volume":135000,"label":" ","price":0.089},{"type":"B","date":"2018-04-19T05:54:59.000Z","volume":45000,"label":" ","price":0.089},{"type":"A","date":"2018-04-19T05:55:02.000Z","volume":54000,"label":" ","price":0.089},{"type":"B","date":"2018-04-19T05:56:59.000Z","volume":63000,"label":"Y","price":0.088},{"type":"B","date":"2018-04-19T05:56:59.000Z","volume":207000,"label":" ","price":0.088},{"type":"A","date":"2018-04-19T06:00:30.000Z","volume":9000,"label":" ","price":0.089},{"type":"B","date":"2018-04-19T06:01:26.000Z","volume":9000,"label":" ","price":0.089},{"type":"B","date":"2018-04-19T06:04:25.000Z","volume":540000,"label":" ","price":0.089},{"type":"B","date":"2018-04-19T06:05:11.000Z","volume":45000,"label":" ","price":0.088},{"type":"B","date":"2018-04-19T06:06:07.000Z","volume":45000,"label":" ","price":0.088},{"type":"A","date":"2018-04-19T06:06:18.000Z","volume":99000,"label":" ","price":0.089},{"type":"A","date":"2018-04-19T06:07:11.000Z","volume":180000,"label":" ","price":0.089},{"type":"A","date":"2018-04-19T06:09:22.000Z","volume":9000,"label":" ","price":0.089},{"type":"A","date":"2018-04-19T06:09:43.000Z","volume":108000,"label":" ","price":0.089},{"type":"A","date":"2018-04-19T06:10:31.000Z","volume":45000,"label":" ","price":0.089},{"type":"B","date":"2018-04-19T06:10:41.000Z","volume":9000,"label":" ","price":0.088},{"type":"B","date":"2018-04-19T06:12:04.000Z","volume":108000,"label":" ","price":0.088},{"type":"B","date":"2018-04-19T06:12:31.000Z","volume":531000,"label":" ","price":0.087},{"type":"B","date":"2018-04-19T06:12:31.000Z","volume":477000,"label":" ","price":0.086},{"type":"B","date":"2018-04-19T06:17:04.000Z","volume":180000,"label":" ","price":0.086},{"type":"B","date":"2018-04-19T06:18:34.000Z","volume":81000,"label":" ","price":0.086},{"type":"A","date":"2018-04-19T06:18:52.000Z","volume":225000,"label":"Y","price":0.086},{"type":"B","date":"2018-04-19T06:21:09.000Z","volume":135000,"label":"Y","price":0.085},{"type":"B","date":"2018-04-19T06:21:09.000Z","volume":180000,"label":" ","price":0.085},{"type":"A","date":"2018-04-19T06:22:29.000Z","volume":9000,"label":" ","price":0.086},{"type":"A","date":"2018-04-19T06:23:29.000Z","volume":99000,"label":" ","price":0.086},{"type":"A","date":"2018-04-19T06:23:29.000Z","volume":36000,"label":" ","price":0.086},{"type":"A","date":"2018-04-19T06:24:10.000Z","volume":72000,"label":" ","price":0.086},{"type":"A","date":"2018-04-19T06:24:10.000Z","volume":18000,"label":" ","price":0.087},{"type":"A","date":"2018-04-19T06:27:48.000Z","volume":18000,"label":" ","price":0.087},{"type":"B","date":"2018-04-19T06:28:11.000Z","volume":153000,"label":" ","price":0.087},{"type":"B","date":"2018-04-19T06:32:31.000Z","volume":27000,"label":" ","price":0.086},{"type":"B","date":"2018-04-19T06:32:31.000Z","volume":63000,"label":" ","price":0.085},{"type":"B","date":"2018-04-19T06:34:05.000Z","volume":45000,"label":"Y","price":0.085},{"type":"B","date":"2018-04-19T06:34:05.000Z","volume":324000,"label":" ","price":0.085},{"type":"B","date":"2018-04-19T06:34:32.000Z","volume":315000,"label":" ","price":0.084},{"type":"B","date":"2018-04-19T06:34:41.000Z","volume":81000,"label":" ","price":0.084},{"type":"B","date":"2018-04-19T06:35:22.000Z","volume":171000,"label":" ","price":0.084},{"type":"A","date":"2018-04-19T06:35:59.000Z","volume":90000,"label":" ","price":0.086},{"type":"A","date":"2018-04-19T06:39:05.000Z","volume":9000,"label":" ","price":0.086},{"type":"A","date":"2018-04-19T06:40:38.000Z","volume":27000,"label":" ","price":0.086},{"type":"A","date":"2018-04-19T06:42:16.000Z","volume":54000,"label":" ","price":0.086},{"type":"B","date":"2018-04-19T06:42:19.000Z","volume":81000,"label":" ","price":0.085},{"type":"B","date":"2018-04-19T06:46:10.000Z","volume":90000,"label":" ","price":0.085},{"type":"B","date":"2018-04-19T06:58:43.000Z","volume":288000,"label":" ","price":0.084},{"type":"B","date":"2018-04-19T06:59:08.000Z","volume":180000,"label":" ","price":0.083},{"type":"B","date":"2018-04-19T06:59:18.000Z","volume":540000,"label":" ","price":0.083},{"type":"B","date":"2018-04-19T06:59:19.000Z","volume":288000,"label":" ","price":0.083},{"type":"A","date":"2018-04-19T06:59:42.000Z","volume":90000,"label":" ","price":0.083},{"type":"A","date":"2018-04-19T06:59:42.000Z","volume":171000,"label":" ","price":0.083},{"type":"A","date":"2018-04-19T07:01:21.000Z","volume":45000,"label":" ","price":0.083},{"type":"A","date":"2018-04-19T07:01:21.000Z","volume":45000,"label":" ","price":0.083},{"type":"B","date":"2018-04-19T07:01:56.000Z","volume":72000,"label":" ","price":0.083},{"type":"B","date":"2018-04-19T07:07:02.000Z","volume":18000,"label":"Y","price":0.084},{"type":"B","date":"2018-04-19T07:09:46.000Z","volume":126000,"label":" ","price":0.083},{"type":"A","date":"2018-04-19T07:20:58.000Z","volume":90000,"label":" ","price":0.084},{"type":"A","date":"2018-04-19T07:24:51.000Z","volume":135000,"label":"Y","price":0.085},{"type":"A","date":"2018-04-19T07:24:51.000Z","volume":315000,"label":" ","price":0.085},{"type":"A","date":"2018-04-19T07:24:51.000Z","volume":27000,"label":" ","price":0.085},{"type":"A","date":"2018-04-19T07:25:33.000Z","volume":45000,"label":"Y","price":0.085},{"type":"A","date":"2018-04-19T07:31:50.000Z","volume":9000,"label":" ","price":0.086},{"type":"B","date":"2018-04-19T07:37:56.000Z","volume":27000,"label":" ","price":0.085},{"type":"B","date":"2018-04-19T07:38:58.000Z","volume":423000,"label":" ","price":0.085},{"type":"B","date":"2018-04-19T07:38:58.000Z","volume":378000,"label":" ","price":0.084},{"type":"A","date":"2018-04-19T07:40:51.000Z","volume":90000,"label":" ","price":0.084},{"type":"A","date":"2018-04-19T07:42:48.000Z","volume":36000,"label":" ","price":0.084},{"type":"A","date":"2018-04-19T07:43:07.000Z","volume":63000,"label":" ","price":0.084},{"type":"A","date":"2018-04-19T07:44:15.000Z","volume":99000,"label":" ","price":0.085},{"type":"B","date":"2018-04-19T07:58:56.000Z","volume":9000,"label":" ","price":0.084},{"type":"B","date":"2018-04-19T07:59:49.000Z","volume":90000,"label":" ","price":0.084},{"type":"A","date":"2018-04-19T07:59:51.000Z","volume":81000,"label":" ","price":0.085}]