[{"type":"A","date":"2018-03-14T06:11:30.000Z","volume":2000000,"price":0.41,"category":"ubbull"},{"type":"A","date":"2018-03-14T07:10:42.000Z","volume":200000,"price":0.41,"category":"bbull"},{"type":"A","date":"2018-03-14T06:12:02.000Z","volume":238000,"price":0.41,"category":"bbull"},{"type":"A","date":"2018-03-14T06:12:02.000Z","volume":200000,"price":0.41,"category":"bbull"},{"type":"A","date":"2018-03-14T06:11:59.000Z","volume":300000,"price":0.41,"category":"bbull"},{"type":"A","date":"2018-03-14T06:11:53.000Z","volume":200000,"price":0.41,"category":"bbull"},{"type":"A","date":"2018-03-14T06:03:33.000Z","volume":150000,"price":0.41,"category":"bbull"},{"type":"A","date":"2018-03-14T06:01:25.000Z","volume":200000,"price":0.41,"category":"bbull"},{"type":"A","date":"2018-03-14T05:14:59.000Z","volume":148000,"price":0.41,"category":"bbull"},{"type":"A","date":"2018-03-14T02:43:00.000Z","volume":200000,"price":0.41,"category":"bbull"},{"type":"A","date":"2018-03-14T02:41:31.000Z","volume":300000,"price":0.41,"category":"bbull"},{"type":"A","date":"2018-03-14T02:36:20.000Z","volume":200000,"price":0.41,"category":"bbull"},{"type":"A","date":"2018-03-14T07:59:32.000Z","volume":8000,"price":0.41,"category":"rbull"},{"type":"A","date":"2018-03-14T07:58:32.000Z","volume":10000,"price":0.41,"category":"rbull"},{"type":"A","date":"2018-03-14T07:54:58.000Z","volume":10000,"price":0.41,"category":"rbull"},{"type":"A","date":"2018-03-14T07:42:42.000Z","volume":4000,"price":0.41,"category":"rbull"},{"type":"A","date":"2018-03-14T06:20:53.000Z","volume":4000,"price":0.415,"category":"rbull"},{"type":"A","date":"2018-03-14T06:20:52.000Z","volume":4000,"price":0.415,"category":"rbull"},{"type":"A","date":"2018-03-14T06:20:52.000Z","volume":4000,"price":0.415,"category":"rbull"},{"type":"A","date":"2018-03-14T06:20:31.000Z","volume":2000,"price":0.415,"category":"rbull"},{"type":"A","date":"2018-03-14T06:20:31.000Z","volume":2000,"price":0.415,"category":"rbull"},{"type":"A","date":"2018-03-14T06:20:31.000Z","volume":2000,"price":0.415,"category":"rbull"},{"type":"A","date":"2018-03-14T03:03:59.000Z","volume":10000,"price":0.41,"category":"rbull"},{"type":"A","date":"2018-03-14T03:02:17.000Z","volume":10000,"price":0.41,"category":"rbull"},{"type":"A","date":"2018-03-14T02:43:13.000Z","volume":2000,"price":0.41,"category":"rbull"},{"type":"A","date":"2018-03-14T02:41:40.000Z","volume":10000,"price":0.41,"category":"rbull"},{"type":"A","date":"2018-03-14T02:36:01.000Z","volume":10000,"price":0.41,"category":"rbull"},{"type":"A","date":"2018-03-14T02:34:46.000Z","volume":10000,"price":0.41,"category":"rbull"},{"type":"A","date":"2018-03-14T02:33:50.000Z","volume":10000,"price":0.41,"category":"rbull"},{"type":"A","date":"2018-03-14T02:08:53.000Z","volume":2000,"price":0.415,"category":"rbull"},{"type":"A","date":"2018-03-14T01:54:03.000Z","volume":10000,"price":0.415,"category":"rbull"},{"type":"A","date":"2018-03-14T01:53:56.000Z","volume":10000,"price":0.415,"category":"rbull"},{"type":"A","date":"2018-03-14T01:53:23.000Z","volume":10000,"price":0.415,"category":"rbull"},{"type":"A","date":"2018-03-14T01:47:30.000Z","volume":6000,"price":0.415,"category":"rbull"},{"type":"A","date":"2018-03-14T01:30:37.000Z","volume":4000,"price":0.42,"category":"rbull"},{"type":"B","date":"2018-03-14T06:35:36.000Z","volume":2000,"price":0.405,"category":"rbear"},{"type":"B","date":"2018-03-14T06:19:09.000Z","volume":4000,"price":0.41,"category":"rbear"},{"type":"B","date":"2018-03-14T06:18:17.000Z","volume":10000,"price":0.41,"category":"rbear"},{"type":"B","date":"2018-03-14T03:29:24.000Z","volume":2000,"price":0.405,"category":"rbear"},{"type":"B","date":"2018-03-14T03:00:04.000Z","volume":10000,"price":0.41,"category":"rbear"},{"type":"B","date":"2018-03-14T02:21:09.000Z","volume":2000,"price":0.41,"category":"rbear"},{"type":"B","date":"2018-03-14T07:59:54.000Z","volume":300000,"price":0.405,"category":"bbear"},{"type":"B","date":"2018-03-14T07:59:42.000Z","volume":300000,"price":0.405,"category":"bbear"},{"type":"B","date":"2018-03-14T06:26:35.000Z","volume":200000,"price":0.41,"category":"bbear"},{"type":"B","date":"2018-03-14T05:51:11.000Z","volume":200000,"price":0.405,"category":"bbear"},{"type":"B","date":"2018-03-14T05:23:00.000Z","volume":200000,"price":0.405,"category":"bbear"},{"type":"B","date":"2018-03-14T03:10:00.000Z","volume":200000,"price":0.405,"category":"bbear"},{"type":"B","date":"2018-03-14T03:08:38.000Z","volume":174000,"price":0.41,"category":"bbear"},{"type":"B","date":"2018-03-14T07:29:54.000Z","volume":1780000,"price":0.405,"category":"ubbear"},{"type":"B","date":"2018-03-14T06:26:38.000Z","volume":388000,"price":0.41,"category":"ubbear"},{"type":"B","date":"2018-03-14T05:49:03.000Z","volume":602000,"price":0.405,"category":"ubbear"},{"type":"B","date":"2018-03-14T05:24:52.000Z","volume":800000,"price":0.405,"category":"ubbear"},{"type":"B","date":"2018-03-14T03:01:43.000Z","volume":416000,"price":0.41,"category":"ubbear"},{"type":"B","date":"2018-03-14T02:30:52.000Z","volume":724000,"price":0.41,"category":"ubbear"},{"type":"B","date":"2018-03-14T02:27:34.000Z","volume":600000,"price":0.41,"category":"ubbear"},{"type":"B","date":"2018-03-14T02:26:56.000Z","volume":400000,"price":0.41,"category":"ubbear"},{"type":"B","date":"2018-03-14T02:21:42.000Z","volume":1500000,"price":0.41,"category":"ubbear"},{"type":"B","date":"2018-03-14T02:21:35.000Z","volume":1002000,"price":0.41,"category":"ubbear"}]