[{"type":"B","date":"2018-04-16T05:00:13.000Z","volume":400000,"label":" ","price":0.075},{"type":"A","date":"2018-04-16T05:21:24.000Z","volume":2000,"label":" ","price":0.075},{"type":"A","date":"2018-04-16T05:35:26.000Z","volume":148000,"label":"Y","price":0.075},{"type":"A","date":"2018-04-16T05:35:26.000Z","volume":522000,"label":" ","price":0.075},{"type":"B","date":"2018-04-16T05:43:53.000Z","volume":2000,"label":" ","price":0.074},{"type":"A","date":"2018-04-16T05:59:52.000Z","volume":4000,"label":" ","price":0.075},{"type":"A","date":"2018-04-16T06:01:19.000Z","volume":80000,"label":" ","price":0.075},{"type":"B","date":"2018-04-16T06:06:24.000Z","volume":2000,"label":" ","price":0.074},{"type":"B","date":"2018-04-16T06:29:25.000Z","volume":2000,"label":" ","price":0.074},{"type":"A","date":"2018-04-16T06:37:44.000Z","volume":2000,"label":" ","price":0.075},{"type":"A","date":"2018-04-16T06:46:20.000Z","volume":4000,"label":" ","price":0.075},{"type":"B","date":"2018-04-16T06:48:47.000Z","volume":90000,"label":" ","price":0.074},{"type":"B","date":"2018-04-16T06:52:26.000Z","volume":2000,"label":" ","price":0.074},{"type":"B","date":"2018-04-16T06:55:29.000Z","volume":638000,"label":" ","price":0.074},{"type":"B","date":"2018-04-16T06:55:56.000Z","volume":2000,"label":" ","price":0.074},{"type":"B","date":"2018-04-16T06:56:16.000Z","volume":136000,"label":" ","price":0.074},{"type":"A","date":"2018-04-16T06:57:54.000Z","volume":140000,"label":" ","price":0.074},{"type":"A","date":"2018-04-16T06:57:54.000Z","volume":124000,"label":" ","price":0.074},{"type":"B","date":"2018-04-16T07:08:29.000Z","volume":300000,"label":" ","price":0.073},{"type":"A","date":"2018-04-16T07:09:36.000Z","volume":280000,"label":" ","price":0.074},{"type":"B","date":"2018-04-16T07:14:23.000Z","volume":120000,"label":" ","price":0.074},{"type":"B","date":"2018-04-16T07:14:27.000Z","volume":2000,"label":" ","price":0.073},{"type":"A","date":"2018-04-16T07:24:15.000Z","volume":80000,"label":" ","price":0.074},{"type":"B","date":"2018-04-16T07:43:47.000Z","volume":2000,"label":" ","price":0.074},{"type":"B","date":"2018-04-16T07:43:49.000Z","volume":2000,"label":" ","price":0.074},{"type":"B","date":"2018-04-16T07:47:51.000Z","volume":146000,"label":" ","price":0.074},{"type":"B","date":"2018-04-16T07:49:27.000Z","volume":2000,"label":" ","price":0.073},{"type":"B","date":"2018-04-16T07:50:23.000Z","volume":206000,"label":" ","price":0.073},{"type":"B","date":"2018-04-16T07:59:12.000Z","volume":2000,"label":" ","price":0.073}]