[{"type":"U","date":"2018-05-03T02:07:54.000Z","volume":8000,"label":" ","price":0.375},{"type":"U","date":"2018-05-03T02:07:54.000Z","volume":6000,"label":" ","price":0.375},{"type":"B","date":"2018-05-03T02:15:35.000Z","volume":14000,"label":"Y","price":0.375},{"type":"A","date":"2018-05-03T02:17:39.000Z","volume":2000,"label":" ","price":0.38},{"type":"A","date":"2018-05-03T02:22:09.000Z","volume":2000,"label":" ","price":0.38},{"type":"A","date":"2018-05-03T02:26:39.000Z","volume":2000,"label":" ","price":0.38},{"type":"B","date":"2018-05-03T02:40:35.000Z","volume":2000,"label":" ","price":0.375},{"type":"B","date":"2018-05-03T02:56:19.000Z","volume":120000,"label":"Y","price":0.375},{"type":"B","date":"2018-05-03T02:56:19.000Z","volume":2000,"label":" ","price":0.375},{"type":"A","date":"2018-05-03T02:56:40.000Z","volume":4000,"label":" ","price":0.375},{"type":"B","date":"2018-05-03T02:57:35.000Z","volume":2000,"label":" ","price":0.37},{"type":"A","date":"2018-05-03T03:01:01.000Z","volume":2000,"label":" ","price":0.375},{"type":"A","date":"2018-05-03T03:06:41.000Z","volume":2000,"label":" ","price":0.375},{"type":"A","date":"2018-05-03T03:12:11.000Z","volume":2000,"label":" ","price":0.375},{"type":"B","date":"2018-05-03T03:12:36.000Z","volume":2000,"label":" ","price":0.37},{"type":"B","date":"2018-05-03T03:16:36.000Z","volume":2000,"label":" ","price":0.37},{"type":"A","date":"2018-05-03T03:16:41.000Z","volume":2000,"label":" ","price":0.375},{"type":"A","date":"2018-05-03T03:18:41.000Z","volume":2000,"label":" ","price":0.375},{"type":"A","date":"2018-05-03T03:20:41.000Z","volume":2000,"label":" ","price":0.375},{"type":"A","date":"2018-05-03T03:22:41.000Z","volume":2000,"label":" ","price":0.375},{"type":"A","date":"2018-05-03T03:25:11.000Z","volume":2000,"label":" ","price":0.375},{"type":"A","date":"2018-05-03T03:27:41.000Z","volume":2000,"label":" ","price":0.375},{"type":"A","date":"2018-05-03T05:07:58.000Z","volume":20000,"label":" ","price":0.375},{"type":"A","date":"2018-05-03T05:18:44.000Z","volume":2000,"label":" ","price":0.375},{"type":"B","date":"2018-05-03T05:24:56.000Z","volume":2000,"label":" ","price":0.37},{"type":"A","date":"2018-05-03T05:25:14.000Z","volume":2000,"label":" ","price":0.375},{"type":"B","date":"2018-05-03T05:26:56.000Z","volume":2000,"label":" ","price":0.37},{"type":"B","date":"2018-05-03T05:27:08.000Z","volume":2000,"label":" ","price":0.37},{"type":"A","date":"2018-05-03T05:57:53.000Z","volume":62000,"label":" ","price":0.375},{"type":"A","date":"2018-05-03T05:58:15.000Z","volume":4000,"label":" ","price":0.38},{"type":"B","date":"2018-05-03T05:58:39.000Z","volume":2000,"label":" ","price":0.375},{"type":"A","date":"2018-05-03T06:00:15.000Z","volume":2000,"label":" ","price":0.38},{"type":"A","date":"2018-05-03T06:06:45.000Z","volume":2000,"label":" ","price":0.38},{"type":"B","date":"2018-05-03T06:07:57.000Z","volume":38000,"label":" ","price":0.375},{"type":"A","date":"2018-05-03T06:18:45.000Z","volume":2000,"label":" ","price":0.38},{"type":"B","date":"2018-05-03T06:22:40.000Z","volume":2000,"label":" ","price":0.37},{"type":"A","date":"2018-05-03T06:24:16.000Z","volume":2000,"label":" ","price":0.38},{"type":"A","date":"2018-05-03T06:29:16.000Z","volume":2000,"label":" ","price":0.38},{"type":"A","date":"2018-05-03T06:42:16.000Z","volume":2000,"label":" ","price":0.38},{"type":"A","date":"2018-05-03T06:42:34.000Z","volume":2000,"label":" ","price":0.38},{"type":"A","date":"2018-05-03T07:58:53.000Z","volume":2000,"label":" ","price":0.38}]