[{"type":"U","date":"2018-03-20T01:04:59.000Z","volume":2000,"label":"P","price":33.25},{"type":"U","date":"2018-03-20T01:05:00.000Z","volume":427200,"label":"P","price":33.22},{"type":"U","date":"2018-03-20T01:05:00.000Z","volume":106800,"label":"P","price":33.219},{"type":"U","date":"2018-03-20T01:20:00.000Z","volume":28000,"label":"U","price":33.15},{"type":"B","date":"2018-03-20T01:30:04.000Z","volume":12000,"label":" ","price":33.15},{"type":"B","date":"2018-03-20T01:30:04.000Z","volume":2000,"label":" ","price":33.1},{"type":"A","date":"2018-03-20T01:30:04.000Z","volume":2000,"label":" ","price":33},{"type":"A","date":"2018-03-20T01:30:05.000Z","volume":2000,"label":" ","price":33},{"type":"A","date":"2018-03-20T01:30:05.000Z","volume":4000,"label":" ","price":33},{"type":"A","date":"2018-03-20T01:30:05.000Z","volume":2000,"label":" ","price":33},{"type":"U","date":"2018-03-20T01:30:05.000Z","volume":2000,"label":" ","price":32.95},{"type":"A","date":"2018-03-20T01:30:06.000Z","volume":2000,"label":" ","price":32.95},{"type":"A","date":"2018-03-20T01:30:06.000Z","volume":2000,"label":" ","price":32.95},{"type":"A","date":"2018-03-20T01:30:06.000Z","volume":2000,"label":" ","price":33},{"type":"A","date":"2018-03-20T01:31:16.000Z","volume":4000,"label":" ","price":33},{"type":"A","date":"2018-03-20T01:31:16.000Z","volume":2000,"label":"Y","price":33},{"type":"A","date":"2018-03-20T01:31:16.000Z","volume":10000,"label":" ","price":33},{"type":"A","date":"2018-03-20T01:31:16.000Z","volume":2000,"label":"Y","price":33.1},{"type":"A","date":"2018-03-20T01:31:16.000Z","volume":2000,"label":" ","price":33.1},{"type":"A","date":"2018-03-20T01:31:16.000Z","volume":4000,"label":" ","price":33.1},{"type":"U","date":"2018-03-20T01:31:16.000Z","volume":2000,"label":"X","price":33.075},{"type":"A","date":"2018-03-20T01:31:16.000Z","volume":2000,"label":" ","price":33.15},{"type":"A","date":"2018-03-20T01:31:17.000Z","volume":2000,"label":" ","price":33.15},{"type":"U","date":"2018-03-20T01:31:31.000Z","volume":2000,"label":"X","price":33.1},{"type":"U","date":"2018-03-20T01:31:31.000Z","volume":2000,"label":"X","price":33.1},{"type":"U","date":"2018-03-20T01:31:31.000Z","volume":2000,"label":"X","price":33.15},{"type":"A","date":"2018-03-20T01:31:41.000Z","volume":2000,"label":" ","price":33.2},{"type":"A","date":"2018-03-20T01:31:45.000Z","volume":2000,"label":" ","price":33.2},{"type":"A","date":"2018-03-20T01:31:45.000Z","volume":2000,"label":" ","price":33.2},{"type":"A","date":"2018-03-20T01:31:47.000Z","volume":2000,"label":" ","price":33.25},{"type":"A","date":"2018-03-20T01:31:55.000Z","volume":10000,"label":" ","price":33.25},{"type":"A","date":"2018-03-20T01:31:55.000Z","volume":2000,"label":" ","price":33.25},{"type":"A","date":"2018-03-20T01:31:56.000Z","volume":2000,"label":" ","price":33.2},{"type":"A","date":"2018-03-20T01:31:56.000Z","volume":2000,"label":" ","price":33.2},{"type":"A","date":"2018-03-20T01:31:56.000Z","volume":2000,"label":" ","price":33.3},{"type":"B","date":"2018-03-20T01:31:57.000Z","volume":4000,"label":" ","price":33.25},{"type":"U","date":"2018-03-20T01:31:57.000Z","volume":2000,"label":"X","price":33.3},{"type":"B","date":"2018-03-20T01:31:59.000Z","volume":2000,"label":" ","price":33.3},{"type":"B","date":"2018-03-20T01:31:59.000Z","volume":6000,"label":" ","price":33.3},{"type":"B","date":"2018-03-20T01:32:00.000Z","volume":2000,"label":" ","price":33.3},{"type":"U","date":"2018-03-20T01:32:00.000Z","volume":2000,"label":"X","price":33.25},{"type":"B","date":"2018-03-20T01:32:40.000Z","volume":4000,"label":" ","price":33.25},{"type":"A","date":"2018-03-20T01:32:41.000Z","volume":12000,"label":" ","price":33.35},{"type":"A","date":"2018-03-20T01:32:43.000Z","volume":6000,"label":" ","price":33.45},{"type":"A","date":"2018-03-20T01:32:43.000Z","volume":26000,"label":" ","price":33.5},{"type":"A","date":"2018-03-20T01:32:43.000Z","volume":6000,"label":" ","price":33.45},{"type":"U","date":"2018-03-20T01:33:00.000Z","volume":2000,"label":"X","price":33.35},{"type":"U","date":"2018-03-20T01:33:01.000Z","volume":2000,"label":"X","price":33.35},{"type":"U","date":"2018-03-20T01:33:01.000Z","volume":2000,"label":"X","price":33.35},{"type":"U","date":"2018-03-20T01:33:02.000Z","volume":2000,"label":" ","price":33.4},{"type":"B","date":"2018-03-20T01:33:02.000Z","volume":2000,"label":"Y","price":33.4},{"type":"A","date":"2018-03-20T01:33:12.000Z","volume":6000,"label":" ","price":33.45},{"type":"A","date":"2018-03-20T01:33:12.000Z","volume":6000,"label":" ","price":33.45},{"type":"A","date":"2018-03-20T01:33:12.000Z","volume":2000,"label":" ","price":33.45},{"type":"U","date":"2018-03-20T01:35:12.000Z","volume":2000,"label":"X","price":33.425},{"type":"A","date":"2018-03-20T01:35:12.000Z","volume":2000,"label":" ","price":33.45},{"type":"U","date":"2018-03-20T01:35:13.000Z","volume":2000,"label":"X","price":33.35},{"type":"U","date":"2018-03-20T01:35:13.000Z","volume":2000,"label":"X","price":33.35},{"type":"A","date":"2018-03-20T01:35:36.000Z","volume":2000,"label":" ","price":33.45},{"type":"A","date":"2018-03-20T01:35:37.000Z","volume":2000,"label":" ","price":33.45},{"type":"A","date":"2018-03-20T01:35:44.000Z","volume":4000,"label":" ","price":33.4},{"type":"U","date":"2018-03-20T01:36:03.000Z","volume":2000,"label":"X","price":33.35},{"type":"U","date":"2018-03-20T01:36:03.000Z","volume":2000,"label":"X","price":33.35},{"type":"A","date":"2018-03-20T01:36:20.000Z","volume":2000,"label":"Y","price":33.45},{"type":"U","date":"2018-03-20T01:36:20.000Z","volume":6000,"label":" ","price":33.4},{"type":"A","date":"2018-03-20T01:36:20.000Z","volume":2000,"label":" ","price":33.45},{"type":"A","date":"2018-03-20T01:36:20.000Z","volume":2000,"label":" ","price":33.45},{"type":"U","date":"2018-03-20T01:36:21.000Z","volume":2000,"label":"X","price":33.4},{"type":"A","date":"2018-03-20T01:36:33.000Z","volume":2000,"label":" ","price":33.45},{"type":"A","date":"2018-03-20T01:37:10.000Z","volume":2000,"label":" ","price":33.45},{"type":"A","date":"2018-03-20T01:37:11.000Z","volume":2000,"label":" ","price":33.45},{"type":"A","date":"2018-03-20T01:37:22.000Z","volume":2000,"label":" ","price":33.45},{"type":"A","date":"2018-03-20T01:37:23.000Z","volume":2000,"label":" ","price":33.45},{"type":"A","date":"2018-03-20T01:37:23.000Z","volume":2000,"label":"Y","price":33.45},{"type":"A","date":"2018-03-20T01:37:52.000Z","volume":2000,"label":" ","price":33.45},{"type":"A","date":"2018-03-20T01:37:53.000Z","volume":2000,"label":"Y","price":33.45},{"type":"B","date":"2018-03-20T01:37:57.000Z","volume":2000,"label":" ","price":33.35},{"type":"U","date":"2018-03-20T01:37:58.000Z","volume":2000,"label":"X","price":33.4},{"type":"U","date":"2018-03-20T01:38:00.000Z","volume":2000,"label":" ","price":33.4},{"type":"B","date":"2018-03-20T01:38:00.000Z","volume":2000,"label":"Y","price":33.4},{"type":"B","date":"2018-03-20T01:38:00.000Z","volume":6000,"label":" ","price":33.4},{"type":"A","date":"2018-03-20T01:38:00.000Z","volume":2000,"label":" ","price":33.4},{"type":"A","date":"2018-03-20T01:38:00.000Z","volume":2000,"label":" ","price":33.4},{"type":"U","date":"2018-03-20T01:38:01.000Z","volume":2000,"label":"X","price":33.4},{"type":"A","date":"2018-03-20T01:39:12.000Z","volume":2000,"label":" ","price":33.4},{"type":"A","date":"2018-03-20T01:39:14.000Z","volume":2000,"label":" ","price":33.4},{"type":"B","date":"2018-03-20T01:39:14.000Z","volume":2000,"label":" ","price":33.35},{"type":"A","date":"2018-03-20T01:39:15.000Z","volume":2000,"label":" ","price":33.4},{"type":"A","date":"2018-03-20T01:39:15.000Z","volume":2000,"label":" ","price":33.4},{"type":"A","date":"2018-03-20T01:39:15.000Z","volume":4000,"label":" ","price":33.4},{"type":"A","date":"2018-03-20T01:39:15.000Z","volume":10000,"label":" ","price":33.4},{"type":"B","date":"2018-03-20T01:39:15.000Z","volume":2000,"label":"Y","price":33.35},{"type":"A","date":"2018-03-20T01:39:19.000Z","volume":2000,"label":" ","price":33.45},{"type":"A","date":"2018-03-20T01:39:19.000Z","volume":4000,"label":" ","price":33.45},{"type":"B","date":"2018-03-20T01:39:19.000Z","volume":2000,"label":" ","price":33.35},{"type":"A","date":"2018-03-20T01:39:19.000Z","volume":2000,"label":" ","price":33.45},{"type":"A","date":"2018-03-20T01:39:19.000Z","volume":2000,"label":" ","price":33.45},{"type":"B","date":"2018-03-20T01:39:19.000Z","volume":2000,"label":" ","price":33.4},{"type":"A","date":"2018-03-20T01:39:19.000Z","volume":2000,"label":" ","price":33.5},{"type":"B","date":"2018-03-20T01:39:19.000Z","volume":2000,"label":" ","price":33.4},{"type":"B","date":"2018-03-20T01:39:19.000Z","volume":6000,"label":" ","price":33.5},{"type":"A","date":"2018-03-20T01:39:20.000Z","volume":2000,"label":" ","price":33.45},{"type":"U","date":"2018-03-20T01:39:21.000Z","volume":2000,"label":"X","price":33.4},{"type":"A","date":"2018-03-20T01:39:32.000Z","volume":2000,"label":" ","price":33.45},{"type":"A","date":"2018-03-20T01:39:33.000Z","volume":2000,"label":" ","price":33.5},{"type":"A","date":"2018-03-20T01:39:34.000Z","volume":2000,"label":" ","price":33.5},{"type":"A","date":"2018-03-20T01:40:45.000Z","volume":2000,"label":" ","price":33.5},{"type":"A","date":"2018-03-20T01:42:15.000Z","volume":2000,"label":" ","price":33.5},{"type":"A","date":"2018-03-20T01:42:51.000Z","volume":6000,"label":" ","price":33.5},{"type":"B","date":"2018-03-20T01:42:51.000Z","volume":2000,"label":" ","price":33.4},{"type":"A","date":"2018-03-20T01:42:52.000Z","volume":2000,"label":" ","price":33.5},{"type":"A","date":"2018-03-20T01:42:52.000Z","volume":6000,"label":" ","price":33.5},{"type":"U","date":"2018-03-20T01:42:52.000Z","volume":2000,"label":" ","price":33.45},{"type":"A","date":"2018-03-20T01:42:52.000Z","volume":18000,"label":" ","price":33.5},{"type":"A","date":"2018-03-20T01:42:52.000Z","volume":8000,"label":" ","price":33.5},{"type":"A","date":"2018-03-20T01:42:52.000Z","volume":4000,"label":" ","price":33.5},{"type":"A","date":"2018-03-20T01:42:52.000Z","volume":2000,"label":" ","price":33.5},{"type":"U","date":"2018-03-20T01:42:52.000Z","volume":6000,"label":" ","price":33.45},{"type":"A","date":"2018-03-20T01:42:52.000Z","volume":2000,"label":" ","price":33.5},{"type":"A","date":"2018-03-20T01:42:52.000Z","volume":2000,"label":" ","price":33.5},{"type":"A","date":"2018-03-20T01:42:55.000Z","volume":2000,"label":" ","price":33.55},{"type":"A","date":"2018-03-20T01:42:55.000Z","volume":2000,"label":" ","price":33.55},{"type":"U","date":"2018-03-20T01:43:03.000Z","volume":2000,"label":"X","price":33.4},{"type":"U","date":"2018-03-20T01:43:35.000Z","volume":48,"label":"D","price":33.15},{"type":"A","date":"2018-03-20T01:43:36.000Z","volume":2000,"label":"Y","price":33.55},{"type":"A","date":"2018-03-20T01:43:36.000Z","volume":16000,"label":" ","price":33.55},{"type":"B","date":"2018-03-20T01:43:36.000Z","volume":2000,"label":" ","price":33.5},{"type":"A","date":"2018-03-20T01:43:57.000Z","volume":2000,"label":" ","price":33.6},{"type":"B","date":"2018-03-20T01:43:57.000Z","volume":2000,"label":" ","price":33.5},{"type":"A","date":"2018-03-20T01:44:00.000Z","volume":2000,"label":" ","price":33.55},{"type":"A","date":"2018-03-20T01:45:11.000Z","volume":6000,"label":" ","price":33.6},{"type":"A","date":"2018-03-20T01:45:11.000Z","volume":2000,"label":" ","price":33.6},{"type":"A","date":"2018-03-20T01:45:38.000Z","volume":2000,"label":" ","price":33.55},{"type":"A","date":"2018-03-20T01:46:08.000Z","volume":2000,"label":" ","price":33.55},{"type":"A","date":"2018-03-20T01:46:09.000Z","volume":6000,"label":" ","price":33.55},{"type":"A","date":"2018-03-20T01:46:09.000Z","volume":4000,"label":" ","price":33.55},{"type":"A","date":"2018-03-20T01:46:09.000Z","volume":4000,"label":"Y","price":33.55},{"type":"A","date":"2018-03-20T01:46:09.000Z","volume":14000,"label":" ","price":33.55},{"type":"A","date":"2018-03-20T01:46:09.000Z","volume":4000,"label":" ","price":33.55},{"type":"A","date":"2018-03-20T01:46:09.000Z","volume":2000,"label":" ","price":33.6},{"type":"A","date":"2018-03-20T01:46:09.000Z","volume":4000,"label":" ","price":33.55},{"type":"A","date":"2018-03-20T01:46:09.000Z","volume":2000,"label":" ","price":33.6},{"type":"U","date":"2018-03-20T01:46:10.000Z","volume":2000,"label":" ","price":33.55},{"type":"A","date":"2018-03-20T01:46:10.000Z","volume":2000,"label":" ","price":33.6},{"type":"U","date":"2018-03-20T01:46:11.000Z","volume":2000,"label":"X","price":33.6},{"type":"A","date":"2018-03-20T01:46:24.000Z","volume":2000,"label":" ","price":33.65},{"type":"A","date":"2018-03-20T01:46:44.000Z","volume":2000,"label":" ","price":33.65},{"type":"U","date":"2018-03-20T01:46:44.000Z","volume":2000,"label":"X","price":33.6},{"type":"U","date":"2018-03-20T01:47:03.000Z","volume":2000,"label":"X","price":33.6},{"type":"U","date":"2018-03-20T01:47:03.000Z","volume":2000,"label":"X","price":33.6},{"type":"A","date":"2018-03-20T01:47:16.000Z","volume":2000,"label":" ","price":33.7},{"type":"B","date":"2018-03-20T01:47:43.000Z","volume":12000,"label":" ","price":33.65},{"type":"U","date":"2018-03-20T01:47:43.000Z","volume":2000,"label":"X","price":33.65},{"type":"B","date":"2018-03-20T01:48:04.000Z","volume":2000,"label":" ","price":33.65},{"type":"A","date":"2018-03-20T01:51:08.000Z","volume":2000,"label":" ","price":33.7},{"type":"A","date":"2018-03-20T01:51:38.000Z","volume":2000,"label":" ","price":33.7},{"type":"B","date":"2018-03-20T01:52:45.000Z","volume":2000,"label":" ","price":33.65},{"type":"B","date":"2018-03-20T01:52:53.000Z","volume":2000,"label":" ","price":33.65},{"type":"B","date":"2018-03-20T01:53:01.000Z","volume":6000,"label":" ","price":33.65},{"type":"B","date":"2018-03-20T01:53:01.000Z","volume":18000,"label":" ","price":33.6},{"type":"U","date":"2018-03-20T01:53:02.000Z","volume":2000,"label":"X","price":33.625},{"type":"B","date":"2018-03-20T01:53:02.000Z","volume":4000,"label":" ","price":33.55},{"type":"B","date":"2018-03-20T01:53:02.000Z","volume":4000,"label":" ","price":33.55},{"type":"U","date":"2018-03-20T01:53:06.000Z","volume":2000,"label":"X","price":33.55},{"type":"U","date":"2018-03-20T01:53:06.000Z","volume":2000,"label":"X","price":33.55},{"type":"B","date":"2018-03-20T01:53:08.000Z","volume":6000,"label":" ","price":33.6},{"type":"A","date":"2018-03-20T01:53:09.000Z","volume":2000,"label":" ","price":33.65},{"type":"B","date":"2018-03-20T01:53:09.000Z","volume":4000,"label":" ","price":33.6},{"type":"B","date":"2018-03-20T01:53:09.000Z","volume":4000,"label":" ","price":33.55},{"type":"B","date":"2018-03-20T01:53:09.000Z","volume":4000,"label":" ","price":33.6},{"type":"B","date":"2018-03-20T01:53:10.000Z","volume":2000,"label":"Y","price":33.55},{"type":"B","date":"2018-03-20T01:53:10.000Z","volume":2000,"label":" ","price":33.55},{"type":"B","date":"2018-03-20T01:53:12.000Z","volume":2000,"label":" ","price":33.6},{"type":"B","date":"2018-03-20T01:53:12.000Z","volume":2000,"label":" ","price":33.6},{"type":"B","date":"2018-03-20T01:53:13.000Z","volume":2000,"label":" ","price":33.55},{"type":"B","date":"2018-03-20T01:53:17.000Z","volume":2000,"label":" ","price":33.6},{"type":"B","date":"2018-03-20T01:53:17.000Z","volume":2000,"label":" ","price":33.6},{"type":"B","date":"2018-03-20T01:53:17.000Z","volume":2000,"label":" ","price":33.5},{"type":"A","date":"2018-03-20T01:53:53.000Z","volume":36000,"label":" ","price":33.65},{"type":"A","date":"2018-03-20T01:53:53.000Z","volume":2000,"label":"Y","price":33.65},{"type":"A","date":"2018-03-20T01:53:53.000Z","volume":10000,"label":" ","price":33.65},{"type":"B","date":"2018-03-20T01:53:53.000Z","volume":4000,"label":" ","price":33.5},{"type":"B","date":"2018-03-20T01:53:53.000Z","volume":4000,"label":" ","price":33.5},{"type":"A","date":"2018-03-20T01:53:54.000Z","volume":2000,"label":" ","price":33.6},{"type":"U","date":"2018-03-20T01:53:55.000Z","volume":2000,"label":"X","price":33.55},{"type":"U","date":"2018-03-20T01:53:55.000Z","volume":2000,"label":"X","price":33.5},{"type":"B","date":"2018-03-20T01:53:58.000Z","volume":4000,"label":" ","price":33.5},{"type":"A","date":"2018-03-20T01:54:37.000Z","volume":6000,"label":" ","price":33.6},{"type":"B","date":"2018-03-20T01:54:37.000Z","volume":2000,"label":" ","price":33.5},{"type":"A","date":"2018-03-20T01:54:38.000Z","volume":6000,"label":" ","price":33.6},{"type":"U","date":"2018-03-20T01:54:38.000Z","volume":2000,"label":" ","price":33.6},{"type":"B","date":"2018-03-20T01:54:38.000Z","volume":4000,"label":" ","price":33.6},{"type":"U","date":"2018-03-20T01:54:39.000Z","volume":2000,"label":"X","price":33.625},{"type":"B","date":"2018-03-20T01:54:39.000Z","volume":4000,"label":" ","price":33.6},{"type":"U","date":"2018-03-20T01:54:41.000Z","volume":2000,"label":"X","price":33.6},{"type":"B","date":"2018-03-20T01:54:54.000Z","volume":4000,"label":" ","price":33.6},{"type":"B","date":"2018-03-20T01:57:12.000Z","volume":2000,"label":" ","price":33.6},{"type":"A","date":"2018-03-20T01:57:30.000Z","volume":2000,"label":" ","price":33.65},{"type":"A","date":"2018-03-20T01:57:47.000Z","volume":20000,"label":" ","price":33.65},{"type":"A","date":"2018-03-20T01:57:47.000Z","volume":2000,"label":" ","price":33.65},{"type":"B","date":"2018-03-20T01:57:57.000Z","volume":4000,"label":" ","price":33.6},{"type":"A","date":"2018-03-20T01:58:17.000Z","volume":18000,"label":" ","price":33.65},{"type":"A","date":"2018-03-20T01:58:17.000Z","volume":2000,"label":" ","price":33.65},{"type":"A","date":"2018-03-20T01:59:01.000Z","volume":2000,"label":" ","price":33.75},{"type":"A","date":"2018-03-20T02:00:20.000Z","volume":2000,"label":" ","price":33.75},{"type":"A","date":"2018-03-20T02:00:30.000Z","volume":4000,"label":" ","price":33.75},{"type":"A","date":"2018-03-20T02:00:31.000Z","volume":4000,"label":" ","price":33.75},{"type":"U","date":"2018-03-20T02:00:32.000Z","volume":2000,"label":"X","price":33.7},{"type":"B","date":"2018-03-20T02:00:49.000Z","volume":14000,"label":" ","price":33.65},{"type":"U","date":"2018-03-20T02:00:49.000Z","volume":2000,"label":"X","price":33.6},{"type":"A","date":"2018-03-20T02:00:51.000Z","volume":2000,"label":" ","price":33.65},{"type":"A","date":"2018-03-20T02:00:52.000Z","volume":14000,"label":" ","price":33.65},{"type":"U","date":"2018-03-20T02:00:52.000Z","volume":2000,"label":"X","price":33.65},{"type":"U","date":"2018-03-20T02:00:52.000Z","volume":4000,"label":" ","price":33.65},{"type":"B","date":"2018-03-20T02:01:13.000Z","volume":4000,"label":" ","price":33.7},{"type":"U","date":"2018-03-20T02:01:13.000Z","volume":2000,"label":"X","price":33.65},{"type":"A","date":"2018-03-20T02:01:50.000Z","volume":2000,"label":"Y","price":33.75},{"type":"B","date":"2018-03-20T02:01:53.000Z","volume":4000,"label":" ","price":33.65},{"type":"B","date":"2018-03-20T02:02:10.000Z","volume":2000,"label":" ","price":33.65},{"type":"A","date":"2018-03-20T02:02:47.000Z","volume":2000,"label":" ","price":33.7},{"type":"A","date":"2018-03-20T02:04:43.000Z","volume":2000,"label":" ","price":33.7},{"type":"B","date":"2018-03-20T02:04:44.000Z","volume":2000,"label":" ","price":33.65},{"type":"B","date":"2018-03-20T02:04:44.000Z","volume":4000,"label":" ","price":33.65},{"type":"U","date":"2018-03-20T02:04:46.000Z","volume":2000,"label":"X","price":33.65},{"type":"B","date":"2018-03-20T02:04:56.000Z","volume":2000,"label":" ","price":33.6},{"type":"B","date":"2018-03-20T02:06:36.000Z","volume":6000,"label":"Y","price":33.65},{"type":"B","date":"2018-03-20T02:06:36.000Z","volume":4000,"label":" ","price":33.65},{"type":"B","date":"2018-03-20T02:06:36.000Z","volume":2000,"label":" ","price":33.65},{"type":"U","date":"2018-03-20T02:06:37.000Z","volume":2000,"label":"X","price":33.65},{"type":"U","date":"2018-03-20T02:06:58.000Z","volume":4000,"label":" ","price":33.65},{"type":"U","date":"2018-03-20T02:08:15.000Z","volume":2000,"label":"X","price":33.65},{"type":"U","date":"2018-03-20T02:08:15.000Z","volume":2000,"label":"X","price":33.65},{"type":"A","date":"2018-03-20T02:09:17.000Z","volume":2000,"label":" ","price":33.7},{"type":"U","date":"2018-03-20T02:09:51.000Z","volume":2000,"label":"X","price":33.65},{"type":"B","date":"2018-03-20T02:10:03.000Z","volume":2000,"label":" ","price":33.65},{"type":"A","date":"2018-03-20T02:11:49.000Z","volume":2000,"label":" ","price":33.7},{"type":"A","date":"2018-03-20T02:12:42.000Z","volume":10000,"label":"Y","price":33.7},{"type":"A","date":"2018-03-20T02:12:42.000Z","volume":4000,"label":" ","price":33.7},{"type":"A","date":"2018-03-20T02:12:44.000Z","volume":2000,"label":" ","price":33.7},{"type":"A","date":"2018-03-20T02:12:51.000Z","volume":2000,"label":" ","price":33.7},{"type":"B","date":"2018-03-20T02:12:55.000Z","volume":6000,"label":" ","price":33.65},{"type":"A","date":"2018-03-20T02:12:55.000Z","volume":2000,"label":" ","price":33.7},{"type":"A","date":"2018-03-20T02:12:55.000Z","volume":4000,"label":"Y","price":33.7},{"type":"A","date":"2018-03-20T02:14:46.000Z","volume":2000,"label":" ","price":33.7},{"type":"A","date":"2018-03-20T02:14:51.000Z","volume":2000,"label":" ","price":33.7},{"type":"A","date":"2018-03-20T02:14:51.000Z","volume":2000,"label":" ","price":33.7},{"type":"A","date":"2018-03-20T02:16:11.000Z","volume":8000,"label":" ","price":33.7},{"type":"B","date":"2018-03-20T02:16:11.000Z","volume":2000,"label":" ","price":33.65},{"type":"A","date":"2018-03-20T02:16:17.000Z","volume":4000,"label":"Y","price":33.7},{"type":"A","date":"2018-03-20T02:16:17.000Z","volume":2000,"label":" ","price":33.7},{"type":"A","date":"2018-03-20T02:16:20.000Z","volume":2000,"label":" ","price":33.7},{"type":"A","date":"2018-03-20T02:16:26.000Z","volume":2000,"label":" ","price":33.7},{"type":"A","date":"2018-03-20T02:16:26.000Z","volume":2000,"label":"Y","price":33.7},{"type":"A","date":"2018-03-20T02:16:45.000Z","volume":2000,"label":" ","price":33.7},{"type":"A","date":"2018-03-20T02:16:48.000Z","volume":2000,"label":" ","price":33.7},{"type":"A","date":"2018-03-20T02:16:48.000Z","volume":2000,"label":"Y","price":33.7},{"type":"U","date":"2018-03-20T02:17:25.000Z","volume":2000,"label":"X","price":33.65},{"type":"A","date":"2018-03-20T02:17:36.000Z","volume":2000,"label":" ","price":33.7},{"type":"A","date":"2018-03-20T02:17:49.000Z","volume":2000,"label":" ","price":33.7},{"type":"A","date":"2018-03-20T02:17:49.000Z","volume":2000,"label":" ","price":33.7},{"type":"A","date":"2018-03-20T02:17:51.000Z","volume":2000,"label":" ","price":33.7},{"type":"A","date":"2018-03-20T02:17:51.000Z","volume":2000,"label":" ","price":33.7},{"type":"A","date":"2018-03-20T02:17:51.000Z","volume":2000,"label":"Y","price":33.7},{"type":"A","date":"2018-03-20T02:18:01.000Z","volume":2000,"label":" ","price":33.7},{"type":"A","date":"2018-03-20T02:19:29.000Z","volume":10000,"label":" ","price":33.7},{"type":"A","date":"2018-03-20T02:19:29.000Z","volume":4000,"label":" ","price":33.7},{"type":"A","date":"2018-03-20T02:19:29.000Z","volume":2000,"label":" ","price":33.7},{"type":"A","date":"2018-03-20T02:19:29.000Z","volume":2000,"label":" ","price":33.7},{"type":"A","date":"2018-03-20T02:19:29.000Z","volume":2000,"label":" ","price":33.7},{"type":"A","date":"2018-03-20T02:19:29.000Z","volume":2000,"label":" ","price":33.7},{"type":"A","date":"2018-03-20T02:19:29.000Z","volume":2000,"label":" ","price":33.7},{"type":"A","date":"2018-03-20T02:19:37.000Z","volume":2000,"label":" ","price":33.7},{"type":"A","date":"2018-03-20T02:19:37.000Z","volume":2000,"label":"Y","price":33.7},{"type":"A","date":"2018-03-20T02:19:39.000Z","volume":2000,"label":"Y","price":33.7},{"type":"B","date":"2018-03-20T02:19:57.000Z","volume":6000,"label":" ","price":33.7},{"type":"A","date":"2018-03-20T02:20:09.000Z","volume":2000,"label":" ","price":33.75},{"type":"A","date":"2018-03-20T02:20:39.000Z","volume":2000,"label":" ","price":33.75},{"type":"B","date":"2018-03-20T02:22:50.000Z","volume":4000,"label":" ","price":33.7},{"type":"B","date":"2018-03-20T02:24:30.000Z","volume":26000,"label":" ","price":33.7},{"type":"U","date":"2018-03-20T02:24:30.000Z","volume":2000,"label":" ","price":33.7},{"type":"U","date":"2018-03-20T02:24:30.000Z","volume":2000,"label":"X","price":33.7},{"type":"B","date":"2018-03-20T02:24:30.000Z","volume":2000,"label":" ","price":33.7},{"type":"B","date":"2018-03-20T02:24:32.000Z","volume":8000,"label":" ","price":33.7},{"type":"B","date":"2018-03-20T02:24:33.000Z","volume":2000,"label":" ","price":33.65},{"type":"A","date":"2018-03-20T02:24:38.000Z","volume":2000,"label":" ","price":33.75},{"type":"U","date":"2018-03-20T02:24:40.000Z","volume":2000,"label":"X","price":33.7},{"type":"B","date":"2018-03-20T02:24:47.000Z","volume":2000,"label":" ","price":33.7},{"type":"B","date":"2018-03-20T02:24:47.000Z","volume":4000,"label":" ","price":33.7},{"type":"A","date":"2018-03-20T02:24:48.000Z","volume":2000,"label":" ","price":33.75},{"type":"B","date":"2018-03-20T02:24:51.000Z","volume":2000,"label":" ","price":33.7},{"type":"A","date":"2018-03-20T02:26:38.000Z","volume":2000,"label":" ","price":33.75},{"type":"A","date":"2018-03-20T02:28:55.000Z","volume":2000,"label":" ","price":33.75},{"type":"A","date":"2018-03-20T02:29:06.000Z","volume":2000,"label":" ","price":33.75},{"type":"A","date":"2018-03-20T02:29:06.000Z","volume":42000,"label":" ","price":33.75},{"type":"A","date":"2018-03-20T02:29:09.000Z","volume":2000,"label":" ","price":33.8},{"type":"A","date":"2018-03-20T02:29:53.000Z","volume":2000,"label":" ","price":33.8},{"type":"U","date":"2018-03-20T02:33:32.000Z","volume":2000,"label":"X","price":33.75},{"type":"A","date":"2018-03-20T02:33:59.000Z","volume":10000,"label":" ","price":33.8},{"type":"A","date":"2018-03-20T02:34:00.000Z","volume":10000,"label":" ","price":33.8},{"type":"A","date":"2018-03-20T02:34:00.000Z","volume":26000,"label":" ","price":33.8},{"type":"A","date":"2018-03-20T02:34:00.000Z","volume":10000,"label":" ","price":33.8},{"type":"A","date":"2018-03-20T02:34:00.000Z","volume":4000,"label":" ","price":33.85},{"type":"A","date":"2018-03-20T02:34:00.000Z","volume":16000,"label":" ","price":33.85},{"type":"A","date":"2018-03-20T02:34:00.000Z","volume":2000,"label":" ","price":33.9},{"type":"A","date":"2018-03-20T02:34:00.000Z","volume":2000,"label":" ","price":33.9},{"type":"A","date":"2018-03-20T02:34:00.000Z","volume":4000,"label":" ","price":33.9},{"type":"A","date":"2018-03-20T02:34:00.000Z","volume":2000,"label":" ","price":33.9},{"type":"A","date":"2018-03-20T02:34:01.000Z","volume":2000,"label":" ","price":33.9},{"type":"A","date":"2018-03-20T02:34:01.000Z","volume":4000,"label":" ","price":33.9},{"type":"U","date":"2018-03-20T02:34:01.000Z","volume":2000,"label":"X","price":33.85},{"type":"B","date":"2018-03-20T02:34:01.000Z","volume":2000,"label":"Y","price":33.9},{"type":"B","date":"2018-03-20T02:34:01.000Z","volume":2000,"label":" ","price":33.9},{"type":"A","date":"2018-03-20T02:34:02.000Z","volume":2000,"label":" ","price":33.95},{"type":"A","date":"2018-03-20T02:34:02.000Z","volume":2000,"label":" ","price":33.95},{"type":"B","date":"2018-03-20T02:34:05.000Z","volume":10000,"label":" ","price":33.9},{"type":"U","date":"2018-03-20T02:34:13.000Z","volume":2000,"label":"X","price":33.875},{"type":"A","date":"2018-03-20T02:39:02.000Z","volume":2000,"label":" ","price":33.95},{"type":"B","date":"2018-03-20T02:39:12.000Z","volume":8000,"label":" ","price":33.9},{"type":"U","date":"2018-03-20T02:39:13.000Z","volume":2000,"label":"X","price":33.85},{"type":"U","date":"2018-03-20T02:39:16.000Z","volume":2000,"label":"X","price":33.9},{"type":"U","date":"2018-03-20T02:39:16.000Z","volume":2000,"label":"X","price":33.9},{"type":"B","date":"2018-03-20T02:39:19.000Z","volume":6000,"label":" ","price":33.85},{"type":"A","date":"2018-03-20T02:39:21.000Z","volume":2000,"label":" ","price":33.9},{"type":"B","date":"2018-03-20T02:43:57.000Z","volume":6000,"label":" ","price":33.85},{"type":"B","date":"2018-03-20T02:43:57.000Z","volume":14000,"label":" ","price":33.85},{"type":"B","date":"2018-03-20T02:43:57.000Z","volume":16000,"label":" ","price":33.8},{"type":"B","date":"2018-03-20T02:43:57.000Z","volume":2000,"label":" ","price":33.8},{"type":"U","date":"2018-03-20T02:43:57.000Z","volume":2000,"label":"X","price":33.825},{"type":"U","date":"2018-03-20T02:44:02.000Z","volume":2000,"label":"X","price":33.75},{"type":"U","date":"2018-03-20T02:44:04.000Z","volume":2000,"label":"X","price":33.8},{"type":"U","date":"2018-03-20T02:44:26.000Z","volume":2000,"label":"X","price":33.75},{"type":"B","date":"2018-03-20T02:47:59.000Z","volume":4000,"label":" ","price":33.75},{"type":"U","date":"2018-03-20T02:48:01.000Z","volume":2000,"label":"X","price":33.8},{"type":"B","date":"2018-03-20T02:49:56.000Z","volume":2000,"label":"Y","price":33.75},{"type":"B","date":"2018-03-20T02:51:13.000Z","volume":2000,"label":" ","price":33.75},{"type":"A","date":"2018-03-20T02:52:33.000Z","volume":14000,"label":" ","price":33.8},{"type":"U","date":"2018-03-20T02:52:35.000Z","volume":2000,"label":"X","price":33.775},{"type":"B","date":"2018-03-20T02:53:30.000Z","volume":2000,"label":"Y","price":33.75},{"type":"A","date":"2018-03-20T02:54:05.000Z","volume":16000,"label":" ","price":33.8},{"type":"A","date":"2018-03-20T02:54:06.000Z","volume":16000,"label":" ","price":33.8},{"type":"A","date":"2018-03-20T02:54:16.000Z","volume":2000,"label":" ","price":33.8},{"type":"A","date":"2018-03-20T02:55:02.000Z","volume":2000,"label":" ","price":33.8},{"type":"A","date":"2018-03-20T02:59:58.000Z","volume":4000,"label":" ","price":33.8},{"type":"A","date":"2018-03-20T03:00:00.000Z","volume":4000,"label":" ","price":33.8},{"type":"A","date":"2018-03-20T03:00:40.000Z","volume":2000,"label":" ","price":33.8},{"type":"A","date":"2018-03-20T03:03:30.000Z","volume":2000,"label":" ","price":33.8},{"type":"B","date":"2018-03-20T03:04:19.000Z","volume":2000,"label":" ","price":33.75},{"type":"A","date":"2018-03-20T03:04:27.000Z","volume":2000,"label":"Y","price":33.8},{"type":"B","date":"2018-03-20T03:04:51.000Z","volume":46000,"label":" ","price":33.75},{"type":"U","date":"2018-03-20T03:04:51.000Z","volume":2000,"label":"X","price":33.75},{"type":"U","date":"2018-03-20T03:04:51.000Z","volume":2000,"label":"X","price":33.75},{"type":"U","date":"2018-03-20T03:04:53.000Z","volume":2000,"label":"X","price":33.7},{"type":"U","date":"2018-03-20T03:04:53.000Z","volume":2000,"label":"X","price":33.7},{"type":"B","date":"2018-03-20T03:04:53.000Z","volume":14000,"label":" ","price":33.7},{"type":"A","date":"2018-03-20T03:04:57.000Z","volume":2000,"label":" ","price":33.8},{"type":"A","date":"2018-03-20T03:05:15.000Z","volume":2000,"label":" ","price":33.8},{"type":"U","date":"2018-03-20T03:05:28.000Z","volume":1239,"label":"D","price":33.8},{"type":"B","date":"2018-03-20T03:06:31.000Z","volume":10000,"label":" ","price":33.75},{"type":"U","date":"2018-03-20T03:06:34.000Z","volume":4000,"label":"X","price":33.75},{"type":"B","date":"2018-03-20T03:08:23.000Z","volume":2000,"label":" ","price":33.75},{"type":"U","date":"2018-03-20T03:09:26.000Z","volume":2000,"label":"X","price":33.75},{"type":"B","date":"2018-03-20T03:10:50.000Z","volume":2000,"label":" ","price":33.75},{"type":"B","date":"2018-03-20T03:10:50.000Z","volume":6000,"label":" ","price":33.75},{"type":"U","date":"2018-03-20T03:10:51.000Z","volume":2000,"label":"X","price":33.7},{"type":"U","date":"2018-03-20T03:11:24.000Z","volume":2000,"label":" ","price":33.75},{"type":"A","date":"2018-03-20T03:15:58.000Z","volume":2000,"label":" ","price":33.75},{"type":"A","date":"2018-03-20T03:20:19.000Z","volume":2000,"label":" ","price":33.75},{"type":"A","date":"2018-03-20T03:21:00.000Z","volume":2000,"label":" ","price":33.75},{"type":"A","date":"2018-03-20T03:21:01.000Z","volume":2000,"label":" ","price":33.75},{"type":"U","date":"2018-03-20T03:21:47.000Z","volume":2000,"label":"X","price":33.7},{"type":"U","date":"2018-03-20T03:21:47.000Z","volume":2000,"label":"X","price":33.7},{"type":"B","date":"2018-03-20T03:22:04.000Z","volume":2000,"label":" ","price":33.7},{"type":"B","date":"2018-03-20T03:22:06.000Z","volume":8000,"label":" ","price":33.7},{"type":"U","date":"2018-03-20T03:22:11.000Z","volume":2000,"label":"X","price":33.725},{"type":"B","date":"2018-03-20T03:22:35.000Z","volume":2000,"label":" ","price":33.7},{"type":"B","date":"2018-03-20T03:23:30.000Z","volume":2000,"label":" ","price":33.7},{"type":"U","date":"2018-03-20T03:23:31.000Z","volume":2000,"label":"X","price":33.7},{"type":"U","date":"2018-03-20T03:23:31.000Z","volume":4000,"label":"X","price":33.7},{"type":"B","date":"2018-03-20T03:24:20.000Z","volume":6000,"label":" ","price":33.7},{"type":"A","date":"2018-03-20T03:27:27.000Z","volume":4000,"label":" ","price":33.75},{"type":"A","date":"2018-03-20T03:27:28.000Z","volume":4000,"label":" ","price":33.75},{"type":"U","date":"2018-03-20T03:27:31.000Z","volume":2000,"label":"X","price":33.7},{"type":"U","date":"2018-03-20T03:27:31.000Z","volume":2000,"label":"X","price":33.7},{"type":"A","date":"2018-03-20T03:28:04.000Z","volume":2000,"label":" ","price":33.75},{"type":"A","date":"2018-03-20T03:28:22.000Z","volume":2000,"label":"Y","price":33.75},{"type":"A","date":"2018-03-20T03:31:41.000Z","volume":2000,"label":"Y","price":33.75},{"type":"B","date":"2018-03-20T03:32:12.000Z","volume":2000,"label":" ","price":33.7},{"type":"A","date":"2018-03-20T03:33:40.000Z","volume":2000,"label":" ","price":33.75},{"type":"B","date":"2018-03-20T03:33:42.000Z","volume":2000,"label":" ","price":33.7},{"type":"A","date":"2018-03-20T03:33:53.000Z","volume":2000,"label":"Y","price":33.75},{"type":"A","date":"2018-03-20T03:34:12.000Z","volume":50000,"label":" ","price":33.75},{"type":"A","date":"2018-03-20T03:34:13.000Z","volume":2000,"label":" ","price":33.75},{"type":"A","date":"2018-03-20T03:34:13.000Z","volume":2000,"label":"Y","price":33.75},{"type":"U","date":"2018-03-20T03:34:14.000Z","volume":2000,"label":"X","price":33.725},{"type":"U","date":"2018-03-20T03:34:14.000Z","volume":2000,"label":"X","price":33.725},{"type":"A","date":"2018-03-20T03:34:22.000Z","volume":2000,"label":" ","price":33.75},{"type":"A","date":"2018-03-20T03:35:21.000Z","volume":2000,"label":" ","price":33.75},{"type":"U","date":"2018-03-20T03:35:32.000Z","volume":16000,"label":"X","price":33.7},{"type":"U","date":"2018-03-20T03:35:32.000Z","volume":2000,"label":"X","price":33.7},{"type":"U","date":"2018-03-20T03:35:32.000Z","volume":2000,"label":"X","price":33.7},{"type":"U","date":"2018-03-20T03:35:32.000Z","volume":2000,"label":"X","price":33.7},{"type":"U","date":"2018-03-20T03:35:32.000Z","volume":2000,"label":"X","price":33.7},{"type":"A","date":"2018-03-20T03:36:22.000Z","volume":2000,"label":"Y","price":33.75},{"type":"A","date":"2018-03-20T03:37:09.000Z","volume":4000,"label":" ","price":33.75},{"type":"B","date":"2018-03-20T03:37:10.000Z","volume":2000,"label":" ","price":33.7},{"type":"A","date":"2018-03-20T03:37:11.000Z","volume":4000,"label":" ","price":33.75},{"type":"A","date":"2018-03-20T03:37:22.000Z","volume":2000,"label":" ","price":33.75},{"type":"A","date":"2018-03-20T03:37:23.000Z","volume":2000,"label":" ","price":33.75},{"type":"A","date":"2018-03-20T03:38:22.000Z","volume":18000,"label":" ","price":33.75},{"type":"A","date":"2018-03-20T03:38:48.000Z","volume":4000,"label":" ","price":33.75},{"type":"A","date":"2018-03-20T03:38:49.000Z","volume":4000,"label":" ","price":33.75},{"type":"A","date":"2018-03-20T03:39:03.000Z","volume":2000,"label":"Y","price":33.75},{"type":"A","date":"2018-03-20T03:39:27.000Z","volume":4000,"label":" ","price":33.75},{"type":"A","date":"2018-03-20T03:39:27.000Z","volume":2000,"label":"Y","price":33.75},{"type":"A","date":"2018-03-20T03:43:05.000Z","volume":2000,"label":" ","price":33.75},{"type":"A","date":"2018-03-20T03:43:07.000Z","volume":4000,"label":" ","price":33.75},{"type":"A","date":"2018-03-20T03:43:08.000Z","volume":4000,"label":" ","price":33.75},{"type":"A","date":"2018-03-20T03:43:16.000Z","volume":6000,"label":" ","price":33.75},{"type":"A","date":"2018-03-20T03:44:09.000Z","volume":10000,"label":" ","price":33.75},{"type":"A","date":"2018-03-20T03:44:15.000Z","volume":88000,"label":" ","price":33.75},{"type":"A","date":"2018-03-20T03:44:23.000Z","volume":2000,"label":" ","price":33.8},{"type":"A","date":"2018-03-20T03:45:03.000Z","volume":2000,"label":" ","price":33.8},{"type":"A","date":"2018-03-20T03:46:06.000Z","volume":2000,"label":" ","price":33.8},{"type":"A","date":"2018-03-20T03:48:35.000Z","volume":2000,"label":" ","price":33.8},{"type":"A","date":"2018-03-20T03:48:43.000Z","volume":2000,"label":" ","price":33.8},{"type":"A","date":"2018-03-20T03:48:43.000Z","volume":4000,"label":"Y","price":33.8},{"type":"A","date":"2018-03-20T03:48:43.000Z","volume":22000,"label":" ","price":33.8},{"type":"A","date":"2018-03-20T03:48:43.000Z","volume":2000,"label":"Y","price":33.8},{"type":"A","date":"2018-03-20T03:48:43.000Z","volume":10000,"label":" ","price":33.8},{"type":"A","date":"2018-03-20T03:48:43.000Z","volume":2000,"label":" ","price":33.8},{"type":"A","date":"2018-03-20T03:50:05.000Z","volume":38000,"label":" ","price":33.8},{"type":"A","date":"2018-03-20T03:50:05.000Z","volume":2000,"label":" ","price":33.8},{"type":"A","date":"2018-03-20T03:50:05.000Z","volume":2000,"label":" ","price":33.8},{"type":"B","date":"2018-03-20T03:51:23.000Z","volume":16000,"label":" ","price":33.8},{"type":"B","date":"2018-03-20T03:52:20.000Z","volume":8000,"label":" ","price":33.8},{"type":"B","date":"2018-03-20T03:53:22.000Z","volume":2000,"label":" ","price":33.8},{"type":"A","date":"2018-03-20T03:53:34.000Z","volume":2000,"label":" ","price":33.85},{"type":"B","date":"2018-03-20T03:53:55.000Z","volume":18000,"label":" ","price":33.75},{"type":"U","date":"2018-03-20T03:54:07.000Z","volume":2000,"label":"X","price":33.75},{"type":"U","date":"2018-03-20T03:54:07.000Z","volume":2000,"label":"X","price":33.75},{"type":"B","date":"2018-03-20T03:54:10.000Z","volume":30000,"label":" ","price":33.7},{"type":"U","date":"2018-03-20T03:54:20.000Z","volume":2000,"label":"X","price":33.7},{"type":"B","date":"2018-03-20T03:54:20.000Z","volume":4000,"label":" ","price":33.7},{"type":"A","date":"2018-03-20T03:58:21.000Z","volume":34000,"label":" ","price":33.75},{"type":"U","date":"2018-03-20T03:58:22.000Z","volume":2000,"label":"X","price":33.75},{"type":"U","date":"2018-03-20T03:58:22.000Z","volume":2000,"label":"X","price":33.75},{"type":"B","date":"2018-03-20T03:58:22.000Z","volume":2000,"label":" ","price":33.75},{"type":"B","date":"2018-03-20T03:58:24.000Z","volume":4000,"label":" ","price":33.75},{"type":"B","date":"2018-03-20T03:58:24.000Z","volume":2000,"label":" ","price":33.75},{"type":"U","date":"2018-03-20T03:59:07.000Z","volume":2000,"label":"X","price":33.75},{"type":"A","date":"2018-03-20T03:59:34.000Z","volume":2000,"label":" ","price":33.8},{"type":"U","date":"2018-03-20T05:00:05.000Z","volume":2000,"label":"X","price":33.75},{"type":"A","date":"2018-03-20T05:01:00.000Z","volume":2000,"label":" ","price":33.8},{"type":"A","date":"2018-03-20T05:01:33.000Z","volume":2000,"label":" ","price":33.8},{"type":"U","date":"2018-03-20T05:01:46.000Z","volume":2000,"label":"X","price":33.75},{"type":"A","date":"2018-03-20T05:02:00.000Z","volume":18000,"label":" ","price":33.8},{"type":"U","date":"2018-03-20T05:02:01.000Z","volume":2000,"label":"X","price":33.75},{"type":"A","date":"2018-03-20T05:02:19.000Z","volume":2000,"label":" ","price":33.8},{"type":"A","date":"2018-03-20T05:02:43.000Z","volume":2000,"label":" ","price":33.8},{"type":"A","date":"2018-03-20T05:04:04.000Z","volume":4000,"label":" ","price":33.8},{"type":"U","date":"2018-03-20T05:04:06.000Z","volume":2000,"label":"X","price":33.8},{"type":"A","date":"2018-03-20T05:05:24.000Z","volume":2000,"label":" ","price":33.85},{"type":"A","date":"2018-03-20T05:05:24.000Z","volume":2000,"label":" ","price":33.85},{"type":"A","date":"2018-03-20T05:05:49.000Z","volume":2000,"label":" ","price":33.85},{"type":"A","date":"2018-03-20T05:07:22.000Z","volume":2000,"label":" ","price":33.85},{"type":"B","date":"2018-03-20T05:10:37.000Z","volume":2000,"label":" ","price":33.8},{"type":"U","date":"2018-03-20T05:10:49.000Z","volume":2000,"label":"X","price":33.8},{"type":"A","date":"2018-03-20T05:11:09.000Z","volume":6000,"label":" ","price":33.85},{"type":"U","date":"2018-03-20T05:11:11.000Z","volume":2000,"label":"X","price":33.825},{"type":"U","date":"2018-03-20T05:11:11.000Z","volume":2000,"label":"X","price":33.825},{"type":"A","date":"2018-03-20T05:12:36.000Z","volume":2000,"label":" ","price":33.85},{"type":"A","date":"2018-03-20T05:13:29.000Z","volume":2000,"label":" ","price":33.85},{"type":"B","date":"2018-03-20T05:14:08.000Z","volume":2000,"label":" ","price":33.8},{"type":"B","date":"2018-03-20T05:14:14.000Z","volume":2000,"label":"Y","price":33.8},{"type":"B","date":"2018-03-20T05:14:14.000Z","volume":20000,"label":" ","price":33.8},{"type":"B","date":"2018-03-20T05:14:14.000Z","volume":14000,"label":" ","price":33.8},{"type":"U","date":"2018-03-20T05:14:16.000Z","volume":2000,"label":"X","price":33.8},{"type":"U","date":"2018-03-20T05:14:19.000Z","volume":2000,"label":"X","price":33.8},{"type":"U","date":"2018-03-20T05:14:22.000Z","volume":2000,"label":"X","price":33.825},{"type":"U","date":"2018-03-20T05:14:23.000Z","volume":2000,"label":"X","price":33.8},{"type":"U","date":"2018-03-20T05:15:00.000Z","volume":2000,"label":"X","price":33.8},{"type":"B","date":"2018-03-20T05:15:06.000Z","volume":2000,"label":"Y","price":33.8},{"type":"B","date":"2018-03-20T05:15:06.000Z","volume":2000,"label":" ","price":33.8},{"type":"U","date":"2018-03-20T05:15:07.000Z","volume":2000,"label":"X","price":33.75},{"type":"B","date":"2018-03-20T05:15:07.000Z","volume":6000,"label":" ","price":33.75},{"type":"B","date":"2018-03-20T05:17:30.000Z","volume":2000,"label":" ","price":33.75},{"type":"U","date":"2018-03-20T05:20:43.000Z","volume":300000,"label":"X","price":33.8},{"type":"A","date":"2018-03-20T05:20:43.000Z","volume":2000,"label":"Y","price":33.85},{"type":"A","date":"2018-03-20T05:20:43.000Z","volume":58000,"label":" ","price":33.85},{"type":"A","date":"2018-03-20T05:21:12.000Z","volume":2000,"label":" ","price":33.85},{"type":"A","date":"2018-03-20T05:22:25.000Z","volume":22000,"label":" ","price":33.85},{"type":"A","date":"2018-03-20T05:24:13.000Z","volume":2000,"label":" ","price":33.9},{"type":"B","date":"2018-03-20T05:25:13.000Z","volume":2000,"label":" ","price":33.8},{"type":"U","date":"2018-03-20T05:25:57.000Z","volume":2000,"label":"X","price":33.875},{"type":"A","date":"2018-03-20T05:26:30.000Z","volume":2000,"label":" ","price":33.9},{"type":"B","date":"2018-03-20T05:28:42.000Z","volume":2000,"label":" ","price":33.85},{"type":"A","date":"2018-03-20T05:29:29.000Z","volume":24000,"label":" ","price":33.9},{"type":"U","date":"2018-03-20T05:29:31.000Z","volume":667,"label":"D","price":33.5},{"type":"A","date":"2018-03-20T05:30:49.000Z","volume":2000,"label":" ","price":33.9},{"type":"A","date":"2018-03-20T05:30:50.000Z","volume":2000,"label":" ","price":33.9},{"type":"B","date":"2018-03-20T05:30:53.000Z","volume":2000,"label":" ","price":33.85},{"type":"A","date":"2018-03-20T05:30:53.000Z","volume":2000,"label":" ","price":33.9},{"type":"A","date":"2018-03-20T05:31:00.000Z","volume":2000,"label":" ","price":33.9},{"type":"A","date":"2018-03-20T05:31:02.000Z","volume":2000,"label":" ","price":33.9},{"type":"U","date":"2018-03-20T05:31:10.000Z","volume":480,"label":"D","price":33.85},{"type":"A","date":"2018-03-20T05:35:08.000Z","volume":2000,"label":" ","price":33.9},{"type":"A","date":"2018-03-20T05:35:10.000Z","volume":2000,"label":" ","price":33.9},{"type":"A","date":"2018-03-20T05:36:42.000Z","volume":2000,"label":" ","price":33.9},{"type":"A","date":"2018-03-20T05:37:30.000Z","volume":2000,"label":" ","price":33.9},{"type":"A","date":"2018-03-20T05:37:31.000Z","volume":2000,"label":" ","price":33.9},{"type":"U","date":"2018-03-20T05:38:48.000Z","volume":2000,"label":"X","price":33.85},{"type":"A","date":"2018-03-20T05:39:12.000Z","volume":2000,"label":" ","price":33.9},{"type":"A","date":"2018-03-20T05:39:14.000Z","volume":2000,"label":" ","price":33.9},{"type":"A","date":"2018-03-20T05:41:01.000Z","volume":20000,"label":" ","price":33.9},{"type":"U","date":"2018-03-20T05:41:04.000Z","volume":2000,"label":"X","price":33.875},{"type":"A","date":"2018-03-20T05:41:49.000Z","volume":4000,"label":" ","price":33.9},{"type":"A","date":"2018-03-20T05:41:51.000Z","volume":20000,"label":" ","price":33.9},{"type":"A","date":"2018-03-20T05:41:51.000Z","volume":2000,"label":" ","price":33.9},{"type":"A","date":"2018-03-20T05:41:51.000Z","volume":4000,"label":" ","price":33.9},{"type":"A","date":"2018-03-20T05:41:54.000Z","volume":12000,"label":" ","price":33.9},{"type":"A","date":"2018-03-20T05:41:54.000Z","volume":2000,"label":" ","price":33.95},{"type":"U","date":"2018-03-20T05:41:55.000Z","volume":2000,"label":"X","price":33.925},{"type":"A","date":"2018-03-20T05:42:19.000Z","volume":2000,"label":"Y","price":33.95},{"type":"A","date":"2018-03-20T05:42:37.000Z","volume":2000,"label":" ","price":33.95},{"type":"A","date":"2018-03-20T05:42:37.000Z","volume":22000,"label":" ","price":33.95},{"type":"U","date":"2018-03-20T05:42:39.000Z","volume":4000,"label":"X","price":33.9},{"type":"B","date":"2018-03-20T05:43:01.000Z","volume":20000,"label":" ","price":33.95},{"type":"A","date":"2018-03-20T05:43:05.000Z","volume":2000,"label":" ","price":34},{"type":"U","date":"2018-03-20T05:44:18.000Z","volume":2000,"label":"X","price":33.95},{"type":"A","date":"2018-03-20T05:44:55.000Z","volume":2000,"label":" ","price":34},{"type":"U","date":"2018-03-20T05:45:25.000Z","volume":2000,"label":"X","price":33.95},{"type":"A","date":"2018-03-20T05:46:43.000Z","volume":14000,"label":" ","price":34},{"type":"U","date":"2018-03-20T05:46:44.000Z","volume":666,"label":"D","price":33.6},{"type":"A","date":"2018-03-20T05:47:28.000Z","volume":4000,"label":" ","price":34},{"type":"A","date":"2018-03-20T05:47:29.000Z","volume":4000,"label":" ","price":34},{"type":"A","date":"2018-03-20T05:47:37.000Z","volume":2000,"label":" ","price":34},{"type":"A","date":"2018-03-20T05:47:46.000Z","volume":2000,"label":" ","price":34},{"type":"A","date":"2018-03-20T05:47:49.000Z","volume":2000,"label":" ","price":34},{"type":"B","date":"2018-03-20T05:48:08.000Z","volume":2000,"label":" ","price":33.95},{"type":"A","date":"2018-03-20T05:49:41.000Z","volume":2000,"label":" ","price":34},{"type":"B","date":"2018-03-20T05:49:50.000Z","volume":2000,"label":" ","price":33.95},{"type":"A","date":"2018-03-20T05:51:14.000Z","volume":10000,"label":" ","price":34},{"type":"A","date":"2018-03-20T05:51:14.000Z","volume":2000,"label":" ","price":34},{"type":"A","date":"2018-03-20T05:51:36.000Z","volume":6000,"label":" ","price":34},{"type":"A","date":"2018-03-20T05:51:36.000Z","volume":2000,"label":" ","price":34},{"type":"A","date":"2018-03-20T05:51:38.000Z","volume":6000,"label":" ","price":34},{"type":"A","date":"2018-03-20T05:51:38.000Z","volume":2000,"label":" ","price":34},{"type":"U","date":"2018-03-20T05:51:48.000Z","volume":2000,"label":"X","price":33.975},{"type":"A","date":"2018-03-20T05:52:47.000Z","volume":40000,"label":" ","price":34},{"type":"A","date":"2018-03-20T05:52:47.000Z","volume":6000,"label":" ","price":34},{"type":"A","date":"2018-03-20T05:52:49.000Z","volume":2000,"label":" ","price":34.05},{"type":"A","date":"2018-03-20T05:53:00.000Z","volume":2000,"label":" ","price":34.05},{"type":"A","date":"2018-03-20T05:53:18.000Z","volume":2000,"label":" ","price":34.05},{"type":"A","date":"2018-03-20T05:53:30.000Z","volume":2000,"label":" ","price":34.05},{"type":"A","date":"2018-03-20T05:54:16.000Z","volume":2000,"label":" ","price":34.05},{"type":"B","date":"2018-03-20T05:54:24.000Z","volume":10000,"label":" ","price":34},{"type":"A","date":"2018-03-20T05:54:53.000Z","volume":2000,"label":" ","price":34.05},{"type":"U","date":"2018-03-20T05:57:40.000Z","volume":4000,"label":"X","price":34},{"type":"A","date":"2018-03-20T05:59:29.000Z","volume":4000,"label":" ","price":34.05},{"type":"A","date":"2018-03-20T05:59:31.000Z","volume":4000,"label":" ","price":34.05},{"type":"A","date":"2018-03-20T05:59:57.000Z","volume":18000,"label":" ","price":34.05},{"type":"A","date":"2018-03-20T06:00:01.000Z","volume":2000,"label":" ","price":34.1},{"type":"A","date":"2018-03-20T06:00:19.000Z","volume":2000,"label":" ","price":34.1},{"type":"A","date":"2018-03-20T06:01:29.000Z","volume":2000,"label":" ","price":34.1},{"type":"A","date":"2018-03-20T06:01:41.000Z","volume":154000,"label":" ","price":34.1},{"type":"A","date":"2018-03-20T06:01:51.000Z","volume":6000,"label":" ","price":34.15},{"type":"A","date":"2018-03-20T06:01:56.000Z","volume":4000,"label":" ","price":34.15},{"type":"A","date":"2018-03-20T06:02:32.000Z","volume":4000,"label":" ","price":34.15},{"type":"A","date":"2018-03-20T06:02:41.000Z","volume":4000,"label":" ","price":34.15},{"type":"A","date":"2018-03-20T06:02:42.000Z","volume":2000,"label":" ","price":34.15},{"type":"A","date":"2018-03-20T06:02:42.000Z","volume":14000,"label":" ","price":34.15},{"type":"A","date":"2018-03-20T06:02:43.000Z","volume":2000,"label":" ","price":34.2},{"type":"B","date":"2018-03-20T06:03:17.000Z","volume":4000,"label":" ","price":34.15},{"type":"A","date":"2018-03-20T06:03:29.000Z","volume":4000,"label":" ","price":34.2},{"type":"A","date":"2018-03-20T06:04:02.000Z","volume":2000,"label":" ","price":34.2},{"type":"A","date":"2018-03-20T06:04:04.000Z","volume":2000,"label":" ","price":34.2},{"type":"A","date":"2018-03-20T06:04:11.000Z","volume":2000,"label":" ","price":34.2},{"type":"A","date":"2018-03-20T06:04:25.000Z","volume":2000,"label":" ","price":34.2},{"type":"A","date":"2018-03-20T06:04:26.000Z","volume":2000,"label":" ","price":34.2},{"type":"A","date":"2018-03-20T06:04:39.000Z","volume":2000,"label":" ","price":34.2},{"type":"A","date":"2018-03-20T06:04:40.000Z","volume":2000,"label":" ","price":34.2},{"type":"A","date":"2018-03-20T06:05:42.000Z","volume":2000,"label":" ","price":34.25},{"type":"A","date":"2018-03-20T06:06:24.000Z","volume":2000,"label":" ","price":34.25},{"type":"A","date":"2018-03-20T06:06:40.000Z","volume":4000,"label":" ","price":34.25},{"type":"A","date":"2018-03-20T06:06:40.000Z","volume":2000,"label":" ","price":34.25},{"type":"A","date":"2018-03-20T06:08:37.000Z","volume":4000,"label":" ","price":34.25},{"type":"A","date":"2018-03-20T06:08:51.000Z","volume":14000,"label":" ","price":34.25},{"type":"A","date":"2018-03-20T06:08:51.000Z","volume":2000,"label":" ","price":34.3},{"type":"A","date":"2018-03-20T06:08:52.000Z","volume":2000,"label":" ","price":34.3},{"type":"B","date":"2018-03-20T06:08:52.000Z","volume":2000,"label":" ","price":34.25},{"type":"B","date":"2018-03-20T06:09:07.000Z","volume":2000,"label":" ","price":34.25},{"type":"B","date":"2018-03-20T06:09:07.000Z","volume":6000,"label":" ","price":34.25},{"type":"A","date":"2018-03-20T06:10:12.000Z","volume":2000,"label":" ","price":34.3},{"type":"B","date":"2018-03-20T06:13:15.000Z","volume":48000,"label":" ","price":34.25},{"type":"B","date":"2018-03-20T06:13:52.000Z","volume":6000,"label":" ","price":34.25},{"type":"A","date":"2018-03-20T06:14:21.000Z","volume":2000,"label":" ","price":34.25},{"type":"A","date":"2018-03-20T06:14:56.000Z","volume":2000,"label":" ","price":34.25},{"type":"A","date":"2018-03-20T06:14:57.000Z","volume":2000,"label":" ","price":34.25},{"type":"A","date":"2018-03-20T06:15:03.000Z","volume":4000,"label":" ","price":34.25},{"type":"A","date":"2018-03-20T06:15:04.000Z","volume":4000,"label":" ","price":34.25},{"type":"U","date":"2018-03-20T06:15:29.000Z","volume":2000,"label":"X","price":34.225},{"type":"A","date":"2018-03-20T06:15:35.000Z","volume":2000,"label":" ","price":34.25},{"type":"B","date":"2018-03-20T06:15:41.000Z","volume":2000,"label":" ","price":34.2},{"type":"B","date":"2018-03-20T06:15:55.000Z","volume":2000,"label":" ","price":34.2},{"type":"A","date":"2018-03-20T06:17:11.000Z","volume":2000,"label":" ","price":34.25},{"type":"B","date":"2018-03-20T06:17:20.000Z","volume":2000,"label":" ","price":34.2},{"type":"A","date":"2018-03-20T06:17:21.000Z","volume":6000,"label":" ","price":34.25},{"type":"B","date":"2018-03-20T06:17:21.000Z","volume":4000,"label":" ","price":34.25},{"type":"B","date":"2018-03-20T06:17:30.000Z","volume":2000,"label":" ","price":34.2},{"type":"A","date":"2018-03-20T06:19:14.000Z","volume":2000,"label":" ","price":34.3},{"type":"U","date":"2018-03-20T06:20:10.000Z","volume":2000,"label":"X","price":34.25},{"type":"U","date":"2018-03-20T06:20:10.000Z","volume":2000,"label":"X","price":34.25},{"type":"A","date":"2018-03-20T06:20:36.000Z","volume":10000,"label":" ","price":34.3},{"type":"A","date":"2018-03-20T06:21:02.000Z","volume":10000,"label":" ","price":34.3},{"type":"A","date":"2018-03-20T06:21:02.000Z","volume":12000,"label":" ","price":34.3},{"type":"A","date":"2018-03-20T06:23:15.000Z","volume":2000,"label":" ","price":34.35},{"type":"A","date":"2018-03-20T06:23:35.000Z","volume":2000,"label":" ","price":34.35},{"type":"A","date":"2018-03-20T06:24:04.000Z","volume":2000,"label":" ","price":34.35},{"type":"A","date":"2018-03-20T06:24:05.000Z","volume":2000,"label":" ","price":34.35},{"type":"A","date":"2018-03-20T06:24:22.000Z","volume":4000,"label":" ","price":34.35},{"type":"A","date":"2018-03-20T06:25:25.000Z","volume":2000,"label":" ","price":34.35},{"type":"A","date":"2018-03-20T06:26:21.000Z","volume":2000,"label":"Y","price":34.35},{"type":"A","date":"2018-03-20T06:26:57.000Z","volume":2000,"label":" ","price":34.35},{"type":"B","date":"2018-03-20T06:27:12.000Z","volume":2000,"label":" ","price":34.3},{"type":"A","date":"2018-03-20T06:27:17.000Z","volume":2000,"label":" ","price":34.35},{"type":"A","date":"2018-03-20T06:27:18.000Z","volume":2000,"label":" ","price":34.35},{"type":"A","date":"2018-03-20T06:27:22.000Z","volume":2000,"label":"Y","price":34.35},{"type":"A","date":"2018-03-20T06:27:32.000Z","volume":2000,"label":" ","price":34.35},{"type":"A","date":"2018-03-20T06:27:40.000Z","volume":40000,"label":" ","price":34.4},{"type":"U","date":"2018-03-20T06:27:42.000Z","volume":2000,"label":"X","price":34.375},{"type":"U","date":"2018-03-20T06:27:47.000Z","volume":2000,"label":"X","price":34.375},{"type":"U","date":"2018-03-20T06:28:10.000Z","volume":2000,"label":"X","price":34.35},{"type":"B","date":"2018-03-20T06:29:53.000Z","volume":2000,"label":" ","price":34.35},{"type":"A","date":"2018-03-20T06:30:03.000Z","volume":4000,"label":" ","price":34.4},{"type":"A","date":"2018-03-20T06:30:04.000Z","volume":4000,"label":" ","price":34.4},{"type":"U","date":"2018-03-20T06:30:31.000Z","volume":2000,"label":"X","price":34.35},{"type":"A","date":"2018-03-20T06:30:39.000Z","volume":4000,"label":" ","price":34.4},{"type":"A","date":"2018-03-20T06:30:41.000Z","volume":4000,"label":" ","price":34.4},{"type":"A","date":"2018-03-20T06:30:55.000Z","volume":4000,"label":" ","price":34.4},{"type":"B","date":"2018-03-20T06:31:13.000Z","volume":2000,"label":" ","price":34.4},{"type":"B","date":"2018-03-20T06:31:13.000Z","volume":6000,"label":" ","price":34.4},{"type":"U","date":"2018-03-20T06:31:13.000Z","volume":2000,"label":"X","price":34.4},{"type":"A","date":"2018-03-20T06:31:13.000Z","volume":2000,"label":" ","price":34.45},{"type":"A","date":"2018-03-20T06:31:43.000Z","volume":2000,"label":" ","price":34.4},{"type":"A","date":"2018-03-20T06:31:56.000Z","volume":4000,"label":" ","price":34.4},{"type":"U","date":"2018-03-20T06:31:56.000Z","volume":2000,"label":"X","price":34.35},{"type":"A","date":"2018-03-20T06:31:57.000Z","volume":4000,"label":" ","price":34.4},{"type":"A","date":"2018-03-20T06:32:55.000Z","volume":2000,"label":" ","price":34.4},{"type":"B","date":"2018-03-20T06:33:01.000Z","volume":2000,"label":" ","price":34.35},{"type":"B","date":"2018-03-20T06:33:19.000Z","volume":6000,"label":" ","price":34.35},{"type":"U","date":"2018-03-20T06:33:29.000Z","volume":2000,"label":"X","price":34.375},{"type":"B","date":"2018-03-20T06:34:30.000Z","volume":8000,"label":" ","price":34.4},{"type":"A","date":"2018-03-20T06:35:11.000Z","volume":2000,"label":" ","price":34.4},{"type":"A","date":"2018-03-20T06:36:41.000Z","volume":4000,"label":" ","price":34.4},{"type":"A","date":"2018-03-20T06:36:42.000Z","volume":4000,"label":" ","price":34.4},{"type":"U","date":"2018-03-20T06:36:53.000Z","volume":2000,"label":"X","price":34.35},{"type":"A","date":"2018-03-20T06:37:28.000Z","volume":2000,"label":" ","price":34.4},{"type":"A","date":"2018-03-20T06:38:39.000Z","volume":30000,"label":" ","price":34.4},{"type":"A","date":"2018-03-20T06:38:39.000Z","volume":2000,"label":" ","price":34.4},{"type":"U","date":"2018-03-20T06:38:40.000Z","volume":2000,"label":"X","price":34.375},{"type":"A","date":"2018-03-20T06:39:05.000Z","volume":2000,"label":" ","price":34.4},{"type":"A","date":"2018-03-20T06:39:54.000Z","volume":2000,"label":" ","price":34.4},{"type":"A","date":"2018-03-20T06:40:02.000Z","volume":2000,"label":" ","price":34.4},{"type":"B","date":"2018-03-20T06:40:14.000Z","volume":4000,"label":"Y","price":34.35},{"type":"B","date":"2018-03-20T06:40:14.000Z","volume":6000,"label":" ","price":34.35},{"type":"U","date":"2018-03-20T06:40:34.000Z","volume":2000,"label":"X","price":34.3},{"type":"A","date":"2018-03-20T06:40:50.000Z","volume":2000,"label":" ","price":34.35},{"type":"A","date":"2018-03-20T06:40:56.000Z","volume":4000,"label":" ","price":34.35},{"type":"A","date":"2018-03-20T06:40:57.000Z","volume":4000,"label":" ","price":34.35},{"type":"A","date":"2018-03-20T06:41:51.000Z","volume":4000,"label":" ","price":34.35},{"type":"A","date":"2018-03-20T06:41:52.000Z","volume":2000,"label":" ","price":34.4},{"type":"U","date":"2018-03-20T06:41:53.000Z","volume":2000,"label":"X","price":34.375},{"type":"A","date":"2018-03-20T06:42:22.000Z","volume":2000,"label":" ","price":34.4},{"type":"A","date":"2018-03-20T06:43:23.000Z","volume":6000,"label":"Y","price":34.4},{"type":"A","date":"2018-03-20T06:43:23.000Z","volume":20000,"label":" ","price":34.4},{"type":"U","date":"2018-03-20T06:43:24.000Z","volume":2000,"label":"X","price":34.4},{"type":"U","date":"2018-03-20T06:43:24.000Z","volume":2000,"label":"X","price":34.4},{"type":"U","date":"2018-03-20T06:45:51.000Z","volume":2000,"label":"X","price":34.4},{"type":"A","date":"2018-03-20T06:46:14.000Z","volume":4000,"label":" ","price":34.45},{"type":"A","date":"2018-03-20T06:46:32.000Z","volume":2000,"label":"Y","price":34.45},{"type":"U","date":"2018-03-20T06:46:33.000Z","volume":2000,"label":"X","price":34.4},{"type":"B","date":"2018-03-20T06:46:49.000Z","volume":2000,"label":" ","price":34.4},{"type":"A","date":"2018-03-20T06:46:52.000Z","volume":2000,"label":" ","price":34.45},{"type":"U","date":"2018-03-20T06:47:11.000Z","volume":2000,"label":"X","price":34.4},{"type":"A","date":"2018-03-20T06:47:14.000Z","volume":2000,"label":" ","price":34.45},{"type":"A","date":"2018-03-20T06:47:29.000Z","volume":4000,"label":" ","price":34.45},{"type":"A","date":"2018-03-20T06:48:05.000Z","volume":2000,"label":" ","price":34.45},{"type":"B","date":"2018-03-20T06:48:06.000Z","volume":2000,"label":" ","price":34.4},{"type":"U","date":"2018-03-20T06:48:08.000Z","volume":2000,"label":"X","price":34.425},{"type":"B","date":"2018-03-20T06:49:18.000Z","volume":10000,"label":" ","price":34.4},{"type":"U","date":"2018-03-20T06:49:20.000Z","volume":2000,"label":"X","price":34.4},{"type":"B","date":"2018-03-20T06:49:20.000Z","volume":2000,"label":"Y","price":34.4},{"type":"U","date":"2018-03-20T06:49:21.000Z","volume":2000,"label":"X","price":34.4},{"type":"B","date":"2018-03-20T06:49:33.000Z","volume":28000,"label":" ","price":34.4},{"type":"U","date":"2018-03-20T06:49:34.000Z","volume":2000,"label":"X","price":34.4},{"type":"U","date":"2018-03-20T06:49:45.000Z","volume":2000,"label":"X","price":34.35},{"type":"B","date":"2018-03-20T06:50:11.000Z","volume":2000,"label":"Y","price":34.35},{"type":"B","date":"2018-03-20T06:50:11.000Z","volume":2000,"label":" ","price":34.35},{"type":"A","date":"2018-03-20T06:50:11.000Z","volume":2000,"label":" ","price":34.4},{"type":"U","date":"2018-03-20T06:50:40.000Z","volume":2000,"label":"X","price":34.2},{"type":"B","date":"2018-03-20T06:50:40.000Z","volume":2000,"label":" ","price":34.2},{"type":"B","date":"2018-03-20T06:50:40.000Z","volume":2000,"label":"Y","price":34.2},{"type":"B","date":"2018-03-20T06:50:40.000Z","volume":2000,"label":" ","price":34.2},{"type":"U","date":"2018-03-20T06:51:21.000Z","volume":2000,"label":"X","price":34.2},{"type":"B","date":"2018-03-20T06:51:28.000Z","volume":4000,"label":"Y","price":34.2},{"type":"B","date":"2018-03-20T06:51:28.000Z","volume":8000,"label":" ","price":34.2},{"type":"U","date":"2018-03-20T06:51:28.000Z","volume":2000,"label":"X","price":34.2},{"type":"B","date":"2018-03-20T06:51:29.000Z","volume":2000,"label":" ","price":34.2},{"type":"B","date":"2018-03-20T06:51:54.000Z","volume":2000,"label":" ","price":34.2},{"type":"A","date":"2018-03-20T06:52:09.000Z","volume":2000,"label":" ","price":34.2},{"type":"B","date":"2018-03-20T06:52:26.000Z","volume":4000,"label":" ","price":34.2},{"type":"U","date":"2018-03-20T06:52:26.000Z","volume":2000,"label":"X","price":34.225},{"type":"U","date":"2018-03-20T06:52:42.000Z","volume":2000,"label":"X","price":34.15},{"type":"B","date":"2018-03-20T06:52:44.000Z","volume":12000,"label":"Y","price":34.15},{"type":"B","date":"2018-03-20T06:52:44.000Z","volume":10000,"label":" ","price":34.15},{"type":"A","date":"2018-03-20T06:52:56.000Z","volume":4000,"label":" ","price":34.2},{"type":"B","date":"2018-03-20T06:53:04.000Z","volume":2000,"label":" ","price":34.15},{"type":"A","date":"2018-03-20T06:53:11.000Z","volume":4000,"label":" ","price":34.2},{"type":"A","date":"2018-03-20T06:53:18.000Z","volume":2000,"label":" ","price":34.2},{"type":"U","date":"2018-03-20T06:53:27.000Z","volume":2000,"label":"X","price":34.175},{"type":"B","date":"2018-03-20T06:53:48.000Z","volume":20000,"label":" ","price":34.15},{"type":"U","date":"2018-03-20T06:54:20.000Z","volume":2000,"label":"X","price":34.15},{"type":"B","date":"2018-03-20T06:54:20.000Z","volume":6000,"label":" ","price":34.15},{"type":"B","date":"2018-03-20T06:54:20.000Z","volume":4000,"label":" ","price":34.15},{"type":"B","date":"2018-03-20T06:54:20.000Z","volume":2000,"label":" ","price":34.15},{"type":"B","date":"2018-03-20T06:54:20.000Z","volume":2000,"label":" ","price":34.15},{"type":"B","date":"2018-03-20T06:54:20.000Z","volume":2000,"label":" ","price":34.15},{"type":"U","date":"2018-03-20T06:54:39.000Z","volume":2000,"label":"X","price":34.15},{"type":"U","date":"2018-03-20T06:54:42.000Z","volume":2000,"label":"X","price":34.15},{"type":"U","date":"2018-03-20T06:56:12.000Z","volume":2000,"label":"X","price":34.15},{"type":"B","date":"2018-03-20T06:56:42.000Z","volume":14000,"label":" ","price":34.15},{"type":"U","date":"2018-03-20T06:56:48.000Z","volume":2000,"label":"X","price":34.175},{"type":"B","date":"2018-03-20T06:56:57.000Z","volume":10000,"label":" ","price":34.15},{"type":"U","date":"2018-03-20T06:56:59.000Z","volume":2000,"label":"X","price":34.15},{"type":"B","date":"2018-03-20T06:56:59.000Z","volume":4000,"label":" ","price":34.15},{"type":"B","date":"2018-03-20T06:57:18.000Z","volume":6000,"label":" ","price":34.15},{"type":"B","date":"2018-03-20T06:57:19.000Z","volume":2000,"label":" ","price":34.1},{"type":"U","date":"2018-03-20T06:58:12.000Z","volume":2000,"label":"X","price":34.1},{"type":"B","date":"2018-03-20T06:58:17.000Z","volume":2000,"label":" ","price":34.1},{"type":"B","date":"2018-03-20T06:58:34.000Z","volume":14000,"label":" ","price":34.1},{"type":"U","date":"2018-03-20T06:58:34.000Z","volume":4000,"label":"X","price":34.05},{"type":"B","date":"2018-03-20T06:58:34.000Z","volume":2000,"label":" ","price":34.05},{"type":"B","date":"2018-03-20T06:59:28.000Z","volume":4000,"label":" ","price":34.05},{"type":"B","date":"2018-03-20T06:59:28.000Z","volume":8000,"label":" ","price":34.05},{"type":"U","date":"2018-03-20T06:59:30.000Z","volume":2000,"label":"X","price":34.075},{"type":"U","date":"2018-03-20T06:59:30.000Z","volume":2000,"label":"X","price":34.05},{"type":"U","date":"2018-03-20T06:59:51.000Z","volume":2000,"label":"X","price":34.05},{"type":"A","date":"2018-03-20T07:00:38.000Z","volume":2000,"label":" ","price":34.1},{"type":"A","date":"2018-03-20T07:01:36.000Z","volume":2000,"label":" ","price":34.1},{"type":"U","date":"2018-03-20T07:01:42.000Z","volume":4000,"label":"X","price":34.05},{"type":"A","date":"2018-03-20T07:01:44.000Z","volume":16000,"label":" ","price":34.1},{"type":"U","date":"2018-03-20T07:01:44.000Z","volume":2000,"label":"X","price":34.05},{"type":"B","date":"2018-03-20T07:01:44.000Z","volume":2000,"label":" ","price":34.05},{"type":"B","date":"2018-03-20T07:01:44.000Z","volume":2000,"label":" ","price":34.05},{"type":"B","date":"2018-03-20T07:01:44.000Z","volume":12000,"label":" ","price":34.05},{"type":"B","date":"2018-03-20T07:01:45.000Z","volume":4000,"label":" ","price":34.05},{"type":"A","date":"2018-03-20T07:01:45.000Z","volume":16000,"label":" ","price":34.1},{"type":"A","date":"2018-03-20T07:01:46.000Z","volume":2000,"label":" ","price":34.1},{"type":"B","date":"2018-03-20T07:01:46.000Z","volume":8000,"label":" ","price":34.05},{"type":"B","date":"2018-03-20T07:02:23.000Z","volume":28000,"label":" ","price":34.05},{"type":"B","date":"2018-03-20T07:02:33.000Z","volume":2000,"label":" ","price":34.05},{"type":"U","date":"2018-03-20T07:03:27.000Z","volume":2000,"label":"X","price":34.075},{"type":"A","date":"2018-03-20T07:03:32.000Z","volume":38000,"label":" ","price":34.1},{"type":"A","date":"2018-03-20T07:03:40.000Z","volume":24000,"label":" ","price":34.15},{"type":"U","date":"2018-03-20T07:03:42.000Z","volume":2000,"label":"X","price":34.05},{"type":"B","date":"2018-03-20T07:04:01.000Z","volume":16000,"label":" ","price":34.2},{"type":"B","date":"2018-03-20T07:04:43.000Z","volume":12000,"label":" ","price":34.2},{"type":"U","date":"2018-03-20T07:05:43.000Z","volume":2000,"label":"X","price":34.1},{"type":"B","date":"2018-03-20T07:06:06.000Z","volume":2000,"label":" ","price":34.1},{"type":"B","date":"2018-03-20T07:06:23.000Z","volume":2000,"label":" ","price":34.1},{"type":"B","date":"2018-03-20T07:06:28.000Z","volume":12000,"label":" ","price":34.1},{"type":"U","date":"2018-03-20T07:07:13.000Z","volume":2000,"label":"X","price":34.1},{"type":"B","date":"2018-03-20T07:07:24.000Z","volume":8000,"label":"Y","price":34.1},{"type":"B","date":"2018-03-20T07:07:24.000Z","volume":14000,"label":" ","price":34.1},{"type":"B","date":"2018-03-20T07:07:29.000Z","volume":2000,"label":" ","price":34.1},{"type":"B","date":"2018-03-20T07:08:16.000Z","volume":6000,"label":"Y","price":34.1},{"type":"B","date":"2018-03-20T07:08:16.000Z","volume":6000,"label":" ","price":34.1},{"type":"A","date":"2018-03-20T07:08:21.000Z","volume":2000,"label":" ","price":34.1},{"type":"B","date":"2018-03-20T07:08:38.000Z","volume":22000,"label":" ","price":34.05},{"type":"U","date":"2018-03-20T07:09:13.000Z","volume":2000,"label":"X","price":34.05},{"type":"B","date":"2018-03-20T07:09:20.000Z","volume":20000,"label":" ","price":34.05},{"type":"U","date":"2018-03-20T07:10:43.000Z","volume":2000,"label":"X","price":34.05},{"type":"B","date":"2018-03-20T07:10:45.000Z","volume":24000,"label":" ","price":34.05},{"type":"B","date":"2018-03-20T07:11:30.000Z","volume":2000,"label":" ","price":34.05},{"type":"A","date":"2018-03-20T07:12:22.000Z","volume":2000,"label":" ","price":34.1},{"type":"B","date":"2018-03-20T07:12:34.000Z","volume":24000,"label":" ","price":34.05},{"type":"B","date":"2018-03-20T07:12:40.000Z","volume":2000,"label":" ","price":34.05},{"type":"B","date":"2018-03-20T07:13:16.000Z","volume":32000,"label":" ","price":34.05},{"type":"A","date":"2018-03-20T07:14:17.000Z","volume":4000,"label":" ","price":34.1},{"type":"A","date":"2018-03-20T07:14:17.000Z","volume":52000,"label":" ","price":34.1},{"type":"A","date":"2018-03-20T07:15:19.000Z","volume":18000,"label":" ","price":34.15},{"type":"B","date":"2018-03-20T07:15:51.000Z","volume":10000,"label":" ","price":34.1},{"type":"A","date":"2018-03-20T07:17:02.000Z","volume":10000,"label":" ","price":34.2},{"type":"A","date":"2018-03-20T07:17:02.000Z","volume":2000,"label":" ","price":34.2},{"type":"A","date":"2018-03-20T07:18:16.000Z","volume":2000,"label":" ","price":34.2},{"type":"A","date":"2018-03-20T07:18:16.000Z","volume":2000,"label":" ","price":34.2},{"type":"U","date":"2018-03-20T07:18:21.000Z","volume":2000,"label":"X","price":34.15},{"type":"B","date":"2018-03-20T07:18:24.000Z","volume":8000,"label":"Y","price":34.15},{"type":"B","date":"2018-03-20T07:18:24.000Z","volume":14000,"label":" ","price":34.15},{"type":"B","date":"2018-03-20T07:18:40.000Z","volume":20000,"label":" ","price":34.15},{"type":"U","date":"2018-03-20T07:18:43.000Z","volume":2000,"label":"X","price":34.15},{"type":"B","date":"2018-03-20T07:18:45.000Z","volume":6000,"label":" ","price":34.15},{"type":"B","date":"2018-03-20T07:18:54.000Z","volume":8000,"label":"Y","price":34.1},{"type":"B","date":"2018-03-20T07:18:54.000Z","volume":16000,"label":" ","price":34.1},{"type":"B","date":"2018-03-20T07:19:01.000Z","volume":6000,"label":"Y","price":34.05},{"type":"B","date":"2018-03-20T07:19:01.000Z","volume":32000,"label":" ","price":34.05},{"type":"B","date":"2018-03-20T07:19:30.000Z","volume":26000,"label":" ","price":34.05},{"type":"B","date":"2018-03-20T07:20:37.000Z","volume":58000,"label":" ","price":34.05},{"type":"A","date":"2018-03-20T07:20:37.000Z","volume":62000,"label":" ","price":34.05},{"type":"B","date":"2018-03-20T07:20:37.000Z","volume":8000,"label":" ","price":34.05},{"type":"B","date":"2018-03-20T07:20:45.000Z","volume":20000,"label":"Y","price":34},{"type":"B","date":"2018-03-20T07:20:45.000Z","volume":4000,"label":" ","price":34},{"type":"B","date":"2018-03-20T07:20:48.000Z","volume":20000,"label":" ","price":34},{"type":"U","date":"2018-03-20T07:21:01.000Z","volume":12000,"label":" ","price":34},{"type":"B","date":"2018-03-20T07:21:07.000Z","volume":6000,"label":"Y","price":33.95},{"type":"B","date":"2018-03-20T07:21:07.000Z","volume":16000,"label":" ","price":33.95},{"type":"A","date":"2018-03-20T07:21:54.000Z","volume":2000,"label":" ","price":34},{"type":"B","date":"2018-03-20T07:21:55.000Z","volume":2000,"label":" ","price":33.95},{"type":"B","date":"2018-03-20T07:22:16.000Z","volume":26000,"label":" ","price":33.95},{"type":"B","date":"2018-03-20T07:22:34.000Z","volume":32000,"label":" ","price":33.95},{"type":"B","date":"2018-03-20T07:22:37.000Z","volume":22000,"label":" ","price":33.95},{"type":"B","date":"2018-03-20T07:23:11.000Z","volume":2000,"label":" ","price":33.95},{"type":"A","date":"2018-03-20T07:23:53.000Z","volume":10000,"label":" ","price":34},{"type":"B","date":"2018-03-20T07:23:54.000Z","volume":20000,"label":" ","price":33.95},{"type":"B","date":"2018-03-20T07:23:56.000Z","volume":4000,"label":" ","price":33.95},{"type":"B","date":"2018-03-20T07:24:32.000Z","volume":16000,"label":" ","price":33.95},{"type":"B","date":"2018-03-20T07:24:34.000Z","volume":2000,"label":" ","price":33.95},{"type":"B","date":"2018-03-20T07:24:37.000Z","volume":2000,"label":" ","price":33.95},{"type":"B","date":"2018-03-20T07:26:13.000Z","volume":28000,"label":" ","price":33.95},{"type":"B","date":"2018-03-20T07:26:15.000Z","volume":4000,"label":" ","price":33.95},{"type":"B","date":"2018-03-20T07:26:24.000Z","volume":26000,"label":" ","price":33.95},{"type":"B","date":"2018-03-20T07:26:24.000Z","volume":4000,"label":" ","price":33.95},{"type":"A","date":"2018-03-20T07:26:31.000Z","volume":2000,"label":" ","price":34},{"type":"B","date":"2018-03-20T07:26:41.000Z","volume":26000,"label":" ","price":33.95},{"type":"B","date":"2018-03-20T07:26:42.000Z","volume":4000,"label":" ","price":33.95},{"type":"B","date":"2018-03-20T07:26:45.000Z","volume":2000,"label":" ","price":33.95},{"type":"B","date":"2018-03-20T07:27:27.000Z","volume":26000,"label":" ","price":33.95},{"type":"B","date":"2018-03-20T07:27:29.000Z","volume":4000,"label":" ","price":33.95},{"type":"B","date":"2018-03-20T07:27:41.000Z","volume":2000,"label":" ","price":33.95},{"type":"B","date":"2018-03-20T07:27:45.000Z","volume":12000,"label":"Y","price":33.95},{"type":"B","date":"2018-03-20T07:27:57.000Z","volume":8000,"label":"Y","price":33.9},{"type":"B","date":"2018-03-20T07:27:57.000Z","volume":12000,"label":" ","price":33.9},{"type":"B","date":"2018-03-20T07:28:54.000Z","volume":20000,"label":" ","price":33.9},{"type":"A","date":"2018-03-20T07:29:23.000Z","volume":2000,"label":" ","price":33.95},{"type":"B","date":"2018-03-20T07:30:19.000Z","volume":16000,"label":" ","price":33.9},{"type":"A","date":"2018-03-20T07:32:36.000Z","volume":68000,"label":" ","price":33.95},{"type":"B","date":"2018-03-20T07:32:58.000Z","volume":26000,"label":" ","price":33.9},{"type":"B","date":"2018-03-20T07:33:07.000Z","volume":12000,"label":" ","price":33.9},{"type":"B","date":"2018-03-20T07:33:45.000Z","volume":4000,"label":"Y","price":33.9},{"type":"B","date":"2018-03-20T07:33:45.000Z","volume":8000,"label":" ","price":33.9},{"type":"B","date":"2018-03-20T07:33:56.000Z","volume":2000,"label":" ","price":33.9},{"type":"A","date":"2018-03-20T07:35:22.000Z","volume":2000,"label":" ","price":33.95},{"type":"A","date":"2018-03-20T07:35:29.000Z","volume":2000,"label":" ","price":33.95},{"type":"A","date":"2018-03-20T07:36:06.000Z","volume":2000,"label":" ","price":33.95},{"type":"A","date":"2018-03-20T07:36:06.000Z","volume":2000,"label":"Y","price":33.95},{"type":"A","date":"2018-03-20T07:36:09.000Z","volume":18000,"label":" ","price":33.95},{"type":"A","date":"2018-03-20T07:36:09.000Z","volume":2000,"label":" ","price":33.95},{"type":"A","date":"2018-03-20T07:36:36.000Z","volume":2000,"label":" ","price":33.95},{"type":"A","date":"2018-03-20T07:36:48.000Z","volume":2000,"label":" ","price":33.95},{"type":"A","date":"2018-03-20T07:36:58.000Z","volume":2000,"label":" ","price":33.95},{"type":"A","date":"2018-03-20T07:37:06.000Z","volume":2000,"label":" ","price":33.95},{"type":"A","date":"2018-03-20T07:37:30.000Z","volume":2000,"label":" ","price":33.95},{"type":"A","date":"2018-03-20T07:37:30.000Z","volume":2000,"label":"Y","price":33.95},{"type":"A","date":"2018-03-20T07:37:31.000Z","volume":2000,"label":" ","price":33.95},{"type":"A","date":"2018-03-20T07:38:05.000Z","volume":2000,"label":" ","price":33.95},{"type":"A","date":"2018-03-20T07:38:21.000Z","volume":4000,"label":" ","price":33.95},{"type":"A","date":"2018-03-20T07:38:23.000Z","volume":4000,"label":" ","price":33.95},{"type":"A","date":"2018-03-20T07:38:23.000Z","volume":2000,"label":" ","price":33.95},{"type":"A","date":"2018-03-20T07:38:23.000Z","volume":2000,"label":" ","price":34},{"type":"B","date":"2018-03-20T07:38:23.000Z","volume":2000,"label":" ","price":34},{"type":"A","date":"2018-03-20T07:39:04.000Z","volume":2000,"label":" ","price":34.05},{"type":"A","date":"2018-03-20T07:39:32.000Z","volume":2000,"label":" ","price":34.05},{"type":"A","date":"2018-03-20T07:39:47.000Z","volume":2000,"label":" ","price":34.05},{"type":"B","date":"2018-03-20T07:40:11.000Z","volume":2000,"label":" ","price":33.95},{"type":"A","date":"2018-03-20T07:41:33.000Z","volume":2000,"label":" ","price":34.05},{"type":"A","date":"2018-03-20T07:41:41.000Z","volume":6000,"label":" ","price":34.05},{"type":"A","date":"2018-03-20T07:41:41.000Z","volume":2000,"label":" ","price":34.05},{"type":"A","date":"2018-03-20T07:42:06.000Z","volume":2000,"label":" ","price":34.05},{"type":"A","date":"2018-03-20T07:42:12.000Z","volume":6000,"label":" ","price":34.05},{"type":"A","date":"2018-03-20T07:42:13.000Z","volume":4000,"label":" ","price":34.05},{"type":"A","date":"2018-03-20T07:43:33.000Z","volume":2000,"label":" ","price":34.05},{"type":"B","date":"2018-03-20T07:43:54.000Z","volume":2000,"label":" ","price":34},{"type":"A","date":"2018-03-20T07:44:21.000Z","volume":8000,"label":" ","price":34.05},{"type":"A","date":"2018-03-20T07:44:29.000Z","volume":2000,"label":" ","price":34.05},{"type":"U","date":"2018-03-20T07:44:57.000Z","volume":2000,"label":"X","price":34.025},{"type":"U","date":"2018-03-20T07:44:57.000Z","volume":4000,"label":"X","price":34.025},{"type":"U","date":"2018-03-20T07:44:57.000Z","volume":2000,"label":"X","price":34.025},{"type":"U","date":"2018-03-20T07:44:57.000Z","volume":6000,"label":"X","price":34.025},{"type":"A","date":"2018-03-20T07:45:07.000Z","volume":2000,"label":" ","price":34.05},{"type":"A","date":"2018-03-20T07:45:33.000Z","volume":2000,"label":" ","price":34.05},{"type":"A","date":"2018-03-20T07:46:15.000Z","volume":10000,"label":" ","price":34.05},{"type":"A","date":"2018-03-20T07:46:15.000Z","volume":4000,"label":"Y","price":34.05},{"type":"A","date":"2018-03-20T07:46:15.000Z","volume":2000,"label":" ","price":34.05},{"type":"A","date":"2018-03-20T07:46:17.000Z","volume":16000,"label":" ","price":34.05},{"type":"B","date":"2018-03-20T07:46:17.000Z","volume":2000,"label":" ","price":34},{"type":"B","date":"2018-03-20T07:46:26.000Z","volume":2000,"label":" ","price":34},{"type":"B","date":"2018-03-20T07:47:13.000Z","volume":20000,"label":" ","price":34},{"type":"A","date":"2018-03-20T07:47:13.000Z","volume":2000,"label":" ","price":34.05},{"type":"A","date":"2018-03-20T07:47:13.000Z","volume":2000,"label":" ","price":34.05},{"type":"B","date":"2018-03-20T07:47:16.000Z","volume":4000,"label":" ","price":34},{"type":"A","date":"2018-03-20T07:47:33.000Z","volume":2000,"label":" ","price":34.05},{"type":"A","date":"2018-03-20T07:49:13.000Z","volume":2000,"label":" ","price":34.05},{"type":"A","date":"2018-03-20T07:49:24.000Z","volume":2000,"label":" ","price":34.05},{"type":"A","date":"2018-03-20T07:50:44.000Z","volume":4000,"label":" ","price":34.05},{"type":"A","date":"2018-03-20T07:51:00.000Z","volume":4000,"label":" ","price":34.05},{"type":"A","date":"2018-03-20T07:51:13.000Z","volume":6000,"label":" ","price":34.05},{"type":"A","date":"2018-03-20T07:51:14.000Z","volume":2000,"label":" ","price":34.05},{"type":"B","date":"2018-03-20T07:51:22.000Z","volume":4000,"label":" ","price":34},{"type":"A","date":"2018-03-20T07:51:30.000Z","volume":4000,"label":"Y","price":34.05},{"type":"A","date":"2018-03-20T07:51:50.000Z","volume":4000,"label":" ","price":34.05},{"type":"B","date":"2018-03-20T07:51:53.000Z","volume":2000,"label":" ","price":34},{"type":"A","date":"2018-03-20T07:52:20.000Z","volume":4000,"label":" ","price":34.05},{"type":"B","date":"2018-03-20T07:52:41.000Z","volume":2000,"label":" ","price":34},{"type":"A","date":"2018-03-20T07:52:53.000Z","volume":2000,"label":" ","price":34.05},{"type":"A","date":"2018-03-20T07:52:54.000Z","volume":30000,"label":" ","price":34.05},{"type":"B","date":"2018-03-20T07:52:55.000Z","volume":6000,"label":" ","price":34},{"type":"B","date":"2018-03-20T07:52:58.000Z","volume":2000,"label":" ","price":34},{"type":"B","date":"2018-03-20T07:53:02.000Z","volume":2000,"label":" ","price":34},{"type":"B","date":"2018-03-20T07:53:04.000Z","volume":2000,"label":" ","price":34},{"type":"A","date":"2018-03-20T07:53:06.000Z","volume":2000,"label":" ","price":34.05},{"type":"A","date":"2018-03-20T07:53:44.000Z","volume":4000,"label":" ","price":34.05},{"type":"B","date":"2018-03-20T07:53:44.000Z","volume":2000,"label":" ","price":34},{"type":"A","date":"2018-03-20T07:53:49.000Z","volume":4000,"label":" ","price":34.05},{"type":"A","date":"2018-03-20T07:53:54.000Z","volume":2000,"label":" ","price":34.05},{"type":"A","date":"2018-03-20T07:53:54.000Z","volume":2000,"label":" ","price":34.05},{"type":"B","date":"2018-03-20T07:53:55.000Z","volume":2000,"label":" ","price":34},{"type":"A","date":"2018-03-20T07:54:02.000Z","volume":2000,"label":" ","price":34.05},{"type":"B","date":"2018-03-20T07:54:03.000Z","volume":2000,"label":" ","price":34},{"type":"A","date":"2018-03-20T07:54:46.000Z","volume":2000,"label":" ","price":34.05},{"type":"B","date":"2018-03-20T07:54:47.000Z","volume":2000,"label":" ","price":34},{"type":"A","date":"2018-03-20T07:55:07.000Z","volume":2000,"label":" ","price":34.05},{"type":"A","date":"2018-03-20T07:55:08.000Z","volume":2000,"label":" ","price":34.05},{"type":"B","date":"2018-03-20T07:55:14.000Z","volume":2000,"label":" ","price":34},{"type":"B","date":"2018-03-20T07:55:14.000Z","volume":2000,"label":" ","price":34},{"type":"A","date":"2018-03-20T07:56:17.000Z","volume":2000,"label":" ","price":34.05},{"type":"A","date":"2018-03-20T07:56:26.000Z","volume":8000,"label":" ","price":34.05},{"type":"A","date":"2018-03-20T07:56:26.000Z","volume":6000,"label":" ","price":34.05},{"type":"A","date":"2018-03-20T07:56:26.000Z","volume":2000,"label":" ","price":34.05},{"type":"A","date":"2018-03-20T07:56:28.000Z","volume":2000,"label":" ","price":34.05},{"type":"A","date":"2018-03-20T07:57:00.000Z","volume":2000,"label":" ","price":34.05},{"type":"B","date":"2018-03-20T07:57:17.000Z","volume":2000,"label":" ","price":34},{"type":"B","date":"2018-03-20T07:57:42.000Z","volume":2000,"label":" ","price":34},{"type":"A","date":"2018-03-20T07:57:42.000Z","volume":4000,"label":" ","price":34.05},{"type":"B","date":"2018-03-20T07:57:45.000Z","volume":20000,"label":" ","price":34},{"type":"B","date":"2018-03-20T07:57:45.000Z","volume":2000,"label":" ","price":34},{"type":"B","date":"2018-03-20T07:57:47.000Z","volume":2000,"label":" ","price":34},{"type":"A","date":"2018-03-20T07:57:49.000Z","volume":2000,"label":" ","price":34.05},{"type":"B","date":"2018-03-20T07:57:58.000Z","volume":2000,"label":" ","price":34},{"type":"A","date":"2018-03-20T07:58:28.000Z","volume":2000,"label":"Y","price":34.05},{"type":"B","date":"2018-03-20T07:58:33.000Z","volume":2000,"label":" ","price":34},{"type":"B","date":"2018-03-20T07:58:42.000Z","volume":2000,"label":" ","price":34},{"type":"A","date":"2018-03-20T07:58:48.000Z","volume":2000,"label":" ","price":34.05},{"type":"A","date":"2018-03-20T07:59:00.000Z","volume":2000,"label":" ","price":34.05},{"type":"B","date":"2018-03-20T07:59:24.000Z","volume":2000,"label":" ","price":33.85},{"type":"U","date":"2018-03-20T07:59:30.000Z","volume":1314,"label":"D","price":33.6},{"type":"A","date":"2018-03-20T07:59:44.000Z","volume":2000,"label":" ","price":34.05},{"type":"A","date":"2018-03-20T07:59:50.000Z","volume":2000,"label":" ","price":34.05},{"type":"U","date":"2018-03-20T08:08:31.000Z","volume":380000,"label":"U","price":33.95}]