[{"type":"U","date":"2018-04-06T01:20:00.000Z","volume":130000,"label":"U","price":10.78},{"type":"A","date":"2018-04-06T01:30:11.000Z","volume":5000,"label":" ","price":10.86},{"type":"B","date":"2018-04-06T01:30:12.000Z","volume":8000,"label":" ","price":10.82},{"type":"A","date":"2018-04-06T01:30:12.000Z","volume":1000,"label":" ","price":10.86},{"type":"B","date":"2018-04-06T01:30:17.000Z","volume":2000,"label":" ","price":10.82},{"type":"A","date":"2018-04-06T01:31:02.000Z","volume":15000,"label":" ","price":10.88},{"type":"A","date":"2018-04-06T01:31:02.000Z","volume":25000,"label":" ","price":10.88},{"type":"A","date":"2018-04-06T01:31:02.000Z","volume":1000,"label":" ","price":10.9},{"type":"A","date":"2018-04-06T01:31:02.000Z","volume":10000,"label":" ","price":10.9},{"type":"A","date":"2018-04-06T01:31:02.000Z","volume":1000,"label":" ","price":10.9},{"type":"A","date":"2018-04-06T01:31:02.000Z","volume":1000,"label":" ","price":10.9},{"type":"A","date":"2018-04-06T01:31:02.000Z","volume":2000,"label":" ","price":10.92},{"type":"A","date":"2018-04-06T01:31:04.000Z","volume":1000,"label":"Y","price":10.9},{"type":"U","date":"2018-04-06T01:31:08.000Z","volume":6000,"label":" ","price":10.88},{"type":"A","date":"2018-04-06T01:31:08.000Z","volume":1000,"label":" ","price":10.92},{"type":"B","date":"2018-04-06T01:31:24.000Z","volume":2000,"label":" ","price":10.88},{"type":"A","date":"2018-04-06T01:31:24.000Z","volume":1000,"label":" ","price":10.92},{"type":"A","date":"2018-04-06T01:31:26.000Z","volume":1000,"label":" ","price":10.92},{"type":"A","date":"2018-04-06T01:33:26.000Z","volume":1000,"label":" ","price":10.92},{"type":"U","date":"2018-04-06T01:33:31.000Z","volume":16000,"label":" ","price":10.9},{"type":"U","date":"2018-04-06T01:33:31.000Z","volume":3000,"label":" ","price":10.9},{"type":"A","date":"2018-04-06T01:33:32.000Z","volume":3000,"label":" ","price":10.9},{"type":"A","date":"2018-04-06T01:33:35.000Z","volume":1000,"label":" ","price":10.9},{"type":"A","date":"2018-04-06T01:33:35.000Z","volume":3000,"label":" ","price":10.9},{"type":"A","date":"2018-04-06T01:33:35.000Z","volume":2000,"label":" ","price":10.9},{"type":"A","date":"2018-04-06T01:33:50.000Z","volume":13000,"label":" ","price":10.9},{"type":"A","date":"2018-04-06T01:33:50.000Z","volume":2000,"label":" ","price":10.9},{"type":"A","date":"2018-04-06T01:33:51.000Z","volume":1000,"label":" ","price":10.9},{"type":"A","date":"2018-04-06T01:33:52.000Z","volume":1000,"label":" ","price":10.9},{"type":"U","date":"2018-04-06T01:33:57.000Z","volume":8000,"label":" ","price":10.9},{"type":"A","date":"2018-04-06T01:34:26.000Z","volume":1000,"label":" ","price":10.92},{"type":"A","date":"2018-04-06T01:34:29.000Z","volume":18000,"label":" ","price":10.92},{"type":"A","date":"2018-04-06T01:34:29.000Z","volume":3000,"label":" ","price":10.92},{"type":"A","date":"2018-04-06T01:34:35.000Z","volume":1000,"label":" ","price":10.92},{"type":"B","date":"2018-04-06T01:34:52.000Z","volume":39000,"label":" ","price":10.9},{"type":"B","date":"2018-04-06T01:34:54.000Z","volume":15000,"label":" ","price":10.88},{"type":"A","date":"2018-04-06T01:35:00.000Z","volume":1000,"label":" ","price":10.9},{"type":"A","date":"2018-04-06T01:35:08.000Z","volume":1000,"label":" ","price":10.9},{"type":"A","date":"2018-04-06T01:35:10.000Z","volume":2000,"label":" ","price":10.9},{"type":"A","date":"2018-04-06T01:35:29.000Z","volume":1000,"label":" ","price":10.88},{"type":"A","date":"2018-04-06T01:37:26.000Z","volume":1000,"label":" ","price":10.86},{"type":"A","date":"2018-04-06T01:37:52.000Z","volume":2000,"label":" ","price":10.86},{"type":"A","date":"2018-04-06T01:37:53.000Z","volume":1000,"label":" ","price":10.86},{"type":"A","date":"2018-04-06T01:37:55.000Z","volume":10000,"label":" ","price":10.86},{"type":"B","date":"2018-04-06T01:40:06.000Z","volume":1000,"label":" ","price":10.84},{"type":"A","date":"2018-04-06T01:40:37.000Z","volume":2000,"label":" ","price":10.88},{"type":"A","date":"2018-04-06T01:40:56.000Z","volume":1000,"label":" ","price":10.88},{"type":"B","date":"2018-04-06T01:40:57.000Z","volume":3000,"label":" ","price":10.84},{"type":"U","date":"2018-04-06T01:41:31.000Z","volume":1000,"label":" ","price":10.86},{"type":"A","date":"2018-04-06T01:42:22.000Z","volume":1000,"label":" ","price":10.88},{"type":"A","date":"2018-04-06T01:42:39.000Z","volume":10000,"label":" ","price":10.88},{"type":"A","date":"2018-04-06T01:43:19.000Z","volume":16000,"label":" ","price":10.88},{"type":"A","date":"2018-04-06T01:43:25.000Z","volume":2000,"label":" ","price":10.9},{"type":"A","date":"2018-04-06T01:46:19.000Z","volume":2000,"label":" ","price":10.9},{"type":"U","date":"2018-04-06T01:46:49.000Z","volume":9000,"label":" ","price":10.88},{"type":"A","date":"2018-04-06T01:46:49.000Z","volume":1000,"label":" ","price":10.88},{"type":"B","date":"2018-04-06T01:46:49.000Z","volume":1000,"label":" ","price":10.86},{"type":"B","date":"2018-04-06T01:46:50.000Z","volume":2000,"label":" ","price":10.86},{"type":"A","date":"2018-04-06T01:46:50.000Z","volume":1000,"label":" ","price":10.88},{"type":"A","date":"2018-04-06T01:46:50.000Z","volume":1000,"label":" ","price":10.88},{"type":"A","date":"2018-04-06T01:46:50.000Z","volume":1000,"label":" ","price":10.88},{"type":"A","date":"2018-04-06T01:46:50.000Z","volume":1000,"label":" ","price":10.88},{"type":"B","date":"2018-04-06T01:46:50.000Z","volume":1000,"label":" ","price":10.86},{"type":"B","date":"2018-04-06T01:46:51.000Z","volume":1000,"label":" ","price":10.86},{"type":"A","date":"2018-04-06T01:47:25.000Z","volume":1000,"label":" ","price":10.88},{"type":"A","date":"2018-04-06T01:47:27.000Z","volume":19000,"label":" ","price":10.88},{"type":"A","date":"2018-04-06T01:47:27.000Z","volume":2000,"label":" ","price":10.88},{"type":"B","date":"2018-04-06T01:47:27.000Z","volume":2000,"label":" ","price":10.86},{"type":"B","date":"2018-04-06T01:47:27.000Z","volume":1000,"label":" ","price":10.86},{"type":"A","date":"2018-04-06T01:47:27.000Z","volume":1000,"label":" ","price":10.88},{"type":"B","date":"2018-04-06T01:47:27.000Z","volume":1000,"label":" ","price":10.86},{"type":"B","date":"2018-04-06T01:48:04.000Z","volume":1000,"label":" ","price":10.86},{"type":"B","date":"2018-04-06T01:48:08.000Z","volume":53000,"label":" ","price":10.86},{"type":"B","date":"2018-04-06T01:48:08.000Z","volume":1000,"label":" ","price":10.86},{"type":"B","date":"2018-04-06T01:48:08.000Z","volume":7000,"label":" ","price":10.84},{"type":"B","date":"2018-04-06T01:48:08.000Z","volume":15000,"label":" ","price":10.84},{"type":"B","date":"2018-04-06T01:48:08.000Z","volume":1000,"label":" ","price":10.82},{"type":"B","date":"2018-04-06T01:48:08.000Z","volume":3000,"label":" ","price":10.86},{"type":"B","date":"2018-04-06T01:48:08.000Z","volume":2000,"label":" ","price":10.82},{"type":"B","date":"2018-04-06T01:48:08.000Z","volume":1000,"label":" ","price":10.84},{"type":"B","date":"2018-04-06T01:48:08.000Z","volume":1000,"label":" ","price":10.84},{"type":"B","date":"2018-04-06T01:48:08.000Z","volume":1000,"label":" ","price":10.82},{"type":"B","date":"2018-04-06T01:48:09.000Z","volume":14000,"label":" ","price":10.82},{"type":"B","date":"2018-04-06T01:48:09.000Z","volume":4000,"label":" ","price":10.82},{"type":"A","date":"2018-04-06T01:48:09.000Z","volume":1000,"label":" ","price":10.84},{"type":"B","date":"2018-04-06T01:48:09.000Z","volume":2000,"label":" ","price":10.8},{"type":"B","date":"2018-04-06T01:48:09.000Z","volume":1000,"label":"Y","price":10.8},{"type":"B","date":"2018-04-06T01:48:09.000Z","volume":1000,"label":" ","price":10.8},{"type":"A","date":"2018-04-06T01:48:09.000Z","volume":1000,"label":" ","price":10.84},{"type":"B","date":"2018-04-06T01:48:10.000Z","volume":1000,"label":"Y","price":10.8},{"type":"A","date":"2018-04-06T01:48:41.000Z","volume":2000,"label":" ","price":10.84},{"type":"A","date":"2018-04-06T01:49:41.000Z","volume":3000,"label":" ","price":10.84},{"type":"B","date":"2018-04-06T01:49:41.000Z","volume":1000,"label":" ","price":10.8},{"type":"B","date":"2018-04-06T01:49:42.000Z","volume":1000,"label":" ","price":10.8},{"type":"A","date":"2018-04-06T01:49:45.000Z","volume":1000,"label":"Y","price":10.84},{"type":"A","date":"2018-04-06T01:51:17.000Z","volume":2000,"label":" ","price":10.84},{"type":"A","date":"2018-04-06T01:51:17.000Z","volume":24000,"label":" ","price":10.84},{"type":"A","date":"2018-04-06T01:51:17.000Z","volume":2000,"label":" ","price":10.84},{"type":"A","date":"2018-04-06T01:51:17.000Z","volume":1000,"label":" ","price":10.84},{"type":"A","date":"2018-04-06T01:51:20.000Z","volume":1000,"label":" ","price":10.86},{"type":"A","date":"2018-04-06T01:52:25.000Z","volume":1000,"label":" ","price":10.86},{"type":"A","date":"2018-04-06T01:54:21.000Z","volume":8000,"label":" ","price":10.86},{"type":"B","date":"2018-04-06T01:54:21.000Z","volume":1000,"label":" ","price":10.84},{"type":"A","date":"2018-04-06T01:54:21.000Z","volume":3000,"label":" ","price":10.86},{"type":"A","date":"2018-04-06T01:55:22.000Z","volume":4000,"label":" ","price":10.86},{"type":"B","date":"2018-04-06T01:56:05.000Z","volume":1000,"label":" ","price":10.84},{"type":"A","date":"2018-04-06T01:56:54.000Z","volume":2000,"label":" ","price":10.86},{"type":"A","date":"2018-04-06T01:56:54.000Z","volume":1000,"label":"Y","price":10.86},{"type":"A","date":"2018-04-06T01:57:07.000Z","volume":3000,"label":" ","price":10.86},{"type":"B","date":"2018-04-06T01:57:31.000Z","volume":29000,"label":" ","price":10.84},{"type":"B","date":"2018-04-06T01:57:31.000Z","volume":5000,"label":" ","price":10.84},{"type":"B","date":"2018-04-06T01:57:32.000Z","volume":6000,"label":" ","price":10.82},{"type":"A","date":"2018-04-06T01:57:32.000Z","volume":5000,"label":" ","price":10.84},{"type":"B","date":"2018-04-06T01:59:48.000Z","volume":8000,"label":" ","price":10.82},{"type":"B","date":"2018-04-06T01:59:48.000Z","volume":1000,"label":" ","price":10.82},{"type":"B","date":"2018-04-06T01:59:49.000Z","volume":2000,"label":" ","price":10.82},{"type":"B","date":"2018-04-06T01:59:49.000Z","volume":2000,"label":"Y","price":10.82},{"type":"B","date":"2018-04-06T01:59:49.000Z","volume":3000,"label":" ","price":10.82},{"type":"B","date":"2018-04-06T01:59:50.000Z","volume":1000,"label":" ","price":10.82},{"type":"A","date":"2018-04-06T02:00:03.000Z","volume":1000,"label":" ","price":10.84},{"type":"A","date":"2018-04-06T02:00:03.000Z","volume":1000,"label":" ","price":10.84},{"type":"A","date":"2018-04-06T02:00:24.000Z","volume":3000,"label":" ","price":10.84},{"type":"B","date":"2018-04-06T02:00:25.000Z","volume":1000,"label":"Y","price":10.82},{"type":"B","date":"2018-04-06T02:02:01.000Z","volume":1000,"label":" ","price":10.82},{"type":"A","date":"2018-04-06T02:02:35.000Z","volume":2000,"label":" ","price":10.84},{"type":"A","date":"2018-04-06T02:02:57.000Z","volume":13000,"label":" ","price":10.84},{"type":"A","date":"2018-04-06T02:02:57.000Z","volume":15000,"label":" ","price":10.84},{"type":"A","date":"2018-04-06T02:02:57.000Z","volume":24000,"label":" ","price":10.84},{"type":"B","date":"2018-04-06T02:02:57.000Z","volume":1000,"label":" ","price":10.82},{"type":"A","date":"2018-04-06T02:02:57.000Z","volume":3000,"label":" ","price":10.84},{"type":"A","date":"2018-04-06T02:02:57.000Z","volume":2000,"label":" ","price":10.84},{"type":"A","date":"2018-04-06T02:02:57.000Z","volume":2000,"label":" ","price":10.84},{"type":"B","date":"2018-04-06T02:02:57.000Z","volume":2000,"label":" ","price":10.82},{"type":"B","date":"2018-04-06T02:02:57.000Z","volume":1000,"label":" ","price":10.82},{"type":"A","date":"2018-04-06T02:02:57.000Z","volume":5000,"label":" ","price":10.86},{"type":"A","date":"2018-04-06T02:02:57.000Z","volume":4000,"label":" ","price":10.88},{"type":"A","date":"2018-04-06T02:02:57.000Z","volume":6000,"label":" ","price":10.88},{"type":"A","date":"2018-04-06T02:02:57.000Z","volume":5000,"label":" ","price":10.88},{"type":"A","date":"2018-04-06T02:02:57.000Z","volume":1000,"label":" ","price":10.88},{"type":"A","date":"2018-04-06T02:02:57.000Z","volume":1000,"label":" ","price":10.88},{"type":"U","date":"2018-04-06T02:02:57.000Z","volume":1000,"label":" ","price":10.86},{"type":"B","date":"2018-04-06T02:02:58.000Z","volume":1000,"label":" ","price":10.86},{"type":"B","date":"2018-04-06T02:02:58.000Z","volume":11000,"label":" ","price":10.86},{"type":"B","date":"2018-04-06T02:02:59.000Z","volume":1000,"label":"Y","price":10.86},{"type":"B","date":"2018-04-06T02:02:59.000Z","volume":1000,"label":" ","price":10.86},{"type":"B","date":"2018-04-06T02:02:59.000Z","volume":1000,"label":" ","price":10.86},{"type":"B","date":"2018-04-06T02:02:59.000Z","volume":1000,"label":" ","price":10.86},{"type":"B","date":"2018-04-06T02:02:59.000Z","volume":1000,"label":" ","price":10.84},{"type":"B","date":"2018-04-06T02:02:59.000Z","volume":2000,"label":"Y","price":10.82},{"type":"B","date":"2018-04-06T02:05:07.000Z","volume":32000,"label":" ","price":10.86},{"type":"B","date":"2018-04-06T02:05:07.000Z","volume":5000,"label":" ","price":10.86},{"type":"B","date":"2018-04-06T02:05:08.000Z","volume":6000,"label":" ","price":10.84},{"type":"B","date":"2018-04-06T02:05:08.000Z","volume":1000,"label":" ","price":10.84},{"type":"B","date":"2018-04-06T02:05:09.000Z","volume":1000,"label":" ","price":10.84},{"type":"B","date":"2018-04-06T02:07:39.000Z","volume":1000,"label":" ","price":10.84},{"type":"A","date":"2018-04-06T02:07:55.000Z","volume":2000,"label":" ","price":10.88},{"type":"A","date":"2018-04-06T02:08:30.000Z","volume":1000,"label":" ","price":10.88},{"type":"A","date":"2018-04-06T02:09:15.000Z","volume":1000,"label":" ","price":10.88},{"type":"A","date":"2018-04-06T02:10:23.000Z","volume":1000,"label":" ","price":10.88},{"type":"A","date":"2018-04-06T02:10:30.000Z","volume":1000,"label":" ","price":10.88},{"type":"A","date":"2018-04-06T02:10:35.000Z","volume":1000,"label":" ","price":10.86},{"type":"A","date":"2018-04-06T02:10:35.000Z","volume":1000,"label":" ","price":10.86},{"type":"A","date":"2018-04-06T02:10:50.000Z","volume":2000,"label":" ","price":10.86},{"type":"A","date":"2018-04-06T02:12:22.000Z","volume":2000,"label":" ","price":10.86},{"type":"B","date":"2018-04-06T02:12:28.000Z","volume":8000,"label":" ","price":10.84},{"type":"B","date":"2018-04-06T02:12:32.000Z","volume":2000,"label":" ","price":10.84},{"type":"B","date":"2018-04-06T02:12:33.000Z","volume":2000,"label":" ","price":10.84},{"type":"A","date":"2018-04-06T02:13:45.000Z","volume":1000,"label":" ","price":10.86},{"type":"A","date":"2018-04-06T02:13:45.000Z","volume":1000,"label":" ","price":10.86},{"type":"A","date":"2018-04-06T02:14:04.000Z","volume":10000,"label":" ","price":10.86},{"type":"A","date":"2018-04-06T02:14:04.000Z","volume":5000,"label":" ","price":10.86},{"type":"A","date":"2018-04-06T02:14:04.000Z","volume":10000,"label":" ","price":10.86},{"type":"A","date":"2018-04-06T02:14:05.000Z","volume":15000,"label":" ","price":10.86},{"type":"B","date":"2018-04-06T02:14:05.000Z","volume":3000,"label":" ","price":10.84},{"type":"A","date":"2018-04-06T02:14:05.000Z","volume":1000,"label":" ","price":10.86},{"type":"A","date":"2018-04-06T02:14:05.000Z","volume":8000,"label":" ","price":10.88},{"type":"A","date":"2018-04-06T02:14:05.000Z","volume":1000,"label":" ","price":10.86},{"type":"A","date":"2018-04-06T02:14:05.000Z","volume":2000,"label":" ","price":10.86},{"type":"A","date":"2018-04-06T02:14:05.000Z","volume":1000,"label":" ","price":10.86},{"type":"A","date":"2018-04-06T02:14:05.000Z","volume":1000,"label":" ","price":10.88},{"type":"A","date":"2018-04-06T02:14:05.000Z","volume":1000,"label":" ","price":10.9},{"type":"U","date":"2018-04-06T02:14:05.000Z","volume":1000,"label":" ","price":10.86},{"type":"U","date":"2018-04-06T02:14:05.000Z","volume":6000,"label":" ","price":10.86},{"type":"A","date":"2018-04-06T02:14:05.000Z","volume":1000,"label":" ","price":10.9},{"type":"A","date":"2018-04-06T02:14:05.000Z","volume":4000,"label":" ","price":10.9},{"type":"U","date":"2018-04-06T02:14:05.000Z","volume":2000,"label":" ","price":10.86},{"type":"B","date":"2018-04-06T02:14:20.000Z","volume":11000,"label":" ","price":10.86},{"type":"A","date":"2018-04-06T02:14:20.000Z","volume":5000,"label":" ","price":10.9},{"type":"B","date":"2018-04-06T02:14:21.000Z","volume":1000,"label":"Y","price":10.84},{"type":"B","date":"2018-04-06T02:14:21.000Z","volume":4000,"label":" ","price":10.84},{"type":"B","date":"2018-04-06T02:15:10.000Z","volume":9000,"label":" ","price":10.86},{"type":"A","date":"2018-04-06T02:15:22.000Z","volume":1000,"label":" ","price":10.86},{"type":"A","date":"2018-04-06T02:17:15.000Z","volume":1000,"label":" ","price":10.86},{"type":"A","date":"2018-04-06T02:17:15.000Z","volume":1000,"label":" ","price":10.86},{"type":"A","date":"2018-04-06T02:17:15.000Z","volume":1000,"label":" ","price":10.86},{"type":"A","date":"2018-04-06T02:17:15.000Z","volume":1000,"label":" ","price":10.86},{"type":"A","date":"2018-04-06T02:17:15.000Z","volume":1000,"label":" ","price":10.86},{"type":"A","date":"2018-04-06T02:17:15.000Z","volume":1000,"label":" ","price":10.86},{"type":"A","date":"2018-04-06T02:17:15.000Z","volume":1000,"label":" ","price":10.86},{"type":"A","date":"2018-04-06T02:17:20.000Z","volume":1000,"label":" ","price":10.86},{"type":"A","date":"2018-04-06T02:17:20.000Z","volume":1000,"label":" ","price":10.86},{"type":"A","date":"2018-04-06T02:17:20.000Z","volume":1000,"label":" ","price":10.86},{"type":"A","date":"2018-04-06T02:17:23.000Z","volume":18000,"label":" ","price":10.86},{"type":"A","date":"2018-04-06T02:17:23.000Z","volume":3000,"label":" ","price":10.86},{"type":"A","date":"2018-04-06T02:17:23.000Z","volume":4000,"label":" ","price":10.88},{"type":"A","date":"2018-04-06T02:17:23.000Z","volume":4000,"label":" ","price":10.9},{"type":"U","date":"2018-04-06T02:18:07.000Z","volume":4000,"label":" ","price":10.88},{"type":"U","date":"2018-04-06T02:18:07.000Z","volume":2000,"label":" ","price":10.88},{"type":"B","date":"2018-04-06T02:18:07.000Z","volume":2000,"label":" ","price":10.88},{"type":"B","date":"2018-04-06T02:18:07.000Z","volume":1000,"label":" ","price":10.88},{"type":"A","date":"2018-04-06T02:18:11.000Z","volume":5000,"label":" ","price":10.9},{"type":"A","date":"2018-04-06T02:18:54.000Z","volume":3000,"label":" ","price":10.9},{"type":"A","date":"2018-04-06T02:19:01.000Z","volume":1000,"label":" ","price":10.9},{"type":"A","date":"2018-04-06T02:19:15.000Z","volume":1000,"label":" ","price":10.9},{"type":"A","date":"2018-04-06T02:19:22.000Z","volume":3000,"label":" ","price":10.9},{"type":"A","date":"2018-04-06T02:19:22.000Z","volume":1000,"label":" ","price":10.9},{"type":"A","date":"2018-04-06T02:20:23.000Z","volume":3000,"label":" ","price":10.92},{"type":"U","date":"2018-04-06T02:20:58.000Z","volume":3000,"label":" ","price":10.9},{"type":"A","date":"2018-04-06T02:21:00.000Z","volume":1000,"label":" ","price":10.9},{"type":"A","date":"2018-04-06T02:21:10.000Z","volume":7000,"label":" ","price":10.9},{"type":"A","date":"2018-04-06T02:21:10.000Z","volume":43000,"label":" ","price":10.92},{"type":"A","date":"2018-04-06T02:21:10.000Z","volume":50000,"label":" ","price":10.92},{"type":"A","date":"2018-04-06T02:21:10.000Z","volume":1000,"label":" ","price":10.9},{"type":"A","date":"2018-04-06T02:21:10.000Z","volume":7000,"label":" ","price":10.9},{"type":"B","date":"2018-04-06T02:21:10.000Z","volume":3000,"label":" ","price":10.88},{"type":"A","date":"2018-04-06T02:21:10.000Z","volume":1000,"label":" ","price":10.9},{"type":"B","date":"2018-04-06T02:21:10.000Z","volume":1000,"label":" ","price":10.9},{"type":"B","date":"2018-04-06T02:21:37.000Z","volume":17000,"label":" ","price":10.88},{"type":"A","date":"2018-04-06T02:21:45.000Z","volume":1000,"label":" ","price":10.88},{"type":"A","date":"2018-04-06T02:21:50.000Z","volume":1000,"label":" ","price":10.88},{"type":"A","date":"2018-04-06T02:21:58.000Z","volume":2000,"label":" ","price":10.88},{"type":"A","date":"2018-04-06T02:21:59.000Z","volume":1000,"label":" ","price":10.88},{"type":"A","date":"2018-04-06T02:22:00.000Z","volume":1000,"label":" ","price":10.88},{"type":"B","date":"2018-04-06T02:24:30.000Z","volume":14000,"label":" ","price":10.86},{"type":"B","date":"2018-04-06T02:24:30.000Z","volume":3000,"label":" ","price":10.86},{"type":"U","date":"2018-04-06T02:24:59.000Z","volume":2000,"label":" ","price":10.88},{"type":"A","date":"2018-04-06T02:25:15.000Z","volume":1000,"label":" ","price":10.88},{"type":"A","date":"2018-04-06T02:25:19.000Z","volume":10000,"label":" ","price":10.88},{"type":"A","date":"2018-04-06T02:25:19.000Z","volume":2000,"label":" ","price":10.88},{"type":"A","date":"2018-04-06T02:25:40.000Z","volume":1000,"label":" ","price":10.88},{"type":"A","date":"2018-04-06T02:25:41.000Z","volume":1000,"label":" ","price":10.88},{"type":"A","date":"2018-04-06T02:26:45.000Z","volume":4000,"label":" ","price":10.88},{"type":"A","date":"2018-04-06T02:26:45.000Z","volume":1000,"label":" ","price":10.88},{"type":"A","date":"2018-04-06T02:27:12.000Z","volume":1000,"label":" ","price":10.9},{"type":"A","date":"2018-04-06T02:30:20.000Z","volume":1000,"label":" ","price":10.9},{"type":"B","date":"2018-04-06T02:31:00.000Z","volume":40000,"label":" ","price":10.88},{"type":"B","date":"2018-04-06T02:31:00.000Z","volume":1000,"label":" ","price":10.88},{"type":"A","date":"2018-04-06T02:35:47.000Z","volume":10000,"label":" ","price":10.88},{"type":"B","date":"2018-04-06T02:35:48.000Z","volume":1000,"label":" ","price":10.84},{"type":"A","date":"2018-04-06T02:35:57.000Z","volume":7000,"label":" ","price":10.86},{"type":"A","date":"2018-04-06T02:35:57.000Z","volume":3000,"label":" ","price":10.88},{"type":"U","date":"2018-04-06T02:35:57.000Z","volume":1000,"label":" ","price":10.86},{"type":"B","date":"2018-04-06T02:35:58.000Z","volume":1000,"label":" ","price":10.86},{"type":"A","date":"2018-04-06T02:38:08.000Z","volume":1000,"label":" ","price":10.88},{"type":"B","date":"2018-04-06T02:38:10.000Z","volume":3000,"label":" ","price":10.86},{"type":"A","date":"2018-04-06T02:39:30.000Z","volume":1000,"label":" ","price":10.88},{"type":"A","date":"2018-04-06T02:39:30.000Z","volume":1000,"label":" ","price":10.88},{"type":"B","date":"2018-04-06T02:40:09.000Z","volume":4000,"label":" ","price":10.86},{"type":"A","date":"2018-04-06T02:40:56.000Z","volume":1000,"label":" ","price":10.88},{"type":"A","date":"2018-04-06T02:43:15.000Z","volume":1000,"label":" ","price":10.88},{"type":"A","date":"2018-04-06T02:43:15.000Z","volume":1000,"label":" ","price":10.88},{"type":"B","date":"2018-04-06T02:43:28.000Z","volume":1000,"label":"Y","price":10.86},{"type":"B","date":"2018-04-06T02:43:28.000Z","volume":4000,"label":" ","price":10.86},{"type":"A","date":"2018-04-06T02:43:45.000Z","volume":1000,"label":" ","price":10.88},{"type":"A","date":"2018-04-06T02:43:45.000Z","volume":1000,"label":"Y","price":10.88},{"type":"A","date":"2018-04-06T02:43:45.000Z","volume":1000,"label":" ","price":10.88},{"type":"A","date":"2018-04-06T02:46:07.000Z","volume":2000,"label":" ","price":10.88},{"type":"A","date":"2018-04-06T02:46:24.000Z","volume":1000,"label":" ","price":10.88},{"type":"B","date":"2018-04-06T02:47:12.000Z","volume":1000,"label":" ","price":10.86},{"type":"A","date":"2018-04-06T02:47:45.000Z","volume":1000,"label":" ","price":10.88},{"type":"A","date":"2018-04-06T02:47:45.000Z","volume":1000,"label":" ","price":10.88},{"type":"A","date":"2018-04-06T02:47:57.000Z","volume":7000,"label":" ","price":10.88},{"type":"B","date":"2018-04-06T02:48:02.000Z","volume":1000,"label":" ","price":10.86},{"type":"A","date":"2018-04-06T02:48:42.000Z","volume":1000,"label":" ","price":10.88},{"type":"A","date":"2018-04-06T02:49:17.000Z","volume":1000,"label":" ","price":10.88},{"type":"B","date":"2018-04-06T02:49:18.000Z","volume":12000,"label":" ","price":10.86},{"type":"B","date":"2018-04-06T02:49:18.000Z","volume":68000,"label":" ","price":10.86},{"type":"B","date":"2018-04-06T02:49:18.000Z","volume":1000,"label":" ","price":10.86},{"type":"B","date":"2018-04-06T02:49:19.000Z","volume":5000,"label":" ","price":10.84},{"type":"B","date":"2018-04-06T02:49:19.000Z","volume":1000,"label":" ","price":10.84},{"type":"B","date":"2018-04-06T02:49:19.000Z","volume":3000,"label":" ","price":10.84},{"type":"B","date":"2018-04-06T02:49:19.000Z","volume":1000,"label":" ","price":10.84},{"type":"A","date":"2018-04-06T02:49:20.000Z","volume":8000,"label":" ","price":10.84},{"type":"A","date":"2018-04-06T02:49:20.000Z","volume":1000,"label":" ","price":10.84},{"type":"A","date":"2018-04-06T02:49:24.000Z","volume":3000,"label":" ","price":10.86},{"type":"A","date":"2018-04-06T02:50:26.000Z","volume":1000,"label":" ","price":10.86},{"type":"B","date":"2018-04-06T02:52:28.000Z","volume":5000,"label":" ","price":10.82},{"type":"B","date":"2018-04-06T02:52:28.000Z","volume":6000,"label":" ","price":10.82},{"type":"U","date":"2018-04-06T02:52:50.000Z","volume":849,"label":"D","price":10.96},{"type":"B","date":"2018-04-06T02:53:14.000Z","volume":1000,"label":" ","price":10.82},{"type":"B","date":"2018-04-06T02:55:02.000Z","volume":2000,"label":" ","price":10.82},{"type":"B","date":"2018-04-06T02:55:02.000Z","volume":5000,"label":" ","price":10.82},{"type":"B","date":"2018-04-06T02:55:19.000Z","volume":4000,"label":" ","price":10.82},{"type":"B","date":"2018-04-06T02:55:19.000Z","volume":1000,"label":" ","price":10.82},{"type":"A","date":"2018-04-06T02:55:22.000Z","volume":2000,"label":" ","price":10.84},{"type":"B","date":"2018-04-06T02:58:09.000Z","volume":5000,"label":" ","price":10.82},{"type":"B","date":"2018-04-06T03:00:16.000Z","volume":1000,"label":" ","price":10.82},{"type":"A","date":"2018-04-06T03:00:23.000Z","volume":1000,"label":" ","price":10.84},{"type":"A","date":"2018-04-06T03:01:14.000Z","volume":1000,"label":" ","price":10.84},{"type":"B","date":"2018-04-06T03:01:28.000Z","volume":4000,"label":" ","price":10.82},{"type":"B","date":"2018-04-06T03:01:40.000Z","volume":1000,"label":" ","price":10.82},{"type":"A","date":"2018-04-06T03:03:10.000Z","volume":1000,"label":" ","price":10.84},{"type":"B","date":"2018-04-06T03:04:18.000Z","volume":1000,"label":"Y","price":10.82},{"type":"B","date":"2018-04-06T03:04:18.000Z","volume":3000,"label":" ","price":10.82},{"type":"U","date":"2018-04-06T03:04:30.000Z","volume":2000,"label":"X","price":10.83},{"type":"A","date":"2018-04-06T03:04:32.000Z","volume":1000,"label":" ","price":10.84},{"type":"A","date":"2018-04-06T03:05:27.000Z","volume":4000,"label":" ","price":10.84},{"type":"A","date":"2018-04-06T03:06:19.000Z","volume":1000,"label":" ","price":10.84},{"type":"A","date":"2018-04-06T03:06:30.000Z","volume":1000,"label":" ","price":10.84},{"type":"A","date":"2018-04-06T03:06:30.000Z","volume":1000,"label":" ","price":10.84},{"type":"A","date":"2018-04-06T03:09:08.000Z","volume":2000,"label":" ","price":10.84},{"type":"A","date":"2018-04-06T03:09:09.000Z","volume":1000,"label":" ","price":10.84},{"type":"B","date":"2018-04-06T03:09:36.000Z","volume":1000,"label":" ","price":10.82},{"type":"A","date":"2018-04-06T03:10:22.000Z","volume":2000,"label":" ","price":10.84},{"type":"B","date":"2018-04-06T03:11:24.000Z","volume":5000,"label":" ","price":10.82},{"type":"A","date":"2018-04-06T03:11:36.000Z","volume":1000,"label":" ","price":10.84},{"type":"A","date":"2018-04-06T03:12:00.000Z","volume":1000,"label":" ","price":10.84},{"type":"A","date":"2018-04-06T03:12:00.000Z","volume":1000,"label":" ","price":10.84},{"type":"A","date":"2018-04-06T03:12:10.000Z","volume":3000,"label":" ","price":10.84},{"type":"B","date":"2018-04-06T03:12:20.000Z","volume":1000,"label":" ","price":10.82},{"type":"B","date":"2018-04-06T03:13:58.000Z","volume":2000,"label":" ","price":10.82},{"type":"B","date":"2018-04-06T03:14:15.000Z","volume":2000,"label":"Y","price":10.82},{"type":"B","date":"2018-04-06T03:14:15.000Z","volume":2000,"label":" ","price":10.82},{"type":"A","date":"2018-04-06T03:15:02.000Z","volume":1000,"label":" ","price":10.84},{"type":"B","date":"2018-04-06T03:15:21.000Z","volume":5000,"label":" ","price":10.82},{"type":"A","date":"2018-04-06T03:15:38.000Z","volume":20000,"label":" ","price":10.84},{"type":"A","date":"2018-04-06T03:15:38.000Z","volume":4000,"label":" ","price":10.84},{"type":"A","date":"2018-04-06T03:15:42.000Z","volume":152000,"label":" ","price":10.84},{"type":"B","date":"2018-04-06T03:15:50.000Z","volume":4000,"label":" ","price":10.86},{"type":"B","date":"2018-04-06T03:15:50.000Z","volume":1000,"label":" ","price":10.86},{"type":"A","date":"2018-04-06T03:15:50.000Z","volume":1000,"label":" ","price":10.86},{"type":"A","date":"2018-04-06T03:16:17.000Z","volume":5000,"label":" ","price":10.86},{"type":"A","date":"2018-04-06T03:16:17.000Z","volume":5000,"label":" ","price":10.86},{"type":"A","date":"2018-04-06T03:18:45.000Z","volume":1000,"label":" ","price":10.88},{"type":"A","date":"2018-04-06T03:20:04.000Z","volume":1000,"label":" ","price":10.88},{"type":"A","date":"2018-04-06T03:20:25.000Z","volume":9000,"label":" ","price":10.86},{"type":"A","date":"2018-04-06T03:20:30.000Z","volume":1000,"label":" ","price":10.86},{"type":"A","date":"2018-04-06T03:20:30.000Z","volume":1000,"label":" ","price":10.86},{"type":"A","date":"2018-04-06T03:20:30.000Z","volume":1000,"label":" ","price":10.86},{"type":"A","date":"2018-04-06T03:20:30.000Z","volume":1000,"label":" ","price":10.86},{"type":"A","date":"2018-04-06T03:20:36.000Z","volume":1000,"label":" ","price":10.86},{"type":"A","date":"2018-04-06T03:20:45.000Z","volume":1000,"label":" ","price":10.86},{"type":"A","date":"2018-04-06T03:21:05.000Z","volume":11000,"label":" ","price":10.86},{"type":"A","date":"2018-04-06T03:21:40.000Z","volume":1000,"label":" ","price":10.86},{"type":"A","date":"2018-04-06T03:22:12.000Z","volume":14000,"label":" ","price":10.86},{"type":"A","date":"2018-04-06T03:22:12.000Z","volume":3000,"label":" ","price":10.86},{"type":"B","date":"2018-04-06T03:22:50.000Z","volume":2000,"label":" ","price":10.86},{"type":"A","date":"2018-04-06T03:22:52.000Z","volume":2000,"label":" ","price":10.88},{"type":"A","date":"2018-04-06T03:23:02.000Z","volume":1000,"label":" ","price":10.88},{"type":"A","date":"2018-04-06T03:23:02.000Z","volume":1000,"label":" ","price":10.88},{"type":"U","date":"2018-04-06T03:24:10.000Z","volume":1000,"label":" ","price":10.88},{"type":"A","date":"2018-04-06T03:24:36.000Z","volume":8000,"label":" ","price":10.88},{"type":"A","date":"2018-04-06T03:24:45.000Z","volume":1000,"label":" ","price":10.88},{"type":"A","date":"2018-04-06T03:25:26.000Z","volume":2000,"label":" ","price":10.88},{"type":"A","date":"2018-04-06T03:25:29.000Z","volume":1000,"label":" ","price":10.88},{"type":"A","date":"2018-04-06T03:25:29.000Z","volume":1000,"label":" ","price":10.9},{"type":"U","date":"2018-04-06T03:26:11.000Z","volume":1000,"label":" ","price":10.88},{"type":"B","date":"2018-04-06T03:26:45.000Z","volume":2000,"label":" ","price":10.86},{"type":"A","date":"2018-04-06T03:28:15.000Z","volume":1000,"label":" ","price":10.88},{"type":"A","date":"2018-04-06T03:28:37.000Z","volume":1000,"label":" ","price":10.88},{"type":"A","date":"2018-04-06T03:29:14.000Z","volume":7000,"label":" ","price":10.88},{"type":"A","date":"2018-04-06T03:29:14.000Z","volume":1000,"label":" ","price":10.88},{"type":"B","date":"2018-04-06T03:29:21.000Z","volume":1000,"label":" ","price":10.86},{"type":"U","date":"2018-04-06T03:30:26.000Z","volume":2000,"label":" ","price":10.88},{"type":"A","date":"2018-04-06T03:30:40.000Z","volume":1000,"label":" ","price":10.88},{"type":"A","date":"2018-04-06T03:31:09.000Z","volume":1000,"label":" ","price":10.88},{"type":"A","date":"2018-04-06T03:31:45.000Z","volume":4000,"label":" ","price":10.88},{"type":"A","date":"2018-04-06T03:32:15.000Z","volume":1000,"label":"Y","price":10.88},{"type":"A","date":"2018-04-06T03:32:15.000Z","volume":1000,"label":" ","price":10.88},{"type":"A","date":"2018-04-06T03:33:55.000Z","volume":1000,"label":" ","price":10.9},{"type":"U","date":"2018-04-06T03:34:14.000Z","volume":1000,"label":" ","price":10.88},{"type":"A","date":"2018-04-06T03:34:15.000Z","volume":1000,"label":" ","price":10.88},{"type":"B","date":"2018-04-06T03:34:45.000Z","volume":2000,"label":" ","price":10.86},{"type":"A","date":"2018-04-06T03:35:28.000Z","volume":1000,"label":" ","price":10.88},{"type":"A","date":"2018-04-06T03:35:30.000Z","volume":4000,"label":" ","price":10.88},{"type":"A","date":"2018-04-06T03:36:32.000Z","volume":4000,"label":" ","price":10.88},{"type":"A","date":"2018-04-06T03:36:55.000Z","volume":2000,"label":" ","price":10.88},{"type":"B","date":"2018-04-06T03:37:45.000Z","volume":33000,"label":" ","price":10.88},{"type":"A","date":"2018-04-06T03:38:02.000Z","volume":1000,"label":" ","price":10.88},{"type":"A","date":"2018-04-06T03:40:03.000Z","volume":4000,"label":" ","price":10.88},{"type":"A","date":"2018-04-06T03:40:23.000Z","volume":2000,"label":" ","price":10.88},{"type":"B","date":"2018-04-06T03:45:13.000Z","volume":1000,"label":" ","price":10.88},{"type":"B","date":"2018-04-06T03:45:14.000Z","volume":1000,"label":" ","price":10.88},{"type":"U","date":"2018-04-06T03:47:35.000Z","volume":1000,"label":" ","price":10.88},{"type":"A","date":"2018-04-06T03:50:20.000Z","volume":2000,"label":" ","price":10.9},{"type":"A","date":"2018-04-06T03:50:45.000Z","volume":1000,"label":" ","price":10.9},{"type":"A","date":"2018-04-06T03:51:20.000Z","volume":1000,"label":" ","price":10.88},{"type":"A","date":"2018-04-06T03:51:30.000Z","volume":1000,"label":" ","price":10.88},{"type":"B","date":"2018-04-06T03:53:10.000Z","volume":3000,"label":" ","price":10.86},{"type":"A","date":"2018-04-06T03:53:16.000Z","volume":1000,"label":"Y","price":10.88},{"type":"B","date":"2018-04-06T03:55:32.000Z","volume":2000,"label":" ","price":10.86},{"type":"A","date":"2018-04-06T03:55:36.000Z","volume":1000,"label":" ","price":10.88},{"type":"B","date":"2018-04-06T03:56:18.000Z","volume":1000,"label":" ","price":10.86},{"type":"A","date":"2018-04-06T03:57:03.000Z","volume":1000,"label":" ","price":10.88},{"type":"A","date":"2018-04-06T03:57:05.000Z","volume":1000,"label":"Y","price":10.88},{"type":"A","date":"2018-04-06T03:58:31.000Z","volume":1000,"label":" ","price":10.88},{"type":"A","date":"2018-04-06T03:59:00.000Z","volume":1000,"label":" ","price":10.88},{"type":"B","date":"2018-04-06T03:59:19.000Z","volume":1000,"label":"Y","price":10.86},{"type":"B","date":"2018-04-06T03:59:19.000Z","volume":1000,"label":" ","price":10.86},{"type":"A","date":"2018-04-06T03:59:30.000Z","volume":2000,"label":" ","price":10.88},{"type":"A","date":"2018-04-06T05:00:00.000Z","volume":1000,"label":" ","price":10.88},{"type":"A","date":"2018-04-06T05:00:02.000Z","volume":1000,"label":" ","price":10.88},{"type":"A","date":"2018-04-06T05:00:06.000Z","volume":3000,"label":" ","price":10.88},{"type":"A","date":"2018-04-06T05:00:06.000Z","volume":4000,"label":" ","price":10.88},{"type":"A","date":"2018-04-06T05:00:24.000Z","volume":2000,"label":" ","price":10.88},{"type":"A","date":"2018-04-06T05:00:59.000Z","volume":1000,"label":" ","price":10.88},{"type":"A","date":"2018-04-06T05:01:10.000Z","volume":5000,"label":" ","price":10.88},{"type":"B","date":"2018-04-06T05:01:11.000Z","volume":2000,"label":"Y","price":10.88},{"type":"B","date":"2018-04-06T05:01:11.000Z","volume":3000,"label":" ","price":10.88},{"type":"B","date":"2018-04-06T05:02:16.000Z","volume":14000,"label":" ","price":10.88},{"type":"A","date":"2018-04-06T05:02:16.000Z","volume":6000,"label":" ","price":10.9},{"type":"A","date":"2018-04-06T05:02:22.000Z","volume":5000,"label":" ","price":10.9},{"type":"B","date":"2018-04-06T05:03:31.000Z","volume":4000,"label":" ","price":10.86},{"type":"B","date":"2018-04-06T05:04:26.000Z","volume":6000,"label":" ","price":10.86},{"type":"A","date":"2018-04-06T05:05:18.000Z","volume":1000,"label":" ","price":10.9},{"type":"B","date":"2018-04-06T05:07:20.000Z","volume":1000,"label":" ","price":10.88},{"type":"U","date":"2018-04-06T05:07:20.000Z","volume":1000,"label":" ","price":10.88},{"type":"A","date":"2018-04-06T05:07:47.000Z","volume":1000,"label":" ","price":10.88},{"type":"A","date":"2018-04-06T05:07:47.000Z","volume":1000,"label":" ","price":10.88},{"type":"A","date":"2018-04-06T05:07:47.000Z","volume":1000,"label":" ","price":10.88},{"type":"B","date":"2018-04-06T05:10:14.000Z","volume":48000,"label":" ","price":10.86},{"type":"U","date":"2018-04-06T05:10:19.000Z","volume":3000,"label":"X","price":10.88},{"type":"B","date":"2018-04-06T05:10:35.000Z","volume":1000,"label":" ","price":10.84},{"type":"A","date":"2018-04-06T05:10:53.000Z","volume":6000,"label":" ","price":10.86},{"type":"B","date":"2018-04-06T05:10:53.000Z","volume":2000,"label":" ","price":10.86},{"type":"B","date":"2018-04-06T05:10:54.000Z","volume":1000,"label":" ","price":10.86},{"type":"B","date":"2018-04-06T05:10:55.000Z","volume":1000,"label":" ","price":10.86},{"type":"B","date":"2018-04-06T05:10:57.000Z","volume":11000,"label":" ","price":10.86},{"type":"U","date":"2018-04-06T05:10:57.000Z","volume":6000,"label":"X","price":10.88},{"type":"B","date":"2018-04-06T05:13:52.000Z","volume":3000,"label":" ","price":10.84},{"type":"B","date":"2018-04-06T05:14:21.000Z","volume":1000,"label":" ","price":10.84},{"type":"B","date":"2018-04-06T05:17:11.000Z","volume":1000,"label":"Y","price":10.84},{"type":"B","date":"2018-04-06T05:17:11.000Z","volume":2000,"label":" ","price":10.84},{"type":"B","date":"2018-04-06T05:20:30.000Z","volume":1000,"label":"Y","price":10.84},{"type":"B","date":"2018-04-06T05:20:30.000Z","volume":3000,"label":" ","price":10.84},{"type":"B","date":"2018-04-06T05:21:13.000Z","volume":2000,"label":" ","price":10.84},{"type":"B","date":"2018-04-06T05:22:00.000Z","volume":1000,"label":" ","price":10.82},{"type":"A","date":"2018-04-06T05:23:48.000Z","volume":1000,"label":" ","price":10.84},{"type":"A","date":"2018-04-06T05:24:21.000Z","volume":1000,"label":" ","price":10.84},{"type":"A","date":"2018-04-06T05:25:23.000Z","volume":1000,"label":" ","price":10.84},{"type":"B","date":"2018-04-06T05:26:11.000Z","volume":3000,"label":" ","price":10.82},{"type":"B","date":"2018-04-06T05:27:05.000Z","volume":59000,"label":" ","price":10.82},{"type":"B","date":"2018-04-06T05:27:05.000Z","volume":10000,"label":" ","price":10.82},{"type":"B","date":"2018-04-06T05:27:36.000Z","volume":4000,"label":" ","price":10.82},{"type":"B","date":"2018-04-06T05:27:36.000Z","volume":176000,"label":" ","price":10.82},{"type":"B","date":"2018-04-06T05:30:00.000Z","volume":11000,"label":" ","price":10.8},{"type":"B","date":"2018-04-06T05:30:01.000Z","volume":1000,"label":" ","price":10.8},{"type":"B","date":"2018-04-06T05:30:04.000Z","volume":7000,"label":" ","price":10.8},{"type":"U","date":"2018-04-06T05:30:04.000Z","volume":6000,"label":"X","price":10.82},{"type":"B","date":"2018-04-06T05:30:05.000Z","volume":154000,"label":" ","price":10.8},{"type":"B","date":"2018-04-06T05:30:30.000Z","volume":26000,"label":" ","price":10.78},{"type":"B","date":"2018-04-06T05:30:30.000Z","volume":14000,"label":" ","price":10.78},{"type":"B","date":"2018-04-06T05:31:00.000Z","volume":1000,"label":" ","price":10.76},{"type":"A","date":"2018-04-06T05:31:28.000Z","volume":35000,"label":" ","price":10.78},{"type":"A","date":"2018-04-06T05:31:30.000Z","volume":8000,"label":" ","price":10.8},{"type":"A","date":"2018-04-06T05:31:30.000Z","volume":1000,"label":" ","price":10.8},{"type":"B","date":"2018-04-06T05:33:17.000Z","volume":1000,"label":" ","price":10.76},{"type":"B","date":"2018-04-06T05:33:17.000Z","volume":1000,"label":" ","price":10.76},{"type":"U","date":"2018-04-06T05:33:33.000Z","volume":4000,"label":" ","price":10.78},{"type":"U","date":"2018-04-06T05:33:33.000Z","volume":1000,"label":" ","price":10.78},{"type":"B","date":"2018-04-06T05:33:34.000Z","volume":1000,"label":" ","price":10.78},{"type":"B","date":"2018-04-06T05:33:34.000Z","volume":1000,"label":" ","price":10.78},{"type":"U","date":"2018-04-06T05:35:20.000Z","volume":5000,"label":"X","price":10.8},{"type":"B","date":"2018-04-06T05:38:14.000Z","volume":1000,"label":" ","price":10.76},{"type":"U","date":"2018-04-06T05:38:36.000Z","volume":1000,"label":" ","price":10.78},{"type":"A","date":"2018-04-06T05:38:47.000Z","volume":1000,"label":" ","price":10.78},{"type":"A","date":"2018-04-06T05:38:47.000Z","volume":1000,"label":" ","price":10.78},{"type":"A","date":"2018-04-06T05:38:47.000Z","volume":1000,"label":" ","price":10.78},{"type":"A","date":"2018-04-06T05:38:47.000Z","volume":7000,"label":" ","price":10.78},{"type":"A","date":"2018-04-06T05:40:17.000Z","volume":3000,"label":" ","price":10.78},{"type":"B","date":"2018-04-06T05:41:15.000Z","volume":3000,"label":" ","price":10.76},{"type":"B","date":"2018-04-06T05:42:30.000Z","volume":15000,"label":" ","price":10.76},{"type":"B","date":"2018-04-06T05:42:39.000Z","volume":46000,"label":" ","price":10.76},{"type":"B","date":"2018-04-06T05:42:39.000Z","volume":23000,"label":" ","price":10.76},{"type":"A","date":"2018-04-06T05:42:56.000Z","volume":20000,"label":" ","price":10.76},{"type":"A","date":"2018-04-06T05:42:56.000Z","volume":1000,"label":" ","price":10.76},{"type":"B","date":"2018-04-06T05:44:26.000Z","volume":3000,"label":" ","price":10.76},{"type":"B","date":"2018-04-06T05:44:26.000Z","volume":1000,"label":" ","price":10.76},{"type":"A","date":"2018-04-06T05:45:20.000Z","volume":5000,"label":" ","price":10.76},{"type":"A","date":"2018-04-06T05:45:20.000Z","volume":4000,"label":" ","price":10.76},{"type":"A","date":"2018-04-06T05:50:16.000Z","volume":3000,"label":" ","price":10.78},{"type":"A","date":"2018-04-06T05:50:42.000Z","volume":5000,"label":" ","price":10.78},{"type":"A","date":"2018-04-06T05:51:18.000Z","volume":2000,"label":" ","price":10.78},{"type":"B","date":"2018-04-06T05:52:37.000Z","volume":4000,"label":" ","price":10.76},{"type":"B","date":"2018-04-06T05:52:55.000Z","volume":1000,"label":" ","price":10.76},{"type":"A","date":"2018-04-06T05:53:37.000Z","volume":4000,"label":" ","price":10.78},{"type":"B","date":"2018-04-06T05:54:30.000Z","volume":2000,"label":"Y","price":10.76},{"type":"B","date":"2018-04-06T05:54:30.000Z","volume":1000,"label":" ","price":10.76},{"type":"A","date":"2018-04-06T05:54:42.000Z","volume":3000,"label":" ","price":10.78},{"type":"A","date":"2018-04-06T05:55:17.000Z","volume":6000,"label":" ","price":10.78},{"type":"A","date":"2018-04-06T05:55:39.000Z","volume":1000,"label":" ","price":10.78},{"type":"A","date":"2018-04-06T05:55:39.000Z","volume":2000,"label":" ","price":10.78},{"type":"A","date":"2018-04-06T05:55:57.000Z","volume":1000,"label":" ","price":10.78},{"type":"A","date":"2018-04-06T05:56:10.000Z","volume":133000,"label":" ","price":10.78},{"type":"A","date":"2018-04-06T05:56:10.000Z","volume":14000,"label":" ","price":10.78},{"type":"A","date":"2018-04-06T05:56:10.000Z","volume":75000,"label":" ","price":10.78},{"type":"A","date":"2018-04-06T05:56:16.000Z","volume":9000,"label":" ","price":10.8},{"type":"A","date":"2018-04-06T05:56:16.000Z","volume":4000,"label":" ","price":10.8},{"type":"A","date":"2018-04-06T05:56:41.000Z","volume":7000,"label":" ","price":10.82},{"type":"A","date":"2018-04-06T05:56:47.000Z","volume":1000,"label":" ","price":10.82},{"type":"A","date":"2018-04-06T05:56:47.000Z","volume":1000,"label":" ","price":10.82},{"type":"A","date":"2018-04-06T05:56:47.000Z","volume":1000,"label":" ","price":10.82},{"type":"A","date":"2018-04-06T05:56:47.000Z","volume":1000,"label":" ","price":10.82},{"type":"A","date":"2018-04-06T05:57:36.000Z","volume":1000,"label":" ","price":10.82},{"type":"A","date":"2018-04-06T05:57:45.000Z","volume":3000,"label":"Y","price":10.82},{"type":"A","date":"2018-04-06T05:57:45.000Z","volume":1000,"label":" ","price":10.82},{"type":"A","date":"2018-04-06T05:57:45.000Z","volume":3000,"label":" ","price":10.82},{"type":"A","date":"2018-04-06T05:58:47.000Z","volume":8000,"label":" ","price":10.84},{"type":"A","date":"2018-04-06T05:58:58.000Z","volume":1000,"label":" ","price":10.84},{"type":"A","date":"2018-04-06T05:59:01.000Z","volume":1000,"label":" ","price":10.84},{"type":"B","date":"2018-04-06T05:59:14.000Z","volume":2000,"label":" ","price":10.8},{"type":"A","date":"2018-04-06T05:59:28.000Z","volume":1000,"label":" ","price":10.84},{"type":"A","date":"2018-04-06T05:59:48.000Z","volume":7000,"label":" ","price":10.84},{"type":"A","date":"2018-04-06T06:00:45.000Z","volume":6000,"label":" ","price":10.84},{"type":"A","date":"2018-04-06T06:01:46.000Z","volume":5000,"label":"Y","price":10.84},{"type":"A","date":"2018-04-06T06:01:46.000Z","volume":3000,"label":" ","price":10.84},{"type":"A","date":"2018-04-06T06:02:21.000Z","volume":1000,"label":" ","price":10.84},{"type":"A","date":"2018-04-06T06:02:53.000Z","volume":7000,"label":" ","price":10.84},{"type":"A","date":"2018-04-06T06:03:12.000Z","volume":5000,"label":" ","price":10.84},{"type":"A","date":"2018-04-06T06:03:42.000Z","volume":1000,"label":"Y","price":10.86},{"type":"A","date":"2018-04-06T06:03:42.000Z","volume":1000,"label":" ","price":10.86},{"type":"U","date":"2018-04-06T06:03:54.000Z","volume":1000,"label":" ","price":10.86},{"type":"A","date":"2018-04-06T06:03:54.000Z","volume":1000,"label":" ","price":10.86},{"type":"A","date":"2018-04-06T06:03:54.000Z","volume":7000,"label":" ","price":10.88},{"type":"A","date":"2018-04-06T06:04:46.000Z","volume":1000,"label":" ","price":10.88},{"type":"A","date":"2018-04-06T06:04:51.000Z","volume":7000,"label":" ","price":10.88},{"type":"A","date":"2018-04-06T06:05:54.000Z","volume":7000,"label":" ","price":10.88},{"type":"U","date":"2018-04-06T06:06:04.000Z","volume":1000,"label":" ","price":10.86},{"type":"A","date":"2018-04-06T06:06:05.000Z","volume":1000,"label":" ","price":10.86},{"type":"A","date":"2018-04-06T06:06:54.000Z","volume":7000,"label":" ","price":10.88},{"type":"A","date":"2018-04-06T06:07:57.000Z","volume":7000,"label":" ","price":10.88},{"type":"A","date":"2018-04-06T06:08:56.000Z","volume":6000,"label":" ","price":10.88},{"type":"U","date":"2018-04-06T06:09:23.000Z","volume":1000,"label":" ","price":10.86},{"type":"A","date":"2018-04-06T06:09:32.000Z","volume":1000,"label":" ","price":10.86},{"type":"A","date":"2018-04-06T06:09:32.000Z","volume":1000,"label":" ","price":10.86},{"type":"A","date":"2018-04-06T06:09:48.000Z","volume":11000,"label":" ","price":10.86},{"type":"B","date":"2018-04-06T06:09:48.000Z","volume":137000,"label":" ","price":10.84},{"type":"A","date":"2018-04-06T06:10:55.000Z","volume":9000,"label":" ","price":10.84},{"type":"A","date":"2018-04-06T06:11:58.000Z","volume":8000,"label":" ","price":10.84},{"type":"A","date":"2018-04-06T06:12:40.000Z","volume":3000,"label":" ","price":10.84},{"type":"A","date":"2018-04-06T06:13:05.000Z","volume":9000,"label":" ","price":10.84},{"type":"B","date":"2018-04-06T06:13:30.000Z","volume":4000,"label":" ","price":10.82},{"type":"A","date":"2018-04-06T06:14:02.000Z","volume":8000,"label":" ","price":10.84},{"type":"A","date":"2018-04-06T06:14:06.000Z","volume":8000,"label":" ","price":10.84},{"type":"B","date":"2018-04-06T06:14:25.000Z","volume":4000,"label":" ","price":10.82},{"type":"A","date":"2018-04-06T06:15:17.000Z","volume":1000,"label":" ","price":10.84},{"type":"B","date":"2018-04-06T06:18:27.000Z","volume":17000,"label":" ","price":10.82},{"type":"B","date":"2018-04-06T06:18:27.000Z","volume":32000,"label":" ","price":10.82},{"type":"B","date":"2018-04-06T06:18:28.000Z","volume":1000,"label":" ","price":10.82},{"type":"B","date":"2018-04-06T06:19:11.000Z","volume":4000,"label":" ","price":10.8},{"type":"A","date":"2018-04-06T06:20:02.000Z","volume":1000,"label":" ","price":10.82},{"type":"A","date":"2018-04-06T06:20:17.000Z","volume":4000,"label":" ","price":10.82},{"type":"A","date":"2018-04-06T06:20:17.000Z","volume":3000,"label":" ","price":10.82},{"type":"B","date":"2018-04-06T06:22:01.000Z","volume":4000,"label":" ","price":10.8},{"type":"B","date":"2018-04-06T06:22:34.000Z","volume":1000,"label":" ","price":10.8},{"type":"A","date":"2018-04-06T06:23:11.000Z","volume":1000,"label":" ","price":10.82},{"type":"A","date":"2018-04-06T06:23:51.000Z","volume":1000,"label":" ","price":10.82},{"type":"A","date":"2018-04-06T06:24:08.000Z","volume":1000,"label":" ","price":10.82},{"type":"A","date":"2018-04-06T06:24:17.000Z","volume":1000,"label":" ","price":10.82},{"type":"B","date":"2018-04-06T06:24:26.000Z","volume":1000,"label":" ","price":10.8},{"type":"B","date":"2018-04-06T06:25:24.000Z","volume":3000,"label":" ","price":10.8},{"type":"A","date":"2018-04-06T06:26:11.000Z","volume":2000,"label":" ","price":10.82},{"type":"A","date":"2018-04-06T06:26:21.000Z","volume":1000,"label":" ","price":10.82},{"type":"A","date":"2018-04-06T06:28:21.000Z","volume":1000,"label":" ","price":10.82},{"type":"A","date":"2018-04-06T06:28:39.000Z","volume":1000,"label":" ","price":10.82},{"type":"A","date":"2018-04-06T06:29:06.000Z","volume":1000,"label":" ","price":10.82},{"type":"B","date":"2018-04-06T06:29:35.000Z","volume":4000,"label":" ","price":10.8},{"type":"A","date":"2018-04-06T06:30:20.000Z","volume":7000,"label":" ","price":10.82},{"type":"A","date":"2018-04-06T06:30:50.000Z","volume":1000,"label":" ","price":10.82},{"type":"A","date":"2018-04-06T06:31:09.000Z","volume":9000,"label":" ","price":10.82},{"type":"A","date":"2018-04-06T06:31:09.000Z","volume":4000,"label":" ","price":10.84},{"type":"A","date":"2018-04-06T06:31:14.000Z","volume":1000,"label":" ","price":10.84},{"type":"A","date":"2018-04-06T06:31:17.000Z","volume":1000,"label":" ","price":10.84},{"type":"A","date":"2018-04-06T06:34:06.000Z","volume":2000,"label":" ","price":10.84},{"type":"A","date":"2018-04-06T06:34:09.000Z","volume":1000,"label":" ","price":10.84},{"type":"A","date":"2018-04-06T06:35:17.000Z","volume":7000,"label":" ","price":10.84},{"type":"A","date":"2018-04-06T06:35:48.000Z","volume":2000,"label":" ","price":10.84},{"type":"A","date":"2018-04-06T06:36:56.000Z","volume":1000,"label":" ","price":10.84},{"type":"A","date":"2018-04-06T06:37:04.000Z","volume":1000,"label":" ","price":10.84},{"type":"U","date":"2018-04-06T06:37:11.000Z","volume":402,"label":"D","price":10.88},{"type":"A","date":"2018-04-06T06:38:53.000Z","volume":1000,"label":" ","price":10.84},{"type":"A","date":"2018-04-06T06:40:25.000Z","volume":3000,"label":" ","price":10.84},{"type":"A","date":"2018-04-06T06:40:26.000Z","volume":2000,"label":" ","price":10.84},{"type":"A","date":"2018-04-06T06:40:28.000Z","volume":1000,"label":" ","price":10.84},{"type":"A","date":"2018-04-06T06:41:09.000Z","volume":1000,"label":" ","price":10.84},{"type":"B","date":"2018-04-06T06:41:10.000Z","volume":4000,"label":" ","price":10.82},{"type":"A","date":"2018-04-06T06:42:21.000Z","volume":1000,"label":" ","price":10.84},{"type":"A","date":"2018-04-06T06:43:09.000Z","volume":2000,"label":" ","price":10.84},{"type":"B","date":"2018-04-06T06:43:32.000Z","volume":4000,"label":" ","price":10.82},{"type":"B","date":"2018-04-06T06:44:04.000Z","volume":1000,"label":" ","price":10.82},{"type":"A","date":"2018-04-06T06:45:26.000Z","volume":4000,"label":" ","price":10.84},{"type":"A","date":"2018-04-06T06:45:28.000Z","volume":1000,"label":" ","price":10.84},{"type":"B","date":"2018-04-06T06:46:44.000Z","volume":2000,"label":" ","price":10.82},{"type":"B","date":"2018-04-06T06:46:51.000Z","volume":2000,"label":"Y","price":10.82},{"type":"B","date":"2018-04-06T06:46:51.000Z","volume":2000,"label":" ","price":10.82},{"type":"A","date":"2018-04-06T06:46:56.000Z","volume":2000,"label":" ","price":10.84},{"type":"A","date":"2018-04-06T06:47:26.000Z","volume":1000,"label":" ","price":10.84},{"type":"A","date":"2018-04-06T06:47:45.000Z","volume":3000,"label":" ","price":10.84},{"type":"B","date":"2018-04-06T06:48:42.000Z","volume":2000,"label":" ","price":10.82},{"type":"B","date":"2018-04-06T06:49:45.000Z","volume":1000,"label":" ","price":10.82},{"type":"B","date":"2018-04-06T06:50:10.000Z","volume":2000,"label":"Y","price":10.82},{"type":"B","date":"2018-04-06T06:50:10.000Z","volume":2000,"label":" ","price":10.82},{"type":"A","date":"2018-04-06T06:50:19.000Z","volume":6000,"label":" ","price":10.84},{"type":"A","date":"2018-04-06T06:50:33.000Z","volume":1000,"label":" ","price":10.84},{"type":"B","date":"2018-04-06T06:50:58.000Z","volume":10000,"label":" ","price":10.82},{"type":"A","date":"2018-04-06T06:51:12.000Z","volume":2000,"label":" ","price":10.84},{"type":"A","date":"2018-04-06T06:52:03.000Z","volume":2000,"label":" ","price":10.84},{"type":"A","date":"2018-04-06T06:52:55.000Z","volume":2000,"label":" ","price":10.84},{"type":"B","date":"2018-04-06T06:53:00.000Z","volume":4000,"label":" ","price":10.82},{"type":"A","date":"2018-04-06T06:54:00.000Z","volume":1000,"label":" ","price":10.84},{"type":"B","date":"2018-04-06T06:54:51.000Z","volume":1000,"label":" ","price":10.82},{"type":"B","date":"2018-04-06T06:55:08.000Z","volume":1000,"label":" ","price":10.82},{"type":"A","date":"2018-04-06T06:55:48.000Z","volume":2000,"label":" ","price":10.84},{"type":"A","date":"2018-04-06T06:55:51.000Z","volume":1000,"label":" ","price":10.84},{"type":"B","date":"2018-04-06T06:56:19.000Z","volume":4000,"label":" ","price":10.82},{"type":"B","date":"2018-04-06T06:56:28.000Z","volume":9000,"label":" ","price":10.82},{"type":"A","date":"2018-04-06T06:58:35.000Z","volume":2000,"label":" ","price":10.84},{"type":"A","date":"2018-04-06T06:58:54.000Z","volume":4000,"label":" ","price":10.84},{"type":"B","date":"2018-04-06T06:59:38.000Z","volume":1000,"label":"Y","price":10.82},{"type":"B","date":"2018-04-06T06:59:38.000Z","volume":4000,"label":" ","price":10.82},{"type":"A","date":"2018-04-06T06:59:41.000Z","volume":2000,"label":" ","price":10.84},{"type":"A","date":"2018-04-06T07:00:02.000Z","volume":1000,"label":" ","price":10.84},{"type":"A","date":"2018-04-06T07:00:02.000Z","volume":1000,"label":" ","price":10.84},{"type":"A","date":"2018-04-06T07:00:19.000Z","volume":3000,"label":" ","price":10.84},{"type":"B","date":"2018-04-06T07:00:19.000Z","volume":1000,"label":" ","price":10.82},{"type":"A","date":"2018-04-06T07:01:03.000Z","volume":1000,"label":" ","price":10.84},{"type":"B","date":"2018-04-06T07:01:39.000Z","volume":44000,"label":" ","price":10.82},{"type":"U","date":"2018-04-06T07:01:39.000Z","volume":1000,"label":" ","price":10.82},{"type":"A","date":"2018-04-06T07:01:39.000Z","volume":1000,"label":" ","price":10.84},{"type":"B","date":"2018-04-06T07:02:56.000Z","volume":10000,"label":" ","price":10.82},{"type":"A","date":"2018-04-06T07:03:00.000Z","volume":8000,"label":" ","price":10.82},{"type":"B","date":"2018-04-06T07:05:02.000Z","volume":1000,"label":" ","price":10.82},{"type":"A","date":"2018-04-06T07:05:19.000Z","volume":7000,"label":" ","price":10.84},{"type":"A","date":"2018-04-06T07:06:05.000Z","volume":1000,"label":" ","price":10.84},{"type":"B","date":"2018-04-06T07:06:15.000Z","volume":5000,"label":" ","price":10.82},{"type":"B","date":"2018-04-06T07:09:33.000Z","volume":1000,"label":" ","price":10.82},{"type":"B","date":"2018-04-06T07:09:34.000Z","volume":5000,"label":" ","price":10.82},{"type":"A","date":"2018-04-06T07:10:19.000Z","volume":5000,"label":" ","price":10.84},{"type":"B","date":"2018-04-06T07:11:33.000Z","volume":1000,"label":" ","price":10.82},{"type":"A","date":"2018-04-06T07:11:37.000Z","volume":2000,"label":" ","price":10.84},{"type":"B","date":"2018-04-06T07:12:53.000Z","volume":1000,"label":"Y","price":10.82},{"type":"B","date":"2018-04-06T07:12:53.000Z","volume":4000,"label":" ","price":10.82},{"type":"B","date":"2018-04-06T07:13:31.000Z","volume":3000,"label":" ","price":10.82},{"type":"B","date":"2018-04-06T07:13:34.000Z","volume":1000,"label":" ","price":10.82},{"type":"A","date":"2018-04-06T07:14:39.000Z","volume":2000,"label":" ","price":10.84},{"type":"A","date":"2018-04-06T07:15:25.000Z","volume":2000,"label":" ","price":10.84},{"type":"A","date":"2018-04-06T07:15:27.000Z","volume":1000,"label":" ","price":10.84},{"type":"B","date":"2018-04-06T07:16:12.000Z","volume":5000,"label":" ","price":10.82},{"type":"A","date":"2018-04-06T07:16:15.000Z","volume":1000,"label":" ","price":10.84},{"type":"A","date":"2018-04-06T07:16:59.000Z","volume":2000,"label":" ","price":10.84},{"type":"A","date":"2018-04-06T07:17:01.000Z","volume":1000,"label":" ","price":10.84},{"type":"B","date":"2018-04-06T07:17:25.000Z","volume":1000,"label":" ","price":10.82},{"type":"B","date":"2018-04-06T07:19:02.000Z","volume":2000,"label":"Y","price":10.82},{"type":"B","date":"2018-04-06T07:19:02.000Z","volume":4000,"label":" ","price":10.82},{"type":"B","date":"2018-04-06T07:19:12.000Z","volume":1000,"label":"Y","price":10.82},{"type":"A","date":"2018-04-06T07:19:31.000Z","volume":3000,"label":" ","price":10.84},{"type":"B","date":"2018-04-06T07:20:48.000Z","volume":30000,"label":" ","price":10.82},{"type":"B","date":"2018-04-06T07:20:55.000Z","volume":1000,"label":" ","price":10.82},{"type":"B","date":"2018-04-06T07:21:34.000Z","volume":3000,"label":"Y","price":10.82},{"type":"B","date":"2018-04-06T07:21:34.000Z","volume":21000,"label":" ","price":10.82},{"type":"B","date":"2018-04-06T07:21:34.000Z","volume":2000,"label":"Y","price":10.8},{"type":"B","date":"2018-04-06T07:21:34.000Z","volume":60000,"label":" ","price":10.8},{"type":"B","date":"2018-04-06T07:21:34.000Z","volume":4000,"label":"Y","price":10.78},{"type":"B","date":"2018-04-06T07:21:34.000Z","volume":157000,"label":" ","price":10.78},{"type":"B","date":"2018-04-06T07:22:21.000Z","volume":1000,"label":" ","price":10.8},{"type":"A","date":"2018-04-06T07:22:36.000Z","volume":1000,"label":" ","price":10.82},{"type":"B","date":"2018-04-06T07:22:49.000Z","volume":3000,"label":" ","price":10.8},{"type":"A","date":"2018-04-06T07:23:25.000Z","volume":114000,"label":" ","price":10.82},{"type":"A","date":"2018-04-06T07:23:27.000Z","volume":14000,"label":" ","price":10.84},{"type":"A","date":"2018-04-06T07:23:27.000Z","volume":214000,"label":" ","price":10.84},{"type":"A","date":"2018-04-06T07:23:32.000Z","volume":1000,"label":" ","price":10.86},{"type":"B","date":"2018-04-06T07:24:06.000Z","volume":1000,"label":" ","price":10.84},{"type":"B","date":"2018-04-06T07:25:04.000Z","volume":3000,"label":" ","price":10.84},{"type":"A","date":"2018-04-06T07:26:11.000Z","volume":9000,"label":" ","price":10.86},{"type":"B","date":"2018-04-06T07:27:17.000Z","volume":2000,"label":"Y","price":10.84},{"type":"B","date":"2018-04-06T07:27:17.000Z","volume":87000,"label":" ","price":10.84},{"type":"B","date":"2018-04-06T07:27:37.000Z","volume":1000,"label":" ","price":10.82},{"type":"B","date":"2018-04-06T07:27:56.000Z","volume":1000,"label":" ","price":10.82},{"type":"A","date":"2018-04-06T07:29:46.000Z","volume":200000,"label":" ","price":10.84},{"type":"A","date":"2018-04-06T07:29:46.000Z","volume":7000,"label":" ","price":10.84},{"type":"A","date":"2018-04-06T07:30:02.000Z","volume":1000,"label":" ","price":10.86},{"type":"A","date":"2018-04-06T07:30:02.000Z","volume":2000,"label":" ","price":10.86},{"type":"A","date":"2018-04-06T07:30:33.000Z","volume":3000,"label":" ","price":10.86},{"type":"B","date":"2018-04-06T07:33:10.000Z","volume":4000,"label":" ","price":10.84},{"type":"A","date":"2018-04-06T07:33:21.000Z","volume":1000,"label":" ","price":10.86},{"type":"A","date":"2018-04-06T07:36:07.000Z","volume":3000,"label":" ","price":10.86},{"type":"A","date":"2018-04-06T07:36:18.000Z","volume":2000,"label":" ","price":10.86},{"type":"A","date":"2018-04-06T07:36:32.000Z","volume":120000,"label":" ","price":10.86},{"type":"B","date":"2018-04-06T07:36:34.000Z","volume":1000,"label":" ","price":10.84},{"type":"A","date":"2018-04-06T07:38:11.000Z","volume":9000,"label":" ","price":10.88},{"type":"A","date":"2018-04-06T07:38:15.000Z","volume":2000,"label":" ","price":10.88},{"type":"A","date":"2018-04-06T07:38:40.000Z","volume":3000,"label":" ","price":10.88},{"type":"A","date":"2018-04-06T07:38:59.000Z","volume":1000,"label":" ","price":10.88},{"type":"A","date":"2018-04-06T07:39:13.000Z","volume":1000,"label":" ","price":10.88},{"type":"B","date":"2018-04-06T07:39:25.000Z","volume":1000,"label":" ","price":10.86},{"type":"A","date":"2018-04-06T07:40:25.000Z","volume":2000,"label":" ","price":10.88},{"type":"A","date":"2018-04-06T07:41:11.000Z","volume":9000,"label":" ","price":10.88},{"type":"A","date":"2018-04-06T07:41:11.000Z","volume":3000,"label":" ","price":10.88},{"type":"A","date":"2018-04-06T07:41:21.000Z","volume":2000,"label":" ","price":10.88},{"type":"U","date":"2018-04-06T07:41:23.000Z","volume":500,"label":"D","price":10.78},{"type":"A","date":"2018-04-06T07:41:25.000Z","volume":1000,"label":" ","price":10.88},{"type":"A","date":"2018-04-06T07:41:31.000Z","volume":31000,"label":" ","price":10.88},{"type":"A","date":"2018-04-06T07:41:31.000Z","volume":6000,"label":" ","price":10.88},{"type":"A","date":"2018-04-06T07:41:32.000Z","volume":1000,"label":" ","price":10.88},{"type":"A","date":"2018-04-06T07:41:32.000Z","volume":1000,"label":" ","price":10.88},{"type":"A","date":"2018-04-06T07:41:32.000Z","volume":13000,"label":" ","price":10.88},{"type":"A","date":"2018-04-06T07:41:32.000Z","volume":10000,"label":" ","price":10.88},{"type":"A","date":"2018-04-06T07:41:56.000Z","volume":2000,"label":" ","price":10.9},{"type":"B","date":"2018-04-06T07:42:03.000Z","volume":102000,"label":" ","price":10.88},{"type":"B","date":"2018-04-06T07:42:03.000Z","volume":60000,"label":" ","price":10.88},{"type":"B","date":"2018-04-06T07:42:05.000Z","volume":1000,"label":" ","price":10.88},{"type":"B","date":"2018-04-06T07:42:05.000Z","volume":1000,"label":"Y","price":10.88},{"type":"B","date":"2018-04-06T07:42:05.000Z","volume":4000,"label":" ","price":10.88},{"type":"B","date":"2018-04-06T07:42:23.000Z","volume":1000,"label":" ","price":10.86},{"type":"U","date":"2018-04-06T07:42:24.000Z","volume":1000,"label":"X","price":10.87},{"type":"A","date":"2018-04-06T07:42:57.000Z","volume":12000,"label":" ","price":10.88},{"type":"A","date":"2018-04-06T07:44:11.000Z","volume":3000,"label":" ","price":10.88},{"type":"A","date":"2018-04-06T07:44:25.000Z","volume":9000,"label":" ","price":10.88},{"type":"A","date":"2018-04-06T07:46:41.000Z","volume":9000,"label":"Y","price":10.88},{"type":"A","date":"2018-04-06T07:46:54.000Z","volume":3000,"label":" ","price":10.88},{"type":"A","date":"2018-04-06T07:47:34.000Z","volume":2000,"label":" ","price":10.88},{"type":"A","date":"2018-04-06T07:47:56.000Z","volume":14000,"label":" ","price":10.88},{"type":"B","date":"2018-04-06T07:47:58.000Z","volume":1000,"label":" ","price":10.86},{"type":"A","date":"2018-04-06T07:48:55.000Z","volume":5000,"label":" ","price":10.88},{"type":"A","date":"2018-04-06T07:49:02.000Z","volume":1000,"label":" ","price":10.88},{"type":"A","date":"2018-04-06T07:49:02.000Z","volume":1000,"label":" ","price":10.88},{"type":"A","date":"2018-04-06T07:49:02.000Z","volume":2000,"label":" ","price":10.88},{"type":"A","date":"2018-04-06T07:49:02.000Z","volume":4000,"label":" ","price":10.88},{"type":"A","date":"2018-04-06T07:49:06.000Z","volume":1000,"label":" ","price":10.88},{"type":"A","date":"2018-04-06T07:49:26.000Z","volume":10000,"label":"Y","price":10.88},{"type":"A","date":"2018-04-06T07:49:31.000Z","volume":2000,"label":" ","price":10.88},{"type":"A","date":"2018-04-06T07:49:45.000Z","volume":3000,"label":" ","price":10.88},{"type":"A","date":"2018-04-06T07:50:12.000Z","volume":6000,"label":"Y","price":10.88},{"type":"A","date":"2018-04-06T07:50:12.000Z","volume":5000,"label":" ","price":10.88},{"type":"A","date":"2018-04-06T07:50:13.000Z","volume":22000,"label":" ","price":10.88},{"type":"A","date":"2018-04-06T07:50:14.000Z","volume":19000,"label":" ","price":10.9},{"type":"B","date":"2018-04-06T07:50:34.000Z","volume":10000,"label":" ","price":10.86},{"type":"B","date":"2018-04-06T07:50:47.000Z","volume":5000,"label":" ","price":10.88},{"type":"A","date":"2018-04-06T07:50:49.000Z","volume":2000,"label":" ","price":10.88},{"type":"B","date":"2018-04-06T07:50:49.000Z","volume":18000,"label":" ","price":10.86},{"type":"U","date":"2018-04-06T07:50:54.000Z","volume":8000,"label":"X","price":10.88},{"type":"U","date":"2018-04-06T07:50:54.000Z","volume":2000,"label":"X","price":10.89},{"type":"U","date":"2018-04-06T07:50:54.000Z","volume":3000,"label":"X","price":10.89},{"type":"U","date":"2018-04-06T07:50:54.000Z","volume":12000,"label":"X","price":10.89},{"type":"B","date":"2018-04-06T07:51:40.000Z","volume":10000,"label":" ","price":10.86},{"type":"B","date":"2018-04-06T07:51:40.000Z","volume":1000,"label":" ","price":10.86},{"type":"A","date":"2018-04-06T07:52:06.000Z","volume":12000,"label":" ","price":10.86},{"type":"A","date":"2018-04-06T07:52:24.000Z","volume":1000,"label":" ","price":10.88},{"type":"A","date":"2018-04-06T07:53:01.000Z","volume":1000,"label":" ","price":10.88},{"type":"U","date":"2018-04-06T07:53:39.000Z","volume":13000,"label":"X","price":10.88},{"type":"U","date":"2018-04-06T07:54:39.000Z","volume":12000,"label":"X","price":10.88},{"type":"B","date":"2018-04-06T07:55:00.000Z","volume":7000,"label":" ","price":10.86},{"type":"B","date":"2018-04-06T07:55:19.000Z","volume":1000,"label":" ","price":10.84},{"type":"A","date":"2018-04-06T07:55:42.000Z","volume":1000,"label":" ","price":10.88},{"type":"U","date":"2018-04-06T07:55:55.000Z","volume":10000,"label":"X","price":10.88},{"type":"A","date":"2018-04-06T07:56:20.000Z","volume":1000,"label":" ","price":10.88},{"type":"A","date":"2018-04-06T07:56:51.000Z","volume":1000,"label":" ","price":10.88},{"type":"A","date":"2018-04-06T07:57:02.000Z","volume":1000,"label":" ","price":10.88},{"type":"B","date":"2018-04-06T07:57:10.000Z","volume":1000,"label":" ","price":10.84},{"type":"B","date":"2018-04-06T07:57:22.000Z","volume":9000,"label":" ","price":10.86},{"type":"U","date":"2018-04-06T07:57:39.000Z","volume":1000,"label":"X","price":10.88},{"type":"A","date":"2018-04-06T07:57:57.000Z","volume":4000,"label":" ","price":10.88},{"type":"A","date":"2018-04-06T07:58:02.000Z","volume":1000,"label":" ","price":10.88},{"type":"U","date":"2018-04-06T07:58:39.000Z","volume":11000,"label":"X","price":10.88},{"type":"A","date":"2018-04-06T07:58:50.000Z","volume":1000,"label":" ","price":10.88},{"type":"B","date":"2018-04-06T07:58:51.000Z","volume":1000,"label":" ","price":10.86},{"type":"B","date":"2018-04-06T07:58:55.000Z","volume":1000,"label":"Y","price":10.86},{"type":"A","date":"2018-04-06T07:59:00.000Z","volume":1000,"label":" ","price":10.88},{"type":"B","date":"2018-04-06T07:59:00.000Z","volume":1000,"label":" ","price":10.86},{"type":"B","date":"2018-04-06T07:59:02.000Z","volume":5000,"label":"Y","price":10.86},{"type":"B","date":"2018-04-06T07:59:02.000Z","volume":3000,"label":" ","price":10.86},{"type":"B","date":"2018-04-06T07:59:02.000Z","volume":2000,"label":"Y","price":10.86},{"type":"B","date":"2018-04-06T07:59:02.000Z","volume":4000,"label":" ","price":10.86},{"type":"B","date":"2018-04-06T07:59:02.000Z","volume":5000,"label":" ","price":10.86},{"type":"B","date":"2018-04-06T07:59:02.000Z","volume":10000,"label":" ","price":10.86},{"type":"A","date":"2018-04-06T07:59:14.000Z","volume":27000,"label":"Y","price":10.88},{"type":"U","date":"2018-04-06T07:59:26.000Z","volume":1,"label":"D","price":10.945},{"type":"A","date":"2018-04-06T07:59:34.000Z","volume":2000,"label":" ","price":10.88},{"type":"A","date":"2018-04-06T07:59:36.000Z","volume":16000,"label":" ","price":10.88},{"type":"A","date":"2018-04-06T07:59:40.000Z","volume":1000,"label":" ","price":10.88},{"type":"B","date":"2018-04-06T07:59:50.000Z","volume":1000,"label":" ","price":10.86},{"type":"A","date":"2018-04-06T07:59:50.000Z","volume":5000,"label":" ","price":10.88},{"type":"B","date":"2018-04-06T07:59:51.000Z","volume":1000,"label":" ","price":10.86},{"type":"A","date":"2018-04-06T07:59:52.000Z","volume":1000,"label":" ","price":10.88},{"type":"U","date":"2018-04-06T08:08:20.000Z","volume":868000,"label":"U","price":10.86}]