[{"type":"A","date":"2018-03-20T07:46:25.000Z","volume":40000,"price":4,"category":"ubbull"},{"type":"A","date":"2018-03-20T07:37:15.000Z","volume":50000,"price":4,"category":"ubbull"},{"type":"A","date":"2018-03-20T07:08:17.000Z","volume":200000,"price":4,"category":"ubbull"},{"type":"A","date":"2018-03-20T06:59:56.000Z","volume":200000,"price":4,"category":"ubbull"},{"type":"A","date":"2018-03-20T06:56:14.000Z","volume":20000,"price":4,"category":"ubbull"},{"type":"A","date":"2018-03-20T06:48:28.000Z","volume":200000,"price":4,"category":"ubbull"},{"type":"A","date":"2018-03-20T06:35:09.000Z","volume":88000,"price":4,"category":"ubbull"},{"type":"A","date":"2018-03-20T05:49:29.000Z","volume":20000,"price":4.04,"category":"ubbull"},{"type":"A","date":"2018-03-20T07:43:58.000Z","volume":10000,"price":4,"category":"bbull"},{"type":"A","date":"2018-03-20T07:32:24.000Z","volume":10000,"price":4,"category":"bbull"},{"type":"A","date":"2018-03-20T07:06:43.000Z","volume":14000,"price":4,"category":"bbull"},{"type":"A","date":"2018-03-20T06:37:09.000Z","volume":10000,"price":4,"category":"bbull"},{"type":"A","date":"2018-03-20T05:32:28.000Z","volume":10000,"price":4.04,"category":"bbull"},{"type":"A","date":"2018-03-20T05:12:10.000Z","volume":10000,"price":4.03,"category":"bbull"},{"type":"A","date":"2018-03-20T03:39:17.000Z","volume":10000,"price":4,"category":"bbull"},{"type":"A","date":"2018-03-20T03:14:49.000Z","volume":10000,"price":4.01,"category":"bbull"},{"type":"A","date":"2018-03-20T02:44:22.000Z","volume":10000,"price":4.01,"category":"bbull"},{"type":"A","date":"2018-03-20T02:39:01.000Z","volume":10000,"price":4.01,"category":"bbull"},{"type":"A","date":"2018-03-20T07:09:23.000Z","volume":2000,"price":4,"category":"rbull"},{"type":"A","date":"2018-03-20T05:12:10.000Z","volume":2000,"price":4.03,"category":"rbull"},{"type":"A","date":"2018-03-20T02:25:31.000Z","volume":2000,"price":4.01,"category":"rbull"},{"type":"A","date":"2018-03-20T02:01:26.000Z","volume":2000,"price":4.01,"category":"rbull"},{"type":"B","date":"2018-03-20T03:39:37.000Z","volume":2000,"price":3.99,"category":"rbear"},{"type":"B","date":"2018-03-20T06:26:53.000Z","volume":10000,"price":4.01,"category":"bbear"},{"type":"B","date":"2018-03-20T06:01:54.000Z","volume":14000,"price":4.01,"category":"bbear"},{"type":"B","date":"2018-03-20T05:00:00.000Z","volume":14000,"price":4,"category":"bbear"},{"type":"B","date":"2018-03-20T03:33:51.000Z","volume":14000,"price":4,"category":"bbear"},{"type":"B","date":"2018-03-20T03:00:16.000Z","volume":10000,"price":3.99,"category":"bbear"},{"type":"B","date":"2018-03-20T02:53:42.000Z","volume":10000,"price":3.99,"category":"bbear"},{"type":"B","date":"2018-03-20T02:19:55.000Z","volume":18000,"price":4.01,"category":"bbear"},{"type":"B","date":"2018-03-20T01:53:51.000Z","volume":12000,"price":4.02,"category":"bbear"},{"type":"B","date":"2018-03-20T07:56:59.000Z","volume":100000,"price":4,"category":"ubbear"},{"type":"B","date":"2018-03-20T07:49:54.000Z","volume":88000,"price":4,"category":"ubbear"},{"type":"B","date":"2018-03-20T06:43:06.000Z","volume":20000,"price":3.99,"category":"ubbear"},{"type":"B","date":"2018-03-20T06:43:06.000Z","volume":30000,"price":3.99,"category":"ubbear"},{"type":"B","date":"2018-03-20T06:40:26.000Z","volume":210000,"price":3.99,"category":"ubbear"},{"type":"B","date":"2018-03-20T06:26:53.000Z","volume":152000,"price":4,"category":"ubbear"},{"type":"B","date":"2018-03-20T02:46:31.000Z","volume":20000,"price":4,"category":"ubbear"},{"type":"B","date":"2018-03-20T01:54:00.000Z","volume":20000,"price":4.01,"category":"ubbear"}]