[{"type":"A","date":"2018-04-18T01:30:02.000Z","volume":4000,"label":" ","price":4.09},{"type":"A","date":"2018-04-18T01:30:32.000Z","volume":6000,"label":" ","price":4.07},{"type":"A","date":"2018-04-18T01:30:32.000Z","volume":4000,"label":" ","price":4.08},{"type":"B","date":"2018-04-18T01:31:40.000Z","volume":38000,"label":" ","price":4.05},{"type":"A","date":"2018-04-18T01:31:40.000Z","volume":8000,"label":" ","price":4.07},{"type":"A","date":"2018-04-18T01:31:44.000Z","volume":2000,"label":" ","price":4.07},{"type":"B","date":"2018-04-18T01:32:12.000Z","volume":10000,"label":" ","price":4.05},{"type":"A","date":"2018-04-18T01:32:13.000Z","volume":20000,"label":" ","price":4.06},{"type":"A","date":"2018-04-18T01:32:39.000Z","volume":10000,"label":" ","price":4.05},{"type":"A","date":"2018-04-18T01:32:40.000Z","volume":4000,"label":" ","price":4.05},{"type":"A","date":"2018-04-18T01:32:40.000Z","volume":4000,"label":" ","price":4.05},{"type":"A","date":"2018-04-18T01:32:41.000Z","volume":2000,"label":" ","price":4.05},{"type":"A","date":"2018-04-18T01:33:18.000Z","volume":2000,"label":" ","price":4.05},{"type":"A","date":"2018-04-18T01:34:29.000Z","volume":2000,"label":" ","price":4.05},{"type":"A","date":"2018-04-18T01:35:25.000Z","volume":2000,"label":" ","price":4.05},{"type":"B","date":"2018-04-18T01:35:27.000Z","volume":8000,"label":" ","price":4.04},{"type":"A","date":"2018-04-18T01:35:45.000Z","volume":10000,"label":" ","price":4.05},{"type":"A","date":"2018-04-18T01:35:46.000Z","volume":12000,"label":" ","price":4.05},{"type":"A","date":"2018-04-18T01:35:46.000Z","volume":4000,"label":" ","price":4.05},{"type":"A","date":"2018-04-18T01:35:49.000Z","volume":2000,"label":" ","price":4.05},{"type":"A","date":"2018-04-18T01:36:34.000Z","volume":2000,"label":" ","price":4.05},{"type":"A","date":"2018-04-18T01:37:25.000Z","volume":2000,"label":" ","price":4.05},{"type":"B","date":"2018-04-18T01:37:56.000Z","volume":10000,"label":" ","price":4.04},{"type":"B","date":"2018-04-18T01:38:11.000Z","volume":6000,"label":"Y","price":4.04},{"type":"B","date":"2018-04-18T01:38:11.000Z","volume":10000,"label":" ","price":4.04},{"type":"B","date":"2018-04-18T01:39:07.000Z","volume":10000,"label":" ","price":4.03},{"type":"B","date":"2018-04-18T01:40:10.000Z","volume":4000,"label":" ","price":4.04},{"type":"A","date":"2018-04-18T01:40:23.000Z","volume":2000,"label":" ","price":4.04},{"type":"B","date":"2018-04-18T01:40:34.000Z","volume":4000,"label":" ","price":4.03},{"type":"A","date":"2018-04-18T01:40:36.000Z","volume":2000,"label":" ","price":4.04},{"type":"A","date":"2018-04-18T01:41:18.000Z","volume":2000,"label":" ","price":4.04},{"type":"B","date":"2018-04-18T01:41:43.000Z","volume":30000,"label":" ","price":4.03},{"type":"B","date":"2018-04-18T01:41:43.000Z","volume":116000,"label":" ","price":4.03},{"type":"B","date":"2018-04-18T01:41:43.000Z","volume":8000,"label":" ","price":4.03},{"type":"A","date":"2018-04-18T01:41:43.000Z","volume":6000,"label":" ","price":4.04},{"type":"A","date":"2018-04-18T01:41:43.000Z","volume":6000,"label":" ","price":4.04},{"type":"U","date":"2018-04-18T01:42:35.000Z","volume":16000,"label":" ","price":4.02},{"type":"A","date":"2018-04-18T01:42:35.000Z","volume":4000,"label":" ","price":4.03},{"type":"A","date":"2018-04-18T01:43:19.000Z","volume":10000,"label":" ","price":4.03},{"type":"A","date":"2018-04-18T01:43:21.000Z","volume":2000,"label":" ","price":4.03},{"type":"A","date":"2018-04-18T01:43:21.000Z","volume":4000,"label":" ","price":4.03},{"type":"A","date":"2018-04-18T01:43:50.000Z","volume":2000,"label":" ","price":4.03},{"type":"B","date":"2018-04-18T01:43:54.000Z","volume":10000,"label":" ","price":4.02},{"type":"B","date":"2018-04-18T01:44:24.000Z","volume":10000,"label":" ","price":4.02},{"type":"A","date":"2018-04-18T01:44:37.000Z","volume":4000,"label":" ","price":4.03},{"type":"A","date":"2018-04-18T01:44:39.000Z","volume":2000,"label":" ","price":4.03},{"type":"A","date":"2018-04-18T01:45:53.000Z","volume":2000,"label":" ","price":4.03},{"type":"B","date":"2018-04-18T01:46:42.000Z","volume":40000,"label":" ","price":4.02},{"type":"B","date":"2018-04-18T01:46:42.000Z","volume":4000,"label":" ","price":4.01},{"type":"B","date":"2018-04-18T01:46:42.000Z","volume":56000,"label":" ","price":4},{"type":"A","date":"2018-04-18T01:46:42.000Z","volume":8000,"label":" ","price":4.03},{"type":"U","date":"2018-04-18T01:46:43.000Z","volume":6000,"label":" ","price":4.02},{"type":"B","date":"2018-04-18T01:47:38.000Z","volume":12000,"label":" ","price":4.01},{"type":"B","date":"2018-04-18T01:47:38.000Z","volume":14000,"label":" ","price":4},{"type":"B","date":"2018-04-18T01:47:45.000Z","volume":10000,"label":" ","price":4},{"type":"A","date":"2018-04-18T01:47:45.000Z","volume":4000,"label":" ","price":4.02},{"type":"A","date":"2018-04-18T01:48:04.000Z","volume":4000,"label":" ","price":4.01},{"type":"A","date":"2018-04-18T01:48:04.000Z","volume":4000,"label":" ","price":4.01},{"type":"A","date":"2018-04-18T01:48:07.000Z","volume":2000,"label":" ","price":4.01},{"type":"A","date":"2018-04-18T01:48:25.000Z","volume":2000,"label":" ","price":4.01},{"type":"A","date":"2018-04-18T01:49:07.000Z","volume":2000,"label":" ","price":4.01},{"type":"A","date":"2018-04-18T01:49:08.000Z","volume":4000,"label":" ","price":4.01},{"type":"B","date":"2018-04-18T01:49:57.000Z","volume":10000,"label":" ","price":4},{"type":"A","date":"2018-04-18T01:50:00.000Z","volume":2000,"label":" ","price":4.01},{"type":"A","date":"2018-04-18T01:50:00.000Z","volume":4000,"label":" ","price":4.01},{"type":"A","date":"2018-04-18T01:50:19.000Z","volume":2000,"label":" ","price":4.01},{"type":"A","date":"2018-04-18T01:51:01.000Z","volume":4000,"label":" ","price":4.01},{"type":"A","date":"2018-04-18T01:51:19.000Z","volume":4000,"label":" ","price":4.01},{"type":"A","date":"2018-04-18T01:51:20.000Z","volume":2000,"label":" ","price":4.01},{"type":"A","date":"2018-04-18T01:51:20.000Z","volume":10000,"label":" ","price":4.01},{"type":"A","date":"2018-04-18T01:51:20.000Z","volume":4000,"label":" ","price":4.01},{"type":"A","date":"2018-04-18T01:51:22.000Z","volume":2000,"label":" ","price":4.01},{"type":"A","date":"2018-04-18T01:51:24.000Z","volume":2000,"label":" ","price":4.01},{"type":"A","date":"2018-04-18T01:51:48.000Z","volume":2000,"label":" ","price":4.01},{"type":"A","date":"2018-04-18T01:51:50.000Z","volume":10000,"label":" ","price":4.01},{"type":"U","date":"2018-04-18T01:52:30.000Z","volume":2000,"label":" ","price":4.02},{"type":"A","date":"2018-04-18T01:53:38.000Z","volume":4000,"label":" ","price":4.03},{"type":"A","date":"2018-04-18T01:53:40.000Z","volume":6000,"label":" ","price":4.03},{"type":"B","date":"2018-04-18T01:53:49.000Z","volume":50000,"label":"Y","price":4.02},{"type":"B","date":"2018-04-18T01:53:49.000Z","volume":18000,"label":" ","price":4.02},{"type":"B","date":"2018-04-18T01:53:49.000Z","volume":28000,"label":" ","price":4.01},{"type":"B","date":"2018-04-18T01:53:49.000Z","volume":16000,"label":"Y","price":4},{"type":"B","date":"2018-04-18T01:53:49.000Z","volume":34000,"label":" ","price":4},{"type":"B","date":"2018-04-18T01:53:49.000Z","volume":4000,"label":" ","price":3.99},{"type":"B","date":"2018-04-18T01:53:49.000Z","volume":2000,"label":" ","price":4.02},{"type":"A","date":"2018-04-18T01:53:53.000Z","volume":4000,"label":" ","price":4.02},{"type":"B","date":"2018-04-18T01:54:34.000Z","volume":4000,"label":" ","price":4.01},{"type":"B","date":"2018-04-18T01:54:34.000Z","volume":22000,"label":" ","price":4},{"type":"B","date":"2018-04-18T01:55:23.000Z","volume":10000,"label":" ","price":3.99},{"type":"B","date":"2018-04-18T01:55:27.000Z","volume":20000,"label":" ","price":3.99},{"type":"A","date":"2018-04-18T01:55:27.000Z","volume":4000,"label":" ","price":4},{"type":"B","date":"2018-04-18T01:56:13.000Z","volume":4000,"label":" ","price":3.99},{"type":"A","date":"2018-04-18T01:56:16.000Z","volume":2000,"label":" ","price":4},{"type":"A","date":"2018-04-18T01:57:31.000Z","volume":8000,"label":" ","price":4},{"type":"A","date":"2018-04-18T01:58:13.000Z","volume":10000,"label":" ","price":4},{"type":"A","date":"2018-04-18T01:58:40.000Z","volume":16000,"label":" ","price":4},{"type":"B","date":"2018-04-18T01:58:46.000Z","volume":10000,"label":" ","price":4},{"type":"A","date":"2018-04-18T02:01:30.000Z","volume":4000,"label":" ","price":4.02},{"type":"A","date":"2018-04-18T02:01:32.000Z","volume":2000,"label":" ","price":4.02},{"type":"A","date":"2018-04-18T02:01:32.000Z","volume":4000,"label":" ","price":4.02},{"type":"A","date":"2018-04-18T02:02:17.000Z","volume":2000,"label":" ","price":4.03},{"type":"A","date":"2018-04-18T02:06:19.000Z","volume":2000,"label":"Y","price":4.03},{"type":"A","date":"2018-04-18T02:08:18.000Z","volume":100000,"label":"Y","price":4.03},{"type":"A","date":"2018-04-18T02:08:18.000Z","volume":32000,"label":" ","price":4.03},{"type":"A","date":"2018-04-18T02:08:18.000Z","volume":14000,"label":" ","price":4.03},{"type":"A","date":"2018-04-18T02:09:07.000Z","volume":6000,"label":" ","price":4.03},{"type":"A","date":"2018-04-18T02:09:54.000Z","volume":2000,"label":" ","price":4.03},{"type":"A","date":"2018-04-18T02:09:54.000Z","volume":4000,"label":" ","price":4.03},{"type":"U","date":"2018-04-18T02:10:03.000Z","volume":100000,"label":"X","price":4.03},{"type":"A","date":"2018-04-18T02:10:09.000Z","volume":2000,"label":" ","price":4.03},{"type":"A","date":"2018-04-18T02:10:09.000Z","volume":2000,"label":" ","price":4.03},{"type":"U","date":"2018-04-18T02:12:08.000Z","volume":4000,"label":" ","price":4.03},{"type":"A","date":"2018-04-18T02:12:22.000Z","volume":2000,"label":" ","price":4.03},{"type":"B","date":"2018-04-18T02:12:24.000Z","volume":36000,"label":" ","price":4.02},{"type":"A","date":"2018-04-18T02:12:24.000Z","volume":6000,"label":" ","price":4.03},{"type":"A","date":"2018-04-18T02:12:28.000Z","volume":2000,"label":" ","price":4.03},{"type":"A","date":"2018-04-18T02:12:47.000Z","volume":20000,"label":" ","price":4.03},{"type":"B","date":"2018-04-18T02:14:49.000Z","volume":10000,"label":" ","price":4.02},{"type":"B","date":"2018-04-18T02:14:49.000Z","volume":2000,"label":" ","price":4.02},{"type":"A","date":"2018-04-18T02:14:52.000Z","volume":2000,"label":" ","price":4.03},{"type":"B","date":"2018-04-18T02:20:24.000Z","volume":16000,"label":" ","price":4.02},{"type":"B","date":"2018-04-18T02:20:24.000Z","volume":4000,"label":" ","price":4.02},{"type":"B","date":"2018-04-18T02:21:34.000Z","volume":48000,"label":" ","price":4.01},{"type":"B","date":"2018-04-18T02:21:34.000Z","volume":8000,"label":" ","price":4.01},{"type":"B","date":"2018-04-18T02:22:03.000Z","volume":40000,"label":" ","price":4},{"type":"A","date":"2018-04-18T02:22:06.000Z","volume":2000,"label":" ","price":4},{"type":"A","date":"2018-04-18T02:22:43.000Z","volume":2000,"label":" ","price":4},{"type":"A","date":"2018-04-18T02:23:07.000Z","volume":4000,"label":" ","price":4},{"type":"A","date":"2018-04-18T02:23:12.000Z","volume":6000,"label":" ","price":4},{"type":"B","date":"2018-04-18T02:27:24.000Z","volume":6000,"label":" ","price":3.99},{"type":"B","date":"2018-04-18T02:27:56.000Z","volume":10000,"label":" ","price":3.99},{"type":"B","date":"2018-04-18T02:27:56.000Z","volume":12000,"label":" ","price":3.99},{"type":"B","date":"2018-04-18T02:30:43.000Z","volume":8000,"label":" ","price":3.99},{"type":"B","date":"2018-04-18T02:31:28.000Z","volume":126000,"label":" ","price":3.98},{"type":"B","date":"2018-04-18T02:31:28.000Z","volume":4000,"label":" ","price":3.98},{"type":"A","date":"2018-04-18T02:31:29.000Z","volume":2000,"label":" ","price":3.98},{"type":"A","date":"2018-04-18T02:31:31.000Z","volume":2000,"label":" ","price":3.98},{"type":"A","date":"2018-04-18T02:33:30.000Z","volume":10000,"label":" ","price":3.98},{"type":"B","date":"2018-04-18T02:33:35.000Z","volume":28000,"label":" ","price":3.97},{"type":"A","date":"2018-04-18T02:33:35.000Z","volume":4000,"label":" ","price":3.97},{"type":"A","date":"2018-04-18T02:33:35.000Z","volume":12000,"label":" ","price":3.97},{"type":"A","date":"2018-04-18T02:33:35.000Z","volume":4000,"label":" ","price":3.97},{"type":"A","date":"2018-04-18T02:33:38.000Z","volume":2000,"label":" ","price":3.97},{"type":"A","date":"2018-04-18T02:35:51.000Z","volume":6000,"label":" ","price":3.97},{"type":"B","date":"2018-04-18T02:36:41.000Z","volume":4000,"label":"Y","price":3.96},{"type":"B","date":"2018-04-18T02:36:41.000Z","volume":8000,"label":" ","price":3.96},{"type":"B","date":"2018-04-18T02:36:52.000Z","volume":10000,"label":" ","price":3.96},{"type":"B","date":"2018-04-18T02:37:11.000Z","volume":76000,"label":" ","price":3.96},{"type":"B","date":"2018-04-18T02:37:11.000Z","volume":6000,"label":" ","price":3.96},{"type":"B","date":"2018-04-18T02:37:18.000Z","volume":10000,"label":" ","price":3.96},{"type":"B","date":"2018-04-18T02:37:18.000Z","volume":4000,"label":" ","price":3.96},{"type":"B","date":"2018-04-18T02:37:53.000Z","volume":72000,"label":" ","price":3.95},{"type":"B","date":"2018-04-18T02:37:54.000Z","volume":6000,"label":"Y","price":3.94},{"type":"B","date":"2018-04-18T02:37:54.000Z","volume":6000,"label":" ","price":3.94},{"type":"B","date":"2018-04-18T02:38:37.000Z","volume":2000,"label":" ","price":3.93},{"type":"B","date":"2018-04-18T02:38:45.000Z","volume":2000,"label":"Y","price":3.93},{"type":"B","date":"2018-04-18T02:38:45.000Z","volume":18000,"label":" ","price":3.93},{"type":"B","date":"2018-04-18T02:39:38.000Z","volume":2000,"label":" ","price":3.94},{"type":"A","date":"2018-04-18T02:40:02.000Z","volume":4000,"label":" ","price":3.94},{"type":"A","date":"2018-04-18T02:40:05.000Z","volume":2000,"label":" ","price":3.94},{"type":"B","date":"2018-04-18T02:40:11.000Z","volume":10000,"label":" ","price":3.93},{"type":"A","date":"2018-04-18T02:40:35.000Z","volume":2000,"label":" ","price":3.94},{"type":"A","date":"2018-04-18T02:41:16.000Z","volume":2000,"label":" ","price":3.94},{"type":"A","date":"2018-04-18T02:41:58.000Z","volume":10000,"label":" ","price":3.94},{"type":"B","date":"2018-04-18T02:42:25.000Z","volume":26000,"label":" ","price":3.93},{"type":"A","date":"2018-04-18T02:42:28.000Z","volume":2000,"label":" ","price":3.94},{"type":"A","date":"2018-04-18T02:42:37.000Z","volume":2000,"label":" ","price":3.94},{"type":"A","date":"2018-04-18T02:42:57.000Z","volume":18000,"label":" ","price":3.94},{"type":"A","date":"2018-04-18T02:42:57.000Z","volume":8000,"label":" ","price":3.94},{"type":"A","date":"2018-04-18T02:42:57.000Z","volume":6000,"label":" ","price":3.94},{"type":"A","date":"2018-04-18T02:43:28.000Z","volume":2000,"label":" ","price":3.94},{"type":"A","date":"2018-04-18T02:44:02.000Z","volume":8000,"label":"Y","price":3.94},{"type":"A","date":"2018-04-18T02:44:02.000Z","volume":42000,"label":" ","price":3.94},{"type":"A","date":"2018-04-18T02:44:02.000Z","volume":8000,"label":" ","price":3.94},{"type":"A","date":"2018-04-18T02:44:05.000Z","volume":4000,"label":" ","price":3.94},{"type":"A","date":"2018-04-18T02:44:05.000Z","volume":6000,"label":" ","price":3.94},{"type":"A","date":"2018-04-18T02:44:54.000Z","volume":2000,"label":" ","price":3.94},{"type":"A","date":"2018-04-18T02:44:54.000Z","volume":4000,"label":" ","price":3.94},{"type":"B","date":"2018-04-18T02:45:11.000Z","volume":74000,"label":" ","price":3.93},{"type":"B","date":"2018-04-18T02:45:11.000Z","volume":42000,"label":" ","price":3.93},{"type":"A","date":"2018-04-18T02:45:31.000Z","volume":38000,"label":" ","price":3.94},{"type":"A","date":"2018-04-18T02:45:31.000Z","volume":22000,"label":" ","price":3.94},{"type":"A","date":"2018-04-18T02:46:34.000Z","volume":2000,"label":" ","price":3.94},{"type":"B","date":"2018-04-18T02:46:44.000Z","volume":10000,"label":" ","price":3.93},{"type":"A","date":"2018-04-18T02:46:47.000Z","volume":2000,"label":" ","price":3.93},{"type":"B","date":"2018-04-18T02:46:54.000Z","volume":28000,"label":" ","price":3.92},{"type":"B","date":"2018-04-18T02:48:05.000Z","volume":4000,"label":" ","price":3.92},{"type":"B","date":"2018-04-18T02:48:46.000Z","volume":2000,"label":" ","price":3.92},{"type":"B","date":"2018-04-18T02:48:49.000Z","volume":6000,"label":" ","price":3.92},{"type":"B","date":"2018-04-18T02:49:30.000Z","volume":20000,"label":" ","price":3.92},{"type":"B","date":"2018-04-18T02:49:30.000Z","volume":2000,"label":" ","price":3.92},{"type":"U","date":"2018-04-18T02:49:31.000Z","volume":2000,"label":" ","price":3.93},{"type":"B","date":"2018-04-18T02:49:36.000Z","volume":20000,"label":" ","price":3.92},{"type":"A","date":"2018-04-18T02:52:24.000Z","volume":2000,"label":" ","price":3.93},{"type":"A","date":"2018-04-18T02:52:48.000Z","volume":2000,"label":" ","price":3.93},{"type":"A","date":"2018-04-18T02:53:37.000Z","volume":20000,"label":" ","price":3.93},{"type":"A","date":"2018-04-18T02:54:52.000Z","volume":50000,"label":" ","price":3.93},{"type":"A","date":"2018-04-18T02:54:54.000Z","volume":2000,"label":" ","price":3.93},{"type":"A","date":"2018-04-18T02:54:54.000Z","volume":108000,"label":" ","price":3.93},{"type":"A","date":"2018-04-18T02:54:54.000Z","volume":6000,"label":" ","price":3.93},{"type":"A","date":"2018-04-18T02:54:54.000Z","volume":4000,"label":" ","price":3.93},{"type":"A","date":"2018-04-18T02:54:54.000Z","volume":6000,"label":" ","price":3.94},{"type":"A","date":"2018-04-18T02:54:56.000Z","volume":6000,"label":" ","price":3.94},{"type":"A","date":"2018-04-18T02:56:36.000Z","volume":2000,"label":" ","price":3.94},{"type":"A","date":"2018-04-18T02:58:15.000Z","volume":10000,"label":" ","price":3.94},{"type":"A","date":"2018-04-18T02:59:02.000Z","volume":4000,"label":" ","price":3.94},{"type":"B","date":"2018-04-18T02:59:21.000Z","volume":8000,"label":" ","price":3.93},{"type":"A","date":"2018-04-18T02:59:21.000Z","volume":4000,"label":" ","price":3.94},{"type":"A","date":"2018-04-18T02:59:54.000Z","volume":6000,"label":" ","price":3.94},{"type":"A","date":"2018-04-18T03:01:53.000Z","volume":98000,"label":" ","price":3.94},{"type":"A","date":"2018-04-18T03:01:53.000Z","volume":10000,"label":" ","price":3.95},{"type":"A","date":"2018-04-18T03:01:55.000Z","volume":6000,"label":" ","price":3.95},{"type":"A","date":"2018-04-18T03:02:13.000Z","volume":10000,"label":" ","price":3.95},{"type":"A","date":"2018-04-18T03:02:13.000Z","volume":4000,"label":" ","price":3.95},{"type":"A","date":"2018-04-18T03:02:40.000Z","volume":20000,"label":" ","price":3.95},{"type":"A","date":"2018-04-18T03:02:40.000Z","volume":4000,"label":" ","price":3.95},{"type":"A","date":"2018-04-18T03:03:33.000Z","volume":2000,"label":" ","price":3.95},{"type":"A","date":"2018-04-18T03:04:30.000Z","volume":2000,"label":" ","price":3.95},{"type":"A","date":"2018-04-18T03:05:08.000Z","volume":4000,"label":" ","price":3.95},{"type":"B","date":"2018-04-18T03:06:46.000Z","volume":2000,"label":"Y","price":3.94},{"type":"B","date":"2018-04-18T03:06:46.000Z","volume":18000,"label":" ","price":3.94},{"type":"A","date":"2018-04-18T03:06:46.000Z","volume":4000,"label":" ","price":3.95},{"type":"A","date":"2018-04-18T03:06:49.000Z","volume":2000,"label":" ","price":3.95},{"type":"B","date":"2018-04-18T03:07:46.000Z","volume":2000,"label":"Y","price":3.94},{"type":"B","date":"2018-04-18T03:07:46.000Z","volume":12000,"label":" ","price":3.94},{"type":"B","date":"2018-04-18T03:08:01.000Z","volume":6000,"label":" ","price":3.94},{"type":"B","date":"2018-04-18T03:08:16.000Z","volume":2000,"label":"Y","price":3.94},{"type":"B","date":"2018-04-18T03:08:16.000Z","volume":8000,"label":" ","price":3.94},{"type":"A","date":"2018-04-18T03:08:51.000Z","volume":12000,"label":" ","price":3.94},{"type":"A","date":"2018-04-18T03:08:54.000Z","volume":2000,"label":" ","price":3.94},{"type":"B","date":"2018-04-18T03:08:57.000Z","volume":10000,"label":" ","price":3.93},{"type":"B","date":"2018-04-18T03:09:21.000Z","volume":2000,"label":" ","price":3.93},{"type":"B","date":"2018-04-18T03:09:46.000Z","volume":10000,"label":" ","price":3.93},{"type":"B","date":"2018-04-18T03:10:01.000Z","volume":12000,"label":" ","price":3.93},{"type":"B","date":"2018-04-18T03:10:31.000Z","volume":2000,"label":" ","price":3.93},{"type":"B","date":"2018-04-18T03:10:31.000Z","volume":10000,"label":" ","price":3.93},{"type":"A","date":"2018-04-18T03:10:34.000Z","volume":2000,"label":" ","price":3.94},{"type":"A","date":"2018-04-18T03:10:51.000Z","volume":2000,"label":" ","price":3.94},{"type":"B","date":"2018-04-18T03:11:01.000Z","volume":8000,"label":" ","price":3.93},{"type":"B","date":"2018-04-18T03:11:01.000Z","volume":12000,"label":" ","price":3.93},{"type":"B","date":"2018-04-18T03:11:16.000Z","volume":2000,"label":"Y","price":3.93},{"type":"B","date":"2018-04-18T03:11:16.000Z","volume":6000,"label":" ","price":3.93},{"type":"B","date":"2018-04-18T03:11:42.000Z","volume":8000,"label":" ","price":3.92},{"type":"B","date":"2018-04-18T03:12:01.000Z","volume":10000,"label":" ","price":3.92},{"type":"A","date":"2018-04-18T03:12:02.000Z","volume":4000,"label":" ","price":3.93},{"type":"B","date":"2018-04-18T03:12:28.000Z","volume":78000,"label":" ","price":3.92},{"type":"B","date":"2018-04-18T03:12:29.000Z","volume":12000,"label":" ","price":3.91},{"type":"A","date":"2018-04-18T03:12:34.000Z","volume":2000,"label":" ","price":3.92},{"type":"B","date":"2018-04-18T03:13:01.000Z","volume":8000,"label":" ","price":3.91},{"type":"B","date":"2018-04-18T03:13:16.000Z","volume":4000,"label":" ","price":3.91},{"type":"B","date":"2018-04-18T03:13:31.000Z","volume":10000,"label":" ","price":3.91},{"type":"B","date":"2018-04-18T03:13:34.000Z","volume":10000,"label":" ","price":3.91},{"type":"B","date":"2018-04-18T03:13:44.000Z","volume":20000,"label":" ","price":3.91},{"type":"B","date":"2018-04-18T03:13:44.000Z","volume":28000,"label":" ","price":3.91},{"type":"B","date":"2018-04-18T03:13:46.000Z","volume":12000,"label":" ","price":3.9},{"type":"B","date":"2018-04-18T03:13:55.000Z","volume":10000,"label":" ","price":3.91},{"type":"A","date":"2018-04-18T03:13:57.000Z","volume":2000,"label":" ","price":3.91},{"type":"A","date":"2018-04-18T03:13:57.000Z","volume":4000,"label":" ","price":3.91},{"type":"A","date":"2018-04-18T03:14:14.000Z","volume":80000,"label":" ","price":3.91},{"type":"A","date":"2018-04-18T03:14:16.000Z","volume":4000,"label":" ","price":3.91},{"type":"B","date":"2018-04-18T03:15:31.000Z","volume":2000,"label":" ","price":3.91},{"type":"B","date":"2018-04-18T03:15:32.000Z","volume":8000,"label":" ","price":3.9},{"type":"B","date":"2018-04-18T03:15:46.000Z","volume":10000,"label":" ","price":3.9},{"type":"B","date":"2018-04-18T03:15:48.000Z","volume":4000,"label":" ","price":3.9},{"type":"B","date":"2018-04-18T03:16:01.000Z","volume":8000,"label":" ","price":3.9},{"type":"B","date":"2018-04-18T03:16:16.000Z","volume":8000,"label":" ","price":3.9},{"type":"A","date":"2018-04-18T03:16:18.000Z","volume":20000,"label":" ","price":3.91},{"type":"A","date":"2018-04-18T03:16:18.000Z","volume":4000,"label":" ","price":3.91},{"type":"A","date":"2018-04-18T03:16:21.000Z","volume":2000,"label":" ","price":3.91},{"type":"A","date":"2018-04-18T03:16:31.000Z","volume":4000,"label":" ","price":3.91},{"type":"A","date":"2018-04-18T03:16:51.000Z","volume":28000,"label":" ","price":3.91},{"type":"A","date":"2018-04-18T03:16:51.000Z","volume":4000,"label":" ","price":3.91},{"type":"A","date":"2018-04-18T03:16:51.000Z","volume":4000,"label":" ","price":3.91},{"type":"A","date":"2018-04-18T03:16:55.000Z","volume":2000,"label":" ","price":3.92},{"type":"A","date":"2018-04-18T03:17:25.000Z","volume":10000,"label":" ","price":3.92},{"type":"B","date":"2018-04-18T03:18:01.000Z","volume":8000,"label":" ","price":3.91},{"type":"B","date":"2018-04-18T03:18:01.000Z","volume":4000,"label":"Y","price":3.91},{"type":"B","date":"2018-04-18T03:18:01.000Z","volume":4000,"label":" ","price":3.91},{"type":"A","date":"2018-04-18T03:18:01.000Z","volume":4000,"label":" ","price":3.92},{"type":"B","date":"2018-04-18T03:18:31.000Z","volume":2000,"label":"Y","price":3.91},{"type":"B","date":"2018-04-18T03:18:31.000Z","volume":6000,"label":"Y","price":3.91},{"type":"B","date":"2018-04-18T03:18:31.000Z","volume":8000,"label":" ","price":3.91},{"type":"A","date":"2018-04-18T03:18:31.000Z","volume":4000,"label":" ","price":3.92},{"type":"A","date":"2018-04-18T03:18:34.000Z","volume":2000,"label":" ","price":3.92},{"type":"A","date":"2018-04-18T03:18:40.000Z","volume":10000,"label":" ","price":3.92},{"type":"B","date":"2018-04-18T03:19:01.000Z","volume":8000,"label":" ","price":3.91},{"type":"B","date":"2018-04-18T03:19:16.000Z","volume":8000,"label":" ","price":3.91},{"type":"A","date":"2018-04-18T03:19:25.000Z","volume":10000,"label":" ","price":3.92},{"type":"B","date":"2018-04-18T03:19:31.000Z","volume":8000,"label":" ","price":3.91},{"type":"B","date":"2018-04-18T03:20:01.000Z","volume":2000,"label":"Y","price":3.91},{"type":"B","date":"2018-04-18T03:20:01.000Z","volume":6000,"label":" ","price":3.91},{"type":"B","date":"2018-04-18T03:20:16.000Z","volume":8000,"label":" ","price":3.91},{"type":"B","date":"2018-04-18T03:20:16.000Z","volume":8000,"label":" ","price":3.91},{"type":"B","date":"2018-04-18T03:21:01.000Z","volume":10000,"label":"Y","price":3.91},{"type":"B","date":"2018-04-18T03:21:01.000Z","volume":4000,"label":" ","price":3.91},{"type":"B","date":"2018-04-18T03:21:01.000Z","volume":8000,"label":" ","price":3.91},{"type":"A","date":"2018-04-18T03:21:18.000Z","volume":10000,"label":" ","price":3.92},{"type":"A","date":"2018-04-18T03:21:21.000Z","volume":2000,"label":" ","price":3.92},{"type":"A","date":"2018-04-18T03:21:35.000Z","volume":2000,"label":" ","price":3.92},{"type":"B","date":"2018-04-18T03:21:46.000Z","volume":8000,"label":" ","price":3.91},{"type":"B","date":"2018-04-18T03:21:46.000Z","volume":2000,"label":" ","price":3.91},{"type":"B","date":"2018-04-18T03:21:46.000Z","volume":4000,"label":"Y","price":3.91},{"type":"B","date":"2018-04-18T03:21:46.000Z","volume":4000,"label":" ","price":3.91},{"type":"B","date":"2018-04-18T03:22:31.000Z","volume":2000,"label":"Y","price":3.91},{"type":"B","date":"2018-04-18T03:22:31.000Z","volume":8000,"label":" ","price":3.91},{"type":"B","date":"2018-04-18T03:22:31.000Z","volume":8000,"label":" ","price":3.91},{"type":"B","date":"2018-04-18T03:22:54.000Z","volume":52000,"label":" ","price":3.91},{"type":"B","date":"2018-04-18T03:23:10.000Z","volume":2000,"label":" ","price":3.91},{"type":"B","date":"2018-04-18T03:23:11.000Z","volume":2000,"label":"Y","price":3.91},{"type":"B","date":"2018-04-18T03:23:11.000Z","volume":8000,"label":" ","price":3.91},{"type":"B","date":"2018-04-18T03:23:11.000Z","volume":4000,"label":"Y","price":3.91},{"type":"B","date":"2018-04-18T03:24:01.000Z","volume":12000,"label":" ","price":3.9},{"type":"B","date":"2018-04-18T03:24:31.000Z","volume":10000,"label":" ","price":3.9},{"type":"B","date":"2018-04-18T03:24:41.000Z","volume":10000,"label":" ","price":3.9},{"type":"A","date":"2018-04-18T03:24:43.000Z","volume":2000,"label":" ","price":3.91},{"type":"B","date":"2018-04-18T03:25:01.000Z","volume":10000,"label":" ","price":3.9},{"type":"A","date":"2018-04-18T03:25:04.000Z","volume":2000,"label":" ","price":3.91},{"type":"B","date":"2018-04-18T03:25:31.000Z","volume":8000,"label":" ","price":3.9},{"type":"B","date":"2018-04-18T03:25:46.000Z","volume":10000,"label":" ","price":3.9},{"type":"B","date":"2018-04-18T03:26:16.000Z","volume":12000,"label":" ","price":3.9},{"type":"B","date":"2018-04-18T03:26:46.000Z","volume":12000,"label":" ","price":3.9},{"type":"A","date":"2018-04-18T03:26:49.000Z","volume":2000,"label":" ","price":3.91},{"type":"B","date":"2018-04-18T03:27:16.000Z","volume":10000,"label":" ","price":3.9},{"type":"B","date":"2018-04-18T03:27:46.000Z","volume":10000,"label":" ","price":3.9},{"type":"B","date":"2018-04-18T03:28:16.000Z","volume":6000,"label":"Y","price":3.9},{"type":"B","date":"2018-04-18T03:28:16.000Z","volume":6000,"label":" ","price":3.9},{"type":"B","date":"2018-04-18T03:28:26.000Z","volume":22000,"label":" ","price":3.9},{"type":"A","date":"2018-04-18T03:28:45.000Z","volume":10000,"label":" ","price":3.91},{"type":"B","date":"2018-04-18T03:28:46.000Z","volume":6000,"label":"Y","price":3.9},{"type":"B","date":"2018-04-18T03:28:46.000Z","volume":6000,"label":" ","price":3.9},{"type":"B","date":"2018-04-18T03:29:16.000Z","volume":12000,"label":" ","price":3.9},{"type":"B","date":"2018-04-18T03:29:16.000Z","volume":2000,"label":" ","price":3.9},{"type":"B","date":"2018-04-18T03:29:16.000Z","volume":6000,"label":" ","price":3.9},{"type":"A","date":"2018-04-18T03:29:17.000Z","volume":4000,"label":" ","price":3.9},{"type":"A","date":"2018-04-18T03:29:17.000Z","volume":10000,"label":" ","price":3.9},{"type":"A","date":"2018-04-18T03:31:09.000Z","volume":60000,"label":" ","price":3.9},{"type":"A","date":"2018-04-18T03:31:09.000Z","volume":10000,"label":" ","price":3.9},{"type":"A","date":"2018-04-18T03:31:09.000Z","volume":8000,"label":" ","price":3.91},{"type":"A","date":"2018-04-18T03:31:15.000Z","volume":2000,"label":" ","price":3.91},{"type":"A","date":"2018-04-18T03:31:18.000Z","volume":4000,"label":" ","price":3.91},{"type":"A","date":"2018-04-18T03:31:25.000Z","volume":134000,"label":" ","price":3.92},{"type":"A","date":"2018-04-18T03:31:25.000Z","volume":30000,"label":" ","price":3.93},{"type":"A","date":"2018-04-18T03:31:25.000Z","volume":6000,"label":" ","price":3.93},{"type":"A","date":"2018-04-18T03:31:25.000Z","volume":2000,"label":" ","price":3.93},{"type":"A","date":"2018-04-18T03:31:27.000Z","volume":10000,"label":" ","price":3.93},{"type":"A","date":"2018-04-18T03:32:03.000Z","volume":100000,"label":" ","price":3.93},{"type":"A","date":"2018-04-18T03:32:03.000Z","volume":12000,"label":" ","price":3.93},{"type":"A","date":"2018-04-18T03:32:03.000Z","volume":6000,"label":" ","price":3.93},{"type":"A","date":"2018-04-18T03:32:03.000Z","volume":10000,"label":" ","price":3.93},{"type":"A","date":"2018-04-18T03:32:06.000Z","volume":4000,"label":" ","price":3.94},{"type":"B","date":"2018-04-18T03:32:31.000Z","volume":4000,"label":" ","price":3.93},{"type":"B","date":"2018-04-18T03:32:31.000Z","volume":2000,"label":"Y","price":3.93},{"type":"B","date":"2018-04-18T03:32:31.000Z","volume":6000,"label":" ","price":3.93},{"type":"B","date":"2018-04-18T03:32:43.000Z","volume":86000,"label":" ","price":3.92},{"type":"B","date":"2018-04-18T03:33:01.000Z","volume":2000,"label":" ","price":3.91},{"type":"B","date":"2018-04-18T03:33:16.000Z","volume":2000,"label":" ","price":3.91},{"type":"A","date":"2018-04-18T03:33:27.000Z","volume":2000,"label":"Y","price":3.91},{"type":"A","date":"2018-04-18T03:33:32.000Z","volume":2000,"label":"Y","price":3.91},{"type":"A","date":"2018-04-18T03:33:32.000Z","volume":48000,"label":" ","price":3.91},{"type":"A","date":"2018-04-18T03:33:34.000Z","volume":2000,"label":" ","price":3.92},{"type":"B","date":"2018-04-18T03:35:31.000Z","volume":10000,"label":" ","price":3.91},{"type":"B","date":"2018-04-18T03:35:31.000Z","volume":12000,"label":" ","price":3.91},{"type":"B","date":"2018-04-18T03:35:46.000Z","volume":38000,"label":" ","price":3.91},{"type":"A","date":"2018-04-18T03:35:49.000Z","volume":4000,"label":" ","price":3.92},{"type":"A","date":"2018-04-18T03:35:55.000Z","volume":20000,"label":" ","price":3.92},{"type":"A","date":"2018-04-18T03:36:19.000Z","volume":10000,"label":" ","price":3.92},{"type":"B","date":"2018-04-18T03:36:31.000Z","volume":8000,"label":" ","price":3.91},{"type":"B","date":"2018-04-18T03:36:31.000Z","volume":2000,"label":" ","price":3.91},{"type":"B","date":"2018-04-18T03:36:31.000Z","volume":6000,"label":" ","price":3.91},{"type":"A","date":"2018-04-18T03:37:11.000Z","volume":2000,"label":" ","price":3.92},{"type":"B","date":"2018-04-18T03:37:16.000Z","volume":4000,"label":"Y","price":3.91},{"type":"B","date":"2018-04-18T03:37:16.000Z","volume":4000,"label":" ","price":3.91},{"type":"B","date":"2018-04-18T03:37:16.000Z","volume":4000,"label":"Y","price":3.91},{"type":"B","date":"2018-04-18T03:37:16.000Z","volume":12000,"label":" ","price":3.9},{"type":"B","date":"2018-04-18T03:37:16.000Z","volume":6000,"label":" ","price":3.91},{"type":"A","date":"2018-04-18T03:37:50.000Z","volume":2000,"label":" ","price":3.92},{"type":"B","date":"2018-04-18T03:38:31.000Z","volume":2000,"label":"Y","price":3.91},{"type":"B","date":"2018-04-18T03:38:31.000Z","volume":8000,"label":" ","price":3.91},{"type":"B","date":"2018-04-18T03:38:31.000Z","volume":2000,"label":" ","price":3.91},{"type":"B","date":"2018-04-18T03:38:31.000Z","volume":6000,"label":" ","price":3.91},{"type":"A","date":"2018-04-18T03:39:17.000Z","volume":6000,"label":" ","price":3.91},{"type":"B","date":"2018-04-18T03:39:46.000Z","volume":10000,"label":" ","price":3.9},{"type":"A","date":"2018-04-18T03:40:17.000Z","volume":2000,"label":" ","price":3.91},{"type":"B","date":"2018-04-18T03:40:31.000Z","volume":12000,"label":" ","price":3.9},{"type":"A","date":"2018-04-18T03:40:34.000Z","volume":2000,"label":" ","price":3.91},{"type":"A","date":"2018-04-18T03:40:39.000Z","volume":2000,"label":" ","price":3.91},{"type":"B","date":"2018-04-18T03:41:31.000Z","volume":8000,"label":" ","price":3.9},{"type":"A","date":"2018-04-18T03:41:34.000Z","volume":2000,"label":" ","price":3.91},{"type":"A","date":"2018-04-18T03:41:34.000Z","volume":6000,"label":" ","price":3.91},{"type":"B","date":"2018-04-18T03:42:16.000Z","volume":10000,"label":" ","price":3.9},{"type":"A","date":"2018-04-18T03:42:21.000Z","volume":18000,"label":" ","price":3.91},{"type":"A","date":"2018-04-18T03:42:24.000Z","volume":2000,"label":" ","price":3.92},{"type":"A","date":"2018-04-18T03:42:24.000Z","volume":18000,"label":"Y","price":3.92},{"type":"A","date":"2018-04-18T03:42:24.000Z","volume":20000,"label":" ","price":3.92},{"type":"B","date":"2018-04-18T03:45:01.000Z","volume":8000,"label":" ","price":3.92},{"type":"B","date":"2018-04-18T03:45:01.000Z","volume":8000,"label":" ","price":3.92},{"type":"A","date":"2018-04-18T03:45:05.000Z","volume":2000,"label":" ","price":3.94},{"type":"A","date":"2018-04-18T03:45:28.000Z","volume":8000,"label":" ","price":3.94},{"type":"B","date":"2018-04-18T03:46:01.000Z","volume":10000,"label":" ","price":3.92},{"type":"B","date":"2018-04-18T03:46:01.000Z","volume":8000,"label":" ","price":3.92},{"type":"B","date":"2018-04-18T03:47:16.000Z","volume":10000,"label":" ","price":3.91},{"type":"A","date":"2018-04-18T03:47:20.000Z","volume":2000,"label":" ","price":3.94},{"type":"B","date":"2018-04-18T03:47:32.000Z","volume":10000,"label":" ","price":3.91},{"type":"B","date":"2018-04-18T03:47:46.000Z","volume":8000,"label":" ","price":3.91},{"type":"B","date":"2018-04-18T03:48:12.000Z","volume":90000,"label":" ","price":3.91},{"type":"A","date":"2018-04-18T03:48:14.000Z","volume":4000,"label":" ","price":3.94},{"type":"B","date":"2018-04-18T03:48:16.000Z","volume":8000,"label":" ","price":3.92},{"type":"B","date":"2018-04-18T03:48:16.000Z","volume":10000,"label":" ","price":3.92},{"type":"B","date":"2018-04-18T03:48:17.000Z","volume":4000,"label":" ","price":3.92},{"type":"B","date":"2018-04-18T03:49:46.000Z","volume":4000,"label":"Y","price":3.91},{"type":"B","date":"2018-04-18T03:49:46.000Z","volume":6000,"label":" ","price":3.91},{"type":"A","date":"2018-04-18T03:49:48.000Z","volume":2000,"label":" ","price":3.92},{"type":"B","date":"2018-04-18T03:50:31.000Z","volume":8000,"label":" ","price":3.91},{"type":"A","date":"2018-04-18T03:50:34.000Z","volume":2000,"label":" ","price":3.92},{"type":"B","date":"2018-04-18T03:51:16.000Z","volume":2000,"label":"Y","price":3.91},{"type":"B","date":"2018-04-18T03:51:16.000Z","volume":8000,"label":" ","price":3.91},{"type":"B","date":"2018-04-18T03:51:16.000Z","volume":2000,"label":" ","price":3.91},{"type":"B","date":"2018-04-18T03:51:16.000Z","volume":2000,"label":" ","price":3.91},{"type":"A","date":"2018-04-18T03:51:17.000Z","volume":10000,"label":" ","price":3.91},{"type":"B","date":"2018-04-18T03:53:01.000Z","volume":12000,"label":" ","price":3.9},{"type":"B","date":"2018-04-18T03:54:01.000Z","volume":8000,"label":" ","price":3.9},{"type":"A","date":"2018-04-18T03:54:04.000Z","volume":2000,"label":" ","price":3.91},{"type":"B","date":"2018-04-18T03:54:31.000Z","volume":10000,"label":" ","price":3.9},{"type":"B","date":"2018-04-18T03:55:01.000Z","volume":10000,"label":" ","price":3.9},{"type":"A","date":"2018-04-18T03:55:01.000Z","volume":6000,"label":" ","price":3.91},{"type":"B","date":"2018-04-18T03:55:31.000Z","volume":4000,"label":" ","price":3.9},{"type":"B","date":"2018-04-18T03:55:46.000Z","volume":6000,"label":" ","price":3.9},{"type":"B","date":"2018-04-18T03:56:01.000Z","volume":4000,"label":" ","price":3.9},{"type":"B","date":"2018-04-18T03:56:16.000Z","volume":8000,"label":" ","price":3.9},{"type":"A","date":"2018-04-18T03:56:17.000Z","volume":2000,"label":" ","price":3.91},{"type":"A","date":"2018-04-18T03:56:19.000Z","volume":2000,"label":" ","price":3.91},{"type":"B","date":"2018-04-18T03:56:46.000Z","volume":6000,"label":" ","price":3.9},{"type":"B","date":"2018-04-18T03:57:01.000Z","volume":10000,"label":" ","price":3.9},{"type":"A","date":"2018-04-18T03:57:01.000Z","volume":6000,"label":" ","price":3.91},{"type":"A","date":"2018-04-18T03:57:01.000Z","volume":6000,"label":" ","price":3.91},{"type":"B","date":"2018-04-18T03:57:31.000Z","volume":4000,"label":" ","price":3.9},{"type":"B","date":"2018-04-18T03:57:46.000Z","volume":4000,"label":" ","price":3.9},{"type":"B","date":"2018-04-18T03:58:01.000Z","volume":6000,"label":" ","price":3.9},{"type":"B","date":"2018-04-18T03:58:31.000Z","volume":2000,"label":" ","price":3.9},{"type":"A","date":"2018-04-18T03:58:34.000Z","volume":2000,"label":" ","price":3.91},{"type":"B","date":"2018-04-18T03:58:46.000Z","volume":2000,"label":" ","price":3.9},{"type":"B","date":"2018-04-18T03:58:46.000Z","volume":2000,"label":" ","price":3.9},{"type":"B","date":"2018-04-18T03:59:01.000Z","volume":2000,"label":" ","price":3.9},{"type":"B","date":"2018-04-18T03:59:01.000Z","volume":6000,"label":" ","price":3.9},{"type":"B","date":"2018-04-18T03:59:31.000Z","volume":2000,"label":" ","price":3.9},{"type":"B","date":"2018-04-18T03:59:31.000Z","volume":2000,"label":" ","price":3.9},{"type":"B","date":"2018-04-18T03:59:46.000Z","volume":2000,"label":" ","price":3.9},{"type":"A","date":"2018-04-18T03:59:49.000Z","volume":8000,"label":" ","price":3.91},{"type":"B","date":"2018-04-18T03:59:50.000Z","volume":2000,"label":" ","price":3.9},{"type":"B","date":"2018-04-18T05:00:00.000Z","volume":20000,"label":" ","price":3.9},{"type":"A","date":"2018-04-18T05:00:01.000Z","volume":4000,"label":" ","price":3.91},{"type":"A","date":"2018-04-18T05:00:01.000Z","volume":2000,"label":" ","price":3.91},{"type":"B","date":"2018-04-18T05:00:03.000Z","volume":50000,"label":" ","price":3.9},{"type":"B","date":"2018-04-18T05:00:04.000Z","volume":12000,"label":" ","price":3.9},{"type":"A","date":"2018-04-18T05:00:09.000Z","volume":4000,"label":" ","price":3.91},{"type":"A","date":"2018-04-18T05:00:09.000Z","volume":8000,"label":" ","price":3.91},{"type":"B","date":"2018-04-18T05:00:11.000Z","volume":2000,"label":"Y","price":3.91},{"type":"B","date":"2018-04-18T05:00:11.000Z","volume":2000,"label":" ","price":3.91},{"type":"B","date":"2018-04-18T05:00:17.000Z","volume":26000,"label":" ","price":3.9},{"type":"A","date":"2018-04-18T05:00:17.000Z","volume":8000,"label":" ","price":3.91},{"type":"A","date":"2018-04-18T05:00:17.000Z","volume":8000,"label":" ","price":3.91},{"type":"A","date":"2018-04-18T05:00:37.000Z","volume":2000,"label":" ","price":3.91},{"type":"A","date":"2018-04-18T05:00:39.000Z","volume":2000,"label":" ","price":3.92},{"type":"B","date":"2018-04-18T05:00:47.000Z","volume":2000,"label":"Y","price":3.91},{"type":"A","date":"2018-04-18T05:02:08.000Z","volume":2000,"label":" ","price":3.91},{"type":"B","date":"2018-04-18T05:02:17.000Z","volume":12000,"label":" ","price":3.9},{"type":"B","date":"2018-04-18T05:02:23.000Z","volume":2000,"label":" ","price":3.9},{"type":"B","date":"2018-04-18T05:02:47.000Z","volume":2000,"label":"Y","price":3.9},{"type":"B","date":"2018-04-18T05:02:47.000Z","volume":6000,"label":" ","price":3.9},{"type":"B","date":"2018-04-18T05:02:56.000Z","volume":6000,"label":"Y","price":3.9},{"type":"A","date":"2018-04-18T05:02:59.000Z","volume":8000,"label":" ","price":3.91},{"type":"B","date":"2018-04-18T05:03:17.000Z","volume":6000,"label":"Y","price":3.9},{"type":"B","date":"2018-04-18T05:03:17.000Z","volume":2000,"label":" ","price":3.9},{"type":"A","date":"2018-04-18T05:03:19.000Z","volume":2000,"label":" ","price":3.91},{"type":"B","date":"2018-04-18T05:03:32.000Z","volume":4000,"label":" ","price":3.9},{"type":"B","date":"2018-04-18T05:03:32.000Z","volume":16000,"label":" ","price":3.9},{"type":"A","date":"2018-04-18T05:04:03.000Z","volume":6000,"label":" ","price":3.91},{"type":"B","date":"2018-04-18T05:04:11.000Z","volume":4000,"label":" ","price":3.9},{"type":"A","date":"2018-04-18T05:04:11.000Z","volume":8000,"label":" ","price":3.91},{"type":"B","date":"2018-04-18T05:04:26.000Z","volume":4000,"label":" ","price":3.9},{"type":"B","date":"2018-04-18T05:04:41.000Z","volume":6000,"label":" ","price":3.9},{"type":"A","date":"2018-04-18T05:04:43.000Z","volume":2000,"label":" ","price":3.92},{"type":"B","date":"2018-04-18T05:04:56.000Z","volume":2000,"label":"Y","price":3.91},{"type":"B","date":"2018-04-18T05:04:56.000Z","volume":2000,"label":" ","price":3.91},{"type":"A","date":"2018-04-18T05:05:09.000Z","volume":2000,"label":" ","price":3.92},{"type":"A","date":"2018-04-18T05:05:21.000Z","volume":10000,"label":" ","price":3.92},{"type":"A","date":"2018-04-18T05:05:41.000Z","volume":2000,"label":" ","price":3.92},{"type":"A","date":"2018-04-18T05:06:07.000Z","volume":2000,"label":" ","price":3.92},{"type":"B","date":"2018-04-18T05:06:17.000Z","volume":10000,"label":" ","price":3.91},{"type":"B","date":"2018-04-18T05:06:47.000Z","volume":10000,"label":" ","price":3.91},{"type":"B","date":"2018-04-18T05:07:17.000Z","volume":10000,"label":" ","price":3.91},{"type":"A","date":"2018-04-18T05:07:19.000Z","volume":2000,"label":" ","price":3.92},{"type":"B","date":"2018-04-18T05:07:41.000Z","volume":10000,"label":" ","price":3.91},{"type":"B","date":"2018-04-18T05:08:11.000Z","volume":10000,"label":" ","price":3.91},{"type":"A","date":"2018-04-18T05:08:11.000Z","volume":8000,"label":" ","price":3.92},{"type":"A","date":"2018-04-18T05:08:11.000Z","volume":8000,"label":" ","price":3.92},{"type":"B","date":"2018-04-18T05:08:32.000Z","volume":10000,"label":" ","price":3.91},{"type":"A","date":"2018-04-18T05:08:34.000Z","volume":2000,"label":" ","price":3.92},{"type":"B","date":"2018-04-18T05:09:02.000Z","volume":2000,"label":" ","price":3.91},{"type":"B","date":"2018-04-18T05:09:02.000Z","volume":8000,"label":" ","price":3.91},{"type":"A","date":"2018-04-18T05:09:24.000Z","volume":2000,"label":"Y","price":3.92},{"type":"B","date":"2018-04-18T05:09:32.000Z","volume":10000,"label":"Y","price":3.91},{"type":"B","date":"2018-04-18T05:09:32.000Z","volume":6000,"label":" ","price":3.91},{"type":"B","date":"2018-04-18T05:10:11.000Z","volume":14000,"label":" ","price":3.91},{"type":"U","date":"2018-04-18T05:10:20.000Z","volume":1100,"label":"D","price":3.86},{"type":"B","date":"2018-04-18T05:10:47.000Z","volume":10000,"label":" ","price":3.91},{"type":"B","date":"2018-04-18T05:10:47.000Z","volume":2000,"label":" ","price":3.91},{"type":"B","date":"2018-04-18T05:10:47.000Z","volume":6000,"label":"Y","price":3.91},{"type":"B","date":"2018-04-18T05:10:47.000Z","volume":8000,"label":" ","price":3.91},{"type":"B","date":"2018-04-18T05:11:26.000Z","volume":10000,"label":" ","price":3.91},{"type":"B","date":"2018-04-18T05:11:47.000Z","volume":8000,"label":" ","price":3.91},{"type":"B","date":"2018-04-18T05:11:47.000Z","volume":20000,"label":" ","price":3.91},{"type":"A","date":"2018-04-18T05:11:47.000Z","volume":10000,"label":" ","price":3.92},{"type":"B","date":"2018-04-18T05:12:32.000Z","volume":10000,"label":" ","price":3.91},{"type":"A","date":"2018-04-18T05:12:33.000Z","volume":2000,"label":" ","price":3.92},{"type":"B","date":"2018-04-18T05:12:56.000Z","volume":10000,"label":" ","price":3.91},{"type":"B","date":"2018-04-18T05:13:11.000Z","volume":8000,"label":" ","price":3.91},{"type":"B","date":"2018-04-18T05:13:26.000Z","volume":10000,"label":" ","price":3.91},{"type":"B","date":"2018-04-18T05:13:43.000Z","volume":40000,"label":" ","price":3.91},{"type":"B","date":"2018-04-18T05:13:56.000Z","volume":66000,"label":" ","price":3.91},{"type":"B","date":"2018-04-18T05:14:02.000Z","volume":10000,"label":" ","price":3.9},{"type":"B","date":"2018-04-18T05:14:32.000Z","volume":10000,"label":" ","price":3.9},{"type":"B","date":"2018-04-18T05:15:11.000Z","volume":16000,"label":" ","price":3.9},{"type":"B","date":"2018-04-18T05:15:56.000Z","volume":10000,"label":" ","price":3.9},{"type":"B","date":"2018-04-18T05:16:07.000Z","volume":40000,"label":" ","price":3.9},{"type":"B","date":"2018-04-18T05:16:17.000Z","volume":8000,"label":" ","price":3.9},{"type":"B","date":"2018-04-18T05:16:32.000Z","volume":8000,"label":" ","price":3.9},{"type":"B","date":"2018-04-18T05:16:47.000Z","volume":8000,"label":" ","price":3.9},{"type":"B","date":"2018-04-18T05:16:54.000Z","volume":10000,"label":" ","price":3.9},{"type":"A","date":"2018-04-18T05:16:55.000Z","volume":30000,"label":" ","price":3.91},{"type":"B","date":"2018-04-18T05:17:11.000Z","volume":10000,"label":" ","price":3.9},{"type":"B","date":"2018-04-18T05:17:32.000Z","volume":12000,"label":" ","price":3.9},{"type":"A","date":"2018-04-18T05:17:42.000Z","volume":2000,"label":" ","price":3.91},{"type":"A","date":"2018-04-18T05:17:42.000Z","volume":42000,"label":" ","price":3.91},{"type":"A","date":"2018-04-18T05:17:42.000Z","volume":8000,"label":" ","price":3.91},{"type":"A","date":"2018-04-18T05:17:42.000Z","volume":4000,"label":" ","price":3.91},{"type":"A","date":"2018-04-18T05:17:42.000Z","volume":8000,"label":" ","price":3.91},{"type":"A","date":"2018-04-18T05:17:42.000Z","volume":80000,"label":" ","price":3.91},{"type":"A","date":"2018-04-18T05:17:42.000Z","volume":4000,"label":" ","price":3.92},{"type":"A","date":"2018-04-18T05:17:44.000Z","volume":8000,"label":" ","price":3.93},{"type":"A","date":"2018-04-18T05:17:44.000Z","volume":10000,"label":" ","price":3.93},{"type":"B","date":"2018-04-18T05:19:32.000Z","volume":10000,"label":" ","price":3.92},{"type":"A","date":"2018-04-18T05:19:47.000Z","volume":4000,"label":"Y","price":3.93},{"type":"B","date":"2018-04-18T05:20:13.000Z","volume":8000,"label":" ","price":3.93},{"type":"A","date":"2018-04-18T05:20:27.000Z","volume":10000,"label":" ","price":3.94},{"type":"A","date":"2018-04-18T05:20:53.000Z","volume":4000,"label":" ","price":3.94},{"type":"A","date":"2018-04-18T05:21:02.000Z","volume":2000,"label":"Y","price":3.94},{"type":"A","date":"2018-04-18T05:21:16.000Z","volume":2000,"label":" ","price":3.94},{"type":"A","date":"2018-04-18T05:21:19.000Z","volume":6000,"label":" ","price":3.94},{"type":"A","date":"2018-04-18T05:21:25.000Z","volume":10000,"label":" ","price":3.94},{"type":"A","date":"2018-04-18T05:21:28.000Z","volume":2000,"label":" ","price":3.95},{"type":"B","date":"2018-04-18T05:22:11.000Z","volume":12000,"label":" ","price":3.93},{"type":"B","date":"2018-04-18T05:22:47.000Z","volume":12000,"label":" ","price":3.93},{"type":"B","date":"2018-04-18T05:22:47.000Z","volume":4000,"label":" ","price":3.93},{"type":"B","date":"2018-04-18T05:22:47.000Z","volume":6000,"label":"Y","price":3.92},{"type":"B","date":"2018-04-18T05:22:47.000Z","volume":6000,"label":" ","price":3.92},{"type":"B","date":"2018-04-18T05:22:47.000Z","volume":6000,"label":" ","price":3.92},{"type":"B","date":"2018-04-18T05:22:47.000Z","volume":10000,"label":" ","price":3.92},{"type":"A","date":"2018-04-18T05:22:50.000Z","volume":2000,"label":" ","price":3.95},{"type":"B","date":"2018-04-18T05:22:56.000Z","volume":2000,"label":" ","price":3.92},{"type":"A","date":"2018-04-18T05:23:45.000Z","volume":30000,"label":" ","price":3.95},{"type":"B","date":"2018-04-18T05:23:47.000Z","volume":2000,"label":" ","price":3.94},{"type":"A","date":"2018-04-18T05:24:20.000Z","volume":2000,"label":" ","price":3.94},{"type":"B","date":"2018-04-18T05:24:41.000Z","volume":10000,"label":" ","price":3.93},{"type":"A","date":"2018-04-18T05:25:01.000Z","volume":10000,"label":" ","price":3.94},{"type":"A","date":"2018-04-18T05:25:01.000Z","volume":8000,"label":" ","price":3.94},{"type":"A","date":"2018-04-18T05:25:39.000Z","volume":2000,"label":"Y","price":3.94},{"type":"B","date":"2018-04-18T05:25:56.000Z","volume":14000,"label":" ","price":3.93},{"type":"A","date":"2018-04-18T05:26:01.000Z","volume":6000,"label":" ","price":3.95},{"type":"A","date":"2018-04-18T05:26:04.000Z","volume":2000,"label":" ","price":3.95},{"type":"B","date":"2018-04-18T05:26:26.000Z","volume":14000,"label":" ","price":3.94},{"type":"A","date":"2018-04-18T05:26:26.000Z","volume":8000,"label":" ","price":3.95},{"type":"B","date":"2018-04-18T05:26:56.000Z","volume":14000,"label":" ","price":3.94},{"type":"A","date":"2018-04-18T05:27:16.000Z","volume":16000,"label":" ","price":3.95},{"type":"A","date":"2018-04-18T05:27:18.000Z","volume":2000,"label":" ","price":3.96},{"type":"B","date":"2018-04-18T05:28:02.000Z","volume":10000,"label":" ","price":3.95},{"type":"B","date":"2018-04-18T05:28:02.000Z","volume":10000,"label":" ","price":3.95},{"type":"A","date":"2018-04-18T05:28:25.000Z","volume":20000,"label":" ","price":3.96},{"type":"A","date":"2018-04-18T05:28:28.000Z","volume":2000,"label":" ","price":3.96},{"type":"A","date":"2018-04-18T05:28:31.000Z","volume":4000,"label":" ","price":3.96},{"type":"B","date":"2018-04-18T05:29:11.000Z","volume":14000,"label":" ","price":3.95},{"type":"A","date":"2018-04-18T05:29:11.000Z","volume":8000,"label":" ","price":3.96},{"type":"A","date":"2018-04-18T05:29:11.000Z","volume":8000,"label":" ","price":3.96},{"type":"B","date":"2018-04-18T05:30:17.000Z","volume":6000,"label":" ","price":3.95},{"type":"B","date":"2018-04-18T05:30:17.000Z","volume":4000,"label":" ","price":3.95},{"type":"B","date":"2018-04-18T05:30:17.000Z","volume":10000,"label":" ","price":3.95},{"type":"A","date":"2018-04-18T05:30:19.000Z","volume":2000,"label":" ","price":3.97},{"type":"A","date":"2018-04-18T05:30:20.000Z","volume":2000,"label":" ","price":3.97},{"type":"B","date":"2018-04-18T05:30:29.000Z","volume":10000,"label":" ","price":3.96},{"type":"B","date":"2018-04-18T05:30:32.000Z","volume":2000,"label":" ","price":3.96},{"type":"B","date":"2018-04-18T05:30:32.000Z","volume":2000,"label":"Y","price":3.96},{"type":"B","date":"2018-04-18T05:30:32.000Z","volume":2000,"label":" ","price":3.96},{"type":"A","date":"2018-04-18T05:30:49.000Z","volume":6000,"label":" ","price":3.96},{"type":"B","date":"2018-04-18T05:31:17.000Z","volume":4000,"label":" ","price":3.95},{"type":"B","date":"2018-04-18T05:31:17.000Z","volume":10000,"label":" ","price":3.95},{"type":"B","date":"2018-04-18T05:31:17.000Z","volume":2000,"label":" ","price":3.95},{"type":"B","date":"2018-04-18T05:31:17.000Z","volume":8000,"label":" ","price":3.95},{"type":"B","date":"2018-04-18T05:31:17.000Z","volume":2000,"label":"Y","price":3.95},{"type":"B","date":"2018-04-18T05:31:17.000Z","volume":2000,"label":" ","price":3.95},{"type":"A","date":"2018-04-18T05:31:19.000Z","volume":2000,"label":" ","price":3.95},{"type":"B","date":"2018-04-18T05:32:32.000Z","volume":14000,"label":" ","price":3.94},{"type":"B","date":"2018-04-18T05:32:32.000Z","volume":14000,"label":" ","price":3.94},{"type":"A","date":"2018-04-18T05:33:00.000Z","volume":30000,"label":" ","price":3.95},{"type":"A","date":"2018-04-18T05:33:00.000Z","volume":4000,"label":" ","price":3.95},{"type":"A","date":"2018-04-18T05:33:02.000Z","volume":4000,"label":" ","price":3.96},{"type":"A","date":"2018-04-18T05:33:16.000Z","volume":4000,"label":" ","price":3.96},{"type":"B","date":"2018-04-18T05:34:17.000Z","volume":14000,"label":" ","price":3.95},{"type":"B","date":"2018-04-18T05:34:44.000Z","volume":2000,"label":" ","price":3.95},{"type":"B","date":"2018-04-18T05:34:47.000Z","volume":4000,"label":"Y","price":3.95},{"type":"B","date":"2018-04-18T05:34:47.000Z","volume":10000,"label":" ","price":3.95},{"type":"B","date":"2018-04-18T05:34:47.000Z","volume":4000,"label":" ","price":3.95},{"type":"A","date":"2018-04-18T05:34:58.000Z","volume":30000,"label":" ","price":3.95},{"type":"B","date":"2018-04-18T05:36:17.000Z","volume":10000,"label":" ","price":3.95},{"type":"B","date":"2018-04-18T05:36:17.000Z","volume":4000,"label":"Y","price":3.95},{"type":"B","date":"2018-04-18T05:36:17.000Z","volume":10000,"label":" ","price":3.95},{"type":"A","date":"2018-04-18T05:36:19.000Z","volume":2000,"label":" ","price":3.96},{"type":"B","date":"2018-04-18T05:37:11.000Z","volume":2000,"label":"Y","price":3.95},{"type":"B","date":"2018-04-18T05:37:11.000Z","volume":12000,"label":" ","price":3.95},{"type":"B","date":"2018-04-18T05:37:11.000Z","volume":10000,"label":" ","price":3.95},{"type":"B","date":"2018-04-18T05:38:02.000Z","volume":16000,"label":" ","price":3.94},{"type":"A","date":"2018-04-18T05:38:04.000Z","volume":2000,"label":" ","price":3.96},{"type":"B","date":"2018-04-18T05:38:32.000Z","volume":4000,"label":"Y","price":3.95},{"type":"B","date":"2018-04-18T05:38:32.000Z","volume":12000,"label":" ","price":3.95},{"type":"A","date":"2018-04-18T05:38:32.000Z","volume":8000,"label":" ","price":3.95},{"type":"A","date":"2018-04-18T05:38:33.000Z","volume":2000,"label":" ","price":3.95},{"type":"A","date":"2018-04-18T05:39:02.000Z","volume":4000,"label":" ","price":3.95},{"type":"B","date":"2018-04-18T05:39:26.000Z","volume":14000,"label":" ","price":3.94},{"type":"A","date":"2018-04-18T05:39:28.000Z","volume":2000,"label":" ","price":3.95},{"type":"A","date":"2018-04-18T05:39:39.000Z","volume":2000,"label":" ","price":3.95},{"type":"B","date":"2018-04-18T05:39:56.000Z","volume":14000,"label":" ","price":3.94},{"type":"A","date":"2018-04-18T05:40:10.000Z","volume":6000,"label":"Y","price":3.95},{"type":"A","date":"2018-04-18T05:40:10.000Z","volume":2000,"label":" ","price":3.95},{"type":"A","date":"2018-04-18T05:40:19.000Z","volume":2000,"label":" ","price":3.95},{"type":"A","date":"2018-04-18T05:40:24.000Z","volume":4000,"label":" ","price":3.95},{"type":"A","date":"2018-04-18T05:40:24.000Z","volume":14000,"label":" ","price":3.95},{"type":"A","date":"2018-04-18T05:40:26.000Z","volume":2000,"label":" ","price":3.96},{"type":"B","date":"2018-04-18T05:41:17.000Z","volume":12000,"label":" ","price":3.95},{"type":"B","date":"2018-04-18T05:41:17.000Z","volume":22000,"label":" ","price":3.95},{"type":"B","date":"2018-04-18T05:41:32.000Z","volume":4000,"label":" ","price":3.95},{"type":"A","date":"2018-04-18T05:41:36.000Z","volume":14000,"label":" ","price":3.95},{"type":"B","date":"2018-04-18T05:41:37.000Z","volume":4000,"label":" ","price":3.95},{"type":"A","date":"2018-04-18T05:41:37.000Z","volume":4000,"label":" ","price":3.95},{"type":"B","date":"2018-04-18T05:42:02.000Z","volume":4000,"label":" ","price":3.95},{"type":"A","date":"2018-04-18T05:42:08.000Z","volume":4000,"label":" ","price":3.95},{"type":"B","date":"2018-04-18T05:42:08.000Z","volume":12000,"label":" ","price":3.95},{"type":"B","date":"2018-04-18T05:42:08.000Z","volume":18000,"label":" ","price":3.94},{"type":"A","date":"2018-04-18T05:42:11.000Z","volume":2000,"label":" ","price":3.97},{"type":"B","date":"2018-04-18T05:43:56.000Z","volume":12000,"label":" ","price":3.94},{"type":"B","date":"2018-04-18T05:44:26.000Z","volume":12000,"label":" ","price":3.95},{"type":"A","date":"2018-04-18T05:44:32.000Z","volume":6000,"label":" ","price":3.96},{"type":"B","date":"2018-04-18T05:44:47.000Z","volume":4000,"label":" ","price":3.96},{"type":"A","date":"2018-04-18T05:45:06.000Z","volume":4000,"label":" ","price":3.96},{"type":"A","date":"2018-04-18T05:45:06.000Z","volume":2000,"label":" ","price":3.96},{"type":"A","date":"2018-04-18T05:45:24.000Z","volume":2000,"label":"Y","price":3.96},{"type":"B","date":"2018-04-18T05:45:32.000Z","volume":8000,"label":" ","price":3.95},{"type":"B","date":"2018-04-18T05:45:32.000Z","volume":10000,"label":" ","price":3.95},{"type":"B","date":"2018-04-18T05:45:32.000Z","volume":12000,"label":" ","price":3.95},{"type":"A","date":"2018-04-18T05:45:34.000Z","volume":2000,"label":" ","price":3.96},{"type":"A","date":"2018-04-18T05:45:36.000Z","volume":10000,"label":" ","price":3.97},{"type":"A","date":"2018-04-18T05:45:36.000Z","volume":8000,"label":" ","price":3.97},{"type":"B","date":"2018-04-18T05:45:47.000Z","volume":6000,"label":" ","price":3.96},{"type":"A","date":"2018-04-18T05:46:12.000Z","volume":4000,"label":" ","price":3.96},{"type":"A","date":"2018-04-18T05:46:29.000Z","volume":2000,"label":" ","price":3.96},{"type":"B","date":"2018-04-18T05:47:32.000Z","volume":10000,"label":" ","price":3.95},{"type":"B","date":"2018-04-18T05:47:32.000Z","volume":10000,"label":" ","price":3.95},{"type":"B","date":"2018-04-18T05:47:32.000Z","volume":10000,"label":" ","price":3.95},{"type":"A","date":"2018-04-18T05:48:24.000Z","volume":20000,"label":" ","price":3.96},{"type":"A","date":"2018-04-18T05:48:26.000Z","volume":2000,"label":" ","price":3.96},{"type":"A","date":"2018-04-18T05:48:32.000Z","volume":8000,"label":" ","price":3.96},{"type":"A","date":"2018-04-18T05:49:39.000Z","volume":8000,"label":" ","price":3.96},{"type":"B","date":"2018-04-18T05:50:17.000Z","volume":10000,"label":" ","price":3.95},{"type":"B","date":"2018-04-18T05:50:17.000Z","volume":16000,"label":" ","price":3.95},{"type":"A","date":"2018-04-18T05:50:19.000Z","volume":2000,"label":" ","price":3.97},{"type":"B","date":"2018-04-18T05:51:32.000Z","volume":6000,"label":" ","price":3.96},{"type":"B","date":"2018-04-18T05:51:32.000Z","volume":2000,"label":"Y","price":3.96},{"type":"B","date":"2018-04-18T05:51:32.000Z","volume":4000,"label":" ","price":3.96},{"type":"B","date":"2018-04-18T05:51:32.000Z","volume":2000,"label":" ","price":3.96},{"type":"B","date":"2018-04-18T05:52:11.000Z","volume":8000,"label":" ","price":3.95},{"type":"B","date":"2018-04-18T05:52:11.000Z","volume":8000,"label":" ","price":3.95},{"type":"B","date":"2018-04-18T05:53:02.000Z","volume":10000,"label":" ","price":3.95},{"type":"B","date":"2018-04-18T05:53:02.000Z","volume":10000,"label":" ","price":3.95},{"type":"A","date":"2018-04-18T05:53:03.000Z","volume":2000,"label":" ","price":3.96},{"type":"A","date":"2018-04-18T05:53:04.000Z","volume":2000,"label":" ","price":3.96},{"type":"B","date":"2018-04-18T05:53:10.000Z","volume":86000,"label":" ","price":3.95},{"type":"B","date":"2018-04-18T05:53:34.000Z","volume":86000,"label":" ","price":3.94},{"type":"B","date":"2018-04-18T05:53:47.000Z","volume":10000,"label":" ","price":3.93},{"type":"A","date":"2018-04-18T05:53:54.000Z","volume":4000,"label":" ","price":3.94},{"type":"B","date":"2018-04-18T05:54:06.000Z","volume":12000,"label":" ","price":3.93},{"type":"B","date":"2018-04-18T05:54:17.000Z","volume":8000,"label":" ","price":3.93},{"type":"B","date":"2018-04-18T05:54:17.000Z","volume":10000,"label":" ","price":3.93},{"type":"A","date":"2018-04-18T05:54:17.000Z","volume":8000,"label":" ","price":3.94},{"type":"A","date":"2018-04-18T05:54:26.000Z","volume":2000,"label":" ","price":3.94},{"type":"A","date":"2018-04-18T05:54:26.000Z","volume":8000,"label":" ","price":3.94},{"type":"B","date":"2018-04-18T05:55:11.000Z","volume":12000,"label":" ","price":3.93},{"type":"A","date":"2018-04-18T05:55:14.000Z","volume":2000,"label":" ","price":3.95},{"type":"A","date":"2018-04-18T05:55:18.000Z","volume":28000,"label":" ","price":3.95},{"type":"B","date":"2018-04-18T05:56:17.000Z","volume":2000,"label":"Y","price":3.94},{"type":"B","date":"2018-04-18T05:56:17.000Z","volume":6000,"label":" ","price":3.94},{"type":"B","date":"2018-04-18T05:56:17.000Z","volume":2000,"label":"Y","price":3.94},{"type":"B","date":"2018-04-18T05:56:17.000Z","volume":6000,"label":" ","price":3.94},{"type":"A","date":"2018-04-18T05:56:20.000Z","volume":2000,"label":" ","price":3.96},{"type":"A","date":"2018-04-18T05:56:53.000Z","volume":8000,"label":" ","price":3.96},{"type":"A","date":"2018-04-18T05:56:53.000Z","volume":14000,"label":" ","price":3.96},{"type":"B","date":"2018-04-18T05:57:17.000Z","volume":16000,"label":" ","price":3.95},{"type":"A","date":"2018-04-18T05:57:18.000Z","volume":2000,"label":"Y","price":3.96},{"type":"A","date":"2018-04-18T05:57:32.000Z","volume":6000,"label":"Y","price":3.96},{"type":"A","date":"2018-04-18T05:57:34.000Z","volume":2000,"label":" ","price":3.96},{"type":"B","date":"2018-04-18T05:58:02.000Z","volume":12000,"label":" ","price":3.95},{"type":"B","date":"2018-04-18T05:58:02.000Z","volume":22000,"label":" ","price":3.95},{"type":"B","date":"2018-04-18T05:59:02.000Z","volume":2000,"label":" ","price":3.95},{"type":"B","date":"2018-04-18T05:59:02.000Z","volume":14000,"label":" ","price":3.95},{"type":"A","date":"2018-04-18T05:59:04.000Z","volume":2000,"label":" ","price":3.96},{"type":"B","date":"2018-04-18T05:59:15.000Z","volume":6000,"label":" ","price":3.95},{"type":"B","date":"2018-04-18T05:59:15.000Z","volume":92000,"label":" ","price":3.94},{"type":"B","date":"2018-04-18T05:59:15.000Z","volume":2000,"label":" ","price":3.94},{"type":"A","date":"2018-04-18T05:59:15.000Z","volume":10000,"label":" ","price":3.94},{"type":"A","date":"2018-04-18T05:59:18.000Z","volume":2000,"label":" ","price":3.94},{"type":"B","date":"2018-04-18T05:59:32.000Z","volume":6000,"label":" ","price":3.93},{"type":"B","date":"2018-04-18T05:59:32.000Z","volume":2000,"label":" ","price":3.93},{"type":"B","date":"2018-04-18T05:59:32.000Z","volume":18000,"label":" ","price":3.93},{"type":"B","date":"2018-04-18T06:00:01.000Z","volume":26000,"label":" ","price":3.93},{"type":"A","date":"2018-04-18T06:00:01.000Z","volume":12000,"label":" ","price":3.94},{"type":"A","date":"2018-04-18T06:00:03.000Z","volume":4000,"label":" ","price":3.94},{"type":"B","date":"2018-04-18T06:00:26.000Z","volume":8000,"label":" ","price":3.93},{"type":"B","date":"2018-04-18T06:00:32.000Z","volume":10000,"label":" ","price":3.93},{"type":"B","date":"2018-04-18T06:00:32.000Z","volume":12000,"label":" ","price":3.93},{"type":"B","date":"2018-04-18T06:01:02.000Z","volume":72000,"label":" ","price":3.93},{"type":"A","date":"2018-04-18T06:01:05.000Z","volume":4000,"label":" ","price":3.94},{"type":"B","date":"2018-04-18T06:01:11.000Z","volume":10000,"label":" ","price":3.93},{"type":"B","date":"2018-04-18T06:01:24.000Z","volume":26000,"label":" ","price":3.93},{"type":"B","date":"2018-04-18T06:01:32.000Z","volume":2000,"label":" ","price":3.93},{"type":"B","date":"2018-04-18T06:01:32.000Z","volume":8000,"label":" ","price":3.93},{"type":"B","date":"2018-04-18T06:01:32.000Z","volume":10000,"label":" ","price":3.93},{"type":"B","date":"2018-04-18T06:02:02.000Z","volume":6000,"label":" ","price":3.93},{"type":"B","date":"2018-04-18T06:02:02.000Z","volume":8000,"label":" ","price":3.93},{"type":"B","date":"2018-04-18T06:02:02.000Z","volume":12000,"label":" ","price":3.93},{"type":"A","date":"2018-04-18T06:02:04.000Z","volume":2000,"label":" ","price":3.94},{"type":"B","date":"2018-04-18T06:02:47.000Z","volume":4000,"label":" ","price":3.93},{"type":"B","date":"2018-04-18T06:02:47.000Z","volume":6000,"label":" ","price":3.93},{"type":"B","date":"2018-04-18T06:02:47.000Z","volume":10000,"label":" ","price":3.93},{"type":"B","date":"2018-04-18T06:03:17.000Z","volume":14000,"label":" ","price":3.93},{"type":"A","date":"2018-04-18T06:03:19.000Z","volume":2000,"label":" ","price":3.94},{"type":"B","date":"2018-04-18T06:03:47.000Z","volume":2000,"label":"Y","price":3.93},{"type":"B","date":"2018-04-18T06:03:47.000Z","volume":6000,"label":" ","price":3.93},{"type":"B","date":"2018-04-18T06:03:47.000Z","volume":8000,"label":"Y","price":3.93},{"type":"B","date":"2018-04-18T06:03:47.000Z","volume":2000,"label":" ","price":3.93},{"type":"B","date":"2018-04-18T06:04:17.000Z","volume":8000,"label":" ","price":3.93},{"type":"B","date":"2018-04-18T06:04:17.000Z","volume":2000,"label":" ","price":3.93},{"type":"B","date":"2018-04-18T06:04:17.000Z","volume":8000,"label":" ","price":3.93},{"type":"A","date":"2018-04-18T06:04:22.000Z","volume":10000,"label":" ","price":3.94},{"type":"B","date":"2018-04-18T06:04:56.000Z","volume":2000,"label":"Y","price":3.93},{"type":"B","date":"2018-04-18T06:04:56.000Z","volume":16000,"label":" ","price":3.93},{"type":"B","date":"2018-04-18T06:05:32.000Z","volume":2000,"label":" ","price":3.93},{"type":"B","date":"2018-04-18T06:05:32.000Z","volume":4000,"label":" ","price":3.93},{"type":"B","date":"2018-04-18T06:05:32.000Z","volume":6000,"label":" ","price":3.93},{"type":"B","date":"2018-04-18T06:05:32.000Z","volume":6000,"label":" ","price":3.93},{"type":"A","date":"2018-04-18T06:05:54.000Z","volume":2000,"label":" ","price":3.94},{"type":"A","date":"2018-04-18T06:06:00.000Z","volume":20000,"label":" ","price":3.94},{"type":"A","date":"2018-04-18T06:06:00.000Z","volume":12000,"label":" ","price":3.95},{"type":"B","date":"2018-04-18T06:06:00.000Z","volume":10000,"label":" ","price":3.94},{"type":"B","date":"2018-04-18T06:06:00.000Z","volume":4000,"label":" ","price":3.94},{"type":"B","date":"2018-04-18T06:07:17.000Z","volume":2000,"label":" ","price":3.94},{"type":"B","date":"2018-04-18T06:07:17.000Z","volume":10000,"label":" ","price":3.94},{"type":"A","date":"2018-04-18T06:07:32.000Z","volume":4000,"label":"Y","price":3.95},{"type":"A","date":"2018-04-18T06:07:32.000Z","volume":6000,"label":" ","price":3.95},{"type":"B","date":"2018-04-18T06:07:32.000Z","volume":2000,"label":" ","price":3.95},{"type":"B","date":"2018-04-18T06:08:11.000Z","volume":12000,"label":" ","price":3.94},{"type":"B","date":"2018-04-18T06:08:47.000Z","volume":14000,"label":" ","price":3.94},{"type":"B","date":"2018-04-18T06:08:47.000Z","volume":10000,"label":" ","price":3.94},{"type":"A","date":"2018-04-18T06:08:48.000Z","volume":4000,"label":"Y","price":3.95},{"type":"A","date":"2018-04-18T06:08:49.000Z","volume":2000,"label":" ","price":3.95},{"type":"B","date":"2018-04-18T06:09:19.000Z","volume":40000,"label":" ","price":3.94},{"type":"B","date":"2018-04-18T06:10:17.000Z","volume":12000,"label":" ","price":3.94},{"type":"B","date":"2018-04-18T06:10:17.000Z","volume":12000,"label":" ","price":3.94},{"type":"A","date":"2018-04-18T06:10:24.000Z","volume":2000,"label":" ","price":3.95},{"type":"A","date":"2018-04-18T06:11:21.000Z","volume":40000,"label":" ","price":3.95},{"type":"A","date":"2018-04-18T06:11:24.000Z","volume":2000,"label":" ","price":3.95},{"type":"A","date":"2018-04-18T06:12:19.000Z","volume":4000,"label":" ","price":3.95},{"type":"A","date":"2018-04-18T06:12:19.000Z","volume":8000,"label":" ","price":3.95},{"type":"B","date":"2018-04-18T06:13:32.000Z","volume":8000,"label":" ","price":3.94},{"type":"B","date":"2018-04-18T06:13:32.000Z","volume":8000,"label":" ","price":3.94},{"type":"B","date":"2018-04-18T06:14:32.000Z","volume":12000,"label":" ","price":3.94},{"type":"B","date":"2018-04-18T06:14:32.000Z","volume":8000,"label":" ","price":3.94},{"type":"A","date":"2018-04-18T06:14:34.000Z","volume":2000,"label":" ","price":3.96},{"type":"B","date":"2018-04-18T06:15:47.000Z","volume":10000,"label":" ","price":3.95},{"type":"B","date":"2018-04-18T06:15:47.000Z","volume":2000,"label":"Y","price":3.95},{"type":"B","date":"2018-04-18T06:15:47.000Z","volume":8000,"label":" ","price":3.95},{"type":"B","date":"2018-04-18T06:15:47.000Z","volume":8000,"label":"Y","price":3.95},{"type":"B","date":"2018-04-18T06:15:47.000Z","volume":2000,"label":"Y","price":3.95},{"type":"B","date":"2018-04-18T06:15:47.000Z","volume":4000,"label":" ","price":3.95},{"type":"B","date":"2018-04-18T06:17:41.000Z","volume":12000,"label":" ","price":3.94},{"type":"A","date":"2018-04-18T06:17:43.000Z","volume":2000,"label":" ","price":3.95},{"type":"B","date":"2018-04-18T06:18:32.000Z","volume":10000,"label":" ","price":3.94},{"type":"B","date":"2018-04-18T06:18:32.000Z","volume":10000,"label":" ","price":3.94},{"type":"B","date":"2018-04-18T06:19:14.000Z","volume":86000,"label":" ","price":3.94},{"type":"B","date":"2018-04-18T06:19:14.000Z","volume":72000,"label":" ","price":3.93},{"type":"A","date":"2018-04-18T06:19:17.000Z","volume":6000,"label":" ","price":3.95},{"type":"B","date":"2018-04-18T06:19:56.000Z","volume":10000,"label":" ","price":3.93},{"type":"B","date":"2018-04-18T06:20:32.000Z","volume":8000,"label":" ","price":3.93},{"type":"B","date":"2018-04-18T06:20:56.000Z","volume":8000,"label":"Y","price":3.93},{"type":"B","date":"2018-04-18T06:20:56.000Z","volume":2000,"label":" ","price":3.93},{"type":"B","date":"2018-04-18T06:21:32.000Z","volume":4000,"label":"Y","price":3.93},{"type":"B","date":"2018-04-18T06:21:32.000Z","volume":6000,"label":" ","price":3.93},{"type":"B","date":"2018-04-18T06:22:17.000Z","volume":10000,"label":" ","price":3.93},{"type":"B","date":"2018-04-18T06:22:17.000Z","volume":2000,"label":" ","price":3.93},{"type":"B","date":"2018-04-18T06:22:17.000Z","volume":8000,"label":" ","price":3.93},{"type":"B","date":"2018-04-18T06:22:17.000Z","volume":10000,"label":" ","price":3.93},{"type":"B","date":"2018-04-18T06:22:17.000Z","volume":2000,"label":" ","price":3.93},{"type":"A","date":"2018-04-18T06:22:23.000Z","volume":24000,"label":" ","price":3.93},{"type":"B","date":"2018-04-18T06:24:47.000Z","volume":14000,"label":" ","price":3.93},{"type":"A","date":"2018-04-18T06:24:50.000Z","volume":2000,"label":" ","price":3.95},{"type":"B","date":"2018-04-18T06:25:47.000Z","volume":10000,"label":" ","price":3.93},{"type":"A","date":"2018-04-18T06:26:02.000Z","volume":6000,"label":"Y","price":3.94},{"type":"A","date":"2018-04-18T06:26:02.000Z","volume":12000,"label":" ","price":3.94},{"type":"B","date":"2018-04-18T06:27:02.000Z","volume":10000,"label":" ","price":3.93},{"type":"B","date":"2018-04-18T06:27:02.000Z","volume":8000,"label":" ","price":3.93},{"type":"A","date":"2018-04-18T06:27:04.000Z","volume":2000,"label":" ","price":3.94},{"type":"B","date":"2018-04-18T06:28:02.000Z","volume":6000,"label":" ","price":3.93},{"type":"B","date":"2018-04-18T06:28:02.000Z","volume":6000,"label":" ","price":3.93},{"type":"B","date":"2018-04-18T06:28:02.000Z","volume":8000,"label":" ","price":3.93},{"type":"A","date":"2018-04-18T06:28:11.000Z","volume":2000,"label":" ","price":3.94},{"type":"B","date":"2018-04-18T06:28:40.000Z","volume":6000,"label":" ","price":3.93},{"type":"A","date":"2018-04-18T06:28:40.000Z","volume":8000,"label":" ","price":3.94},{"type":"A","date":"2018-04-18T06:28:47.000Z","volume":2000,"label":"Y","price":3.94},{"type":"A","date":"2018-04-18T06:28:49.000Z","volume":30000,"label":" ","price":3.94},{"type":"A","date":"2018-04-18T06:28:51.000Z","volume":16000,"label":" ","price":3.95},{"type":"A","date":"2018-04-18T06:28:52.000Z","volume":4000,"label":" ","price":3.95},{"type":"A","date":"2018-04-18T06:29:40.000Z","volume":4000,"label":"Y","price":3.95},{"type":"A","date":"2018-04-18T06:30:40.000Z","volume":6000,"label":"Y","price":3.95},{"type":"A","date":"2018-04-18T06:30:55.000Z","volume":2000,"label":" ","price":3.95},{"type":"B","date":"2018-04-18T06:31:17.000Z","volume":10000,"label":" ","price":3.94},{"type":"B","date":"2018-04-18T06:31:17.000Z","volume":2000,"label":" ","price":3.94},{"type":"B","date":"2018-04-18T06:31:17.000Z","volume":10000,"label":" ","price":3.94},{"type":"B","date":"2018-04-18T06:32:17.000Z","volume":14000,"label":" ","price":3.94},{"type":"B","date":"2018-04-18T06:32:17.000Z","volume":4000,"label":" ","price":3.94},{"type":"A","date":"2018-04-18T06:33:24.000Z","volume":2000,"label":"Y","price":3.95},{"type":"B","date":"2018-04-18T06:33:32.000Z","volume":10000,"label":" ","price":3.94},{"type":"B","date":"2018-04-18T06:33:32.000Z","volume":12000,"label":" ","price":3.94},{"type":"A","date":"2018-04-18T06:33:32.000Z","volume":8000,"label":" ","price":3.95},{"type":"A","date":"2018-04-18T06:33:34.000Z","volume":4000,"label":" ","price":3.95},{"type":"A","date":"2018-04-18T06:34:27.000Z","volume":10000,"label":" ","price":3.95},{"type":"B","date":"2018-04-18T06:35:47.000Z","volume":10000,"label":" ","price":3.94},{"type":"B","date":"2018-04-18T06:35:47.000Z","volume":12000,"label":" ","price":3.94},{"type":"B","date":"2018-04-18T06:35:47.000Z","volume":10000,"label":" ","price":3.94},{"type":"B","date":"2018-04-18T06:37:17.000Z","volume":10000,"label":" ","price":3.94},{"type":"B","date":"2018-04-18T06:37:17.000Z","volume":10000,"label":" ","price":3.94},{"type":"A","date":"2018-04-18T06:37:31.000Z","volume":24000,"label":" ","price":3.95},{"type":"A","date":"2018-04-18T06:37:31.000Z","volume":6000,"label":" ","price":3.95},{"type":"A","date":"2018-04-18T06:37:31.000Z","volume":2000,"label":" ","price":3.95},{"type":"A","date":"2018-04-18T06:37:59.000Z","volume":2000,"label":" ","price":3.96},{"type":"B","date":"2018-04-18T06:39:17.000Z","volume":10000,"label":" ","price":3.95},{"type":"B","date":"2018-04-18T06:39:17.000Z","volume":14000,"label":" ","price":3.95},{"type":"B","date":"2018-04-18T06:40:02.000Z","volume":4000,"label":"Y","price":3.95},{"type":"B","date":"2018-04-18T06:40:02.000Z","volume":2000,"label":" ","price":3.95},{"type":"A","date":"2018-04-18T06:40:13.000Z","volume":4000,"label":" ","price":3.95},{"type":"A","date":"2018-04-18T06:40:15.000Z","volume":10000,"label":" ","price":3.95},{"type":"A","date":"2018-04-18T06:40:15.000Z","volume":8000,"label":" ","price":3.95},{"type":"A","date":"2018-04-18T06:40:38.000Z","volume":12000,"label":" ","price":3.95},{"type":"A","date":"2018-04-18T06:41:10.000Z","volume":4000,"label":"Y","price":3.95},{"type":"A","date":"2018-04-18T06:41:24.000Z","volume":2000,"label":"Y","price":3.95},{"type":"B","date":"2018-04-18T06:41:25.000Z","volume":28000,"label":"Y","price":3.94},{"type":"B","date":"2018-04-18T06:41:25.000Z","volume":22000,"label":" ","price":3.94},{"type":"B","date":"2018-04-18T06:41:26.000Z","volume":6000,"label":"Y","price":3.94},{"type":"B","date":"2018-04-18T06:41:26.000Z","volume":18000,"label":" ","price":3.94},{"type":"B","date":"2018-04-18T06:41:26.000Z","volume":26000,"label":" ","price":3.93},{"type":"B","date":"2018-04-18T06:41:26.000Z","volume":26000,"label":"Y","price":3.93},{"type":"B","date":"2018-04-18T06:41:26.000Z","volume":24000,"label":" ","price":3.93},{"type":"B","date":"2018-04-18T06:41:26.000Z","volume":24000,"label":"Y","price":3.93},{"type":"B","date":"2018-04-18T06:41:26.000Z","volume":26000,"label":" ","price":3.93},{"type":"B","date":"2018-04-18T06:41:27.000Z","volume":38000,"label":"Y","price":3.93},{"type":"B","date":"2018-04-18T06:41:27.000Z","volume":12000,"label":" ","price":3.93},{"type":"B","date":"2018-04-18T06:41:27.000Z","volume":16000,"label":" ","price":3.93},{"type":"A","date":"2018-04-18T06:41:27.000Z","volume":34000,"label":" ","price":3.93},{"type":"A","date":"2018-04-18T06:41:27.000Z","volume":4000,"label":" ","price":3.93},{"type":"A","date":"2018-04-18T06:41:29.000Z","volume":2000,"label":" ","price":3.93},{"type":"A","date":"2018-04-18T06:41:35.000Z","volume":48000,"label":" ","price":3.93},{"type":"A","date":"2018-04-18T06:41:35.000Z","volume":22000,"label":" ","price":3.93},{"type":"A","date":"2018-04-18T06:41:37.000Z","volume":2000,"label":" ","price":3.93},{"type":"A","date":"2018-04-18T06:41:51.000Z","volume":10000,"label":" ","price":3.93},{"type":"A","date":"2018-04-18T06:42:06.000Z","volume":10000,"label":" ","price":3.93},{"type":"B","date":"2018-04-18T06:42:28.000Z","volume":22000,"label":" ","price":3.92},{"type":"B","date":"2018-04-18T06:42:28.000Z","volume":28000,"label":" ","price":3.92},{"type":"A","date":"2018-04-18T06:42:28.000Z","volume":12000,"label":" ","price":3.93},{"type":"B","date":"2018-04-18T06:42:29.000Z","volume":32000,"label":" ","price":3.92},{"type":"B","date":"2018-04-18T06:42:29.000Z","volume":18000,"label":" ","price":3.92},{"type":"A","date":"2018-04-18T06:42:32.000Z","volume":2000,"label":"Y","price":3.92},{"type":"A","date":"2018-04-18T06:42:32.000Z","volume":40000,"label":" ","price":3.92},{"type":"A","date":"2018-04-18T06:43:32.000Z","volume":4000,"label":" ","price":3.93},{"type":"A","date":"2018-04-18T06:43:34.000Z","volume":2000,"label":" ","price":3.93},{"type":"B","date":"2018-04-18T06:43:56.000Z","volume":10000,"label":" ","price":3.92},{"type":"A","date":"2018-04-18T06:44:10.000Z","volume":4000,"label":"Y","price":3.93},{"type":"A","date":"2018-04-18T06:44:12.000Z","volume":8000,"label":" ","price":3.93},{"type":"B","date":"2018-04-18T06:44:12.000Z","volume":4000,"label":" ","price":3.93},{"type":"B","date":"2018-04-18T06:44:12.000Z","volume":2000,"label":" ","price":3.93},{"type":"B","date":"2018-04-18T06:44:47.000Z","volume":14000,"label":" ","price":3.92},{"type":"A","date":"2018-04-18T06:44:52.000Z","volume":12000,"label":" ","price":3.94},{"type":"A","date":"2018-04-18T06:44:55.000Z","volume":2000,"label":" ","price":3.94},{"type":"A","date":"2018-04-18T06:45:10.000Z","volume":8000,"label":"Y","price":3.94},{"type":"A","date":"2018-04-18T06:45:17.000Z","volume":2000,"label":" ","price":3.94},{"type":"B","date":"2018-04-18T06:46:17.000Z","volume":14000,"label":" ","price":3.93},{"type":"B","date":"2018-04-18T06:46:17.000Z","volume":14000,"label":" ","price":3.93},{"type":"B","date":"2018-04-18T06:47:17.000Z","volume":14000,"label":" ","price":3.93},{"type":"A","date":"2018-04-18T06:47:19.000Z","volume":2000,"label":" ","price":3.94},{"type":"B","date":"2018-04-18T06:48:02.000Z","volume":14000,"label":" ","price":3.93},{"type":"B","date":"2018-04-18T06:48:02.000Z","volume":12000,"label":" ","price":3.93},{"type":"A","date":"2018-04-18T06:48:02.000Z","volume":8000,"label":" ","price":3.94},{"type":"A","date":"2018-04-18T06:48:11.000Z","volume":8000,"label":" ","price":3.94},{"type":"A","date":"2018-04-18T06:48:14.000Z","volume":2000,"label":" ","price":3.94},{"type":"B","date":"2018-04-18T06:49:02.000Z","volume":14000,"label":" ","price":3.93},{"type":"B","date":"2018-04-18T06:49:02.000Z","volume":2000,"label":"Y","price":3.93},{"type":"B","date":"2018-04-18T06:49:02.000Z","volume":8000,"label":" ","price":3.93},{"type":"A","date":"2018-04-18T06:49:17.000Z","volume":2000,"label":" ","price":3.94},{"type":"B","date":"2018-04-18T06:50:17.000Z","volume":6000,"label":"Y","price":3.93},{"type":"B","date":"2018-04-18T06:50:17.000Z","volume":8000,"label":" ","price":3.93},{"type":"B","date":"2018-04-18T06:50:17.000Z","volume":10000,"label":" ","price":3.93},{"type":"B","date":"2018-04-18T06:51:17.000Z","volume":10000,"label":" ","price":3.93},{"type":"B","date":"2018-04-18T06:51:17.000Z","volume":10000,"label":" ","price":3.93},{"type":"B","date":"2018-04-18T06:52:32.000Z","volume":4000,"label":"Y","price":3.93},{"type":"B","date":"2018-04-18T06:52:32.000Z","volume":10000,"label":" ","price":3.93},{"type":"B","date":"2018-04-18T06:52:32.000Z","volume":2000,"label":"Y","price":3.93},{"type":"B","date":"2018-04-18T06:52:32.000Z","volume":12000,"label":" ","price":3.93},{"type":"A","date":"2018-04-18T06:53:04.000Z","volume":10000,"label":" ","price":3.94},{"type":"A","date":"2018-04-18T06:54:04.000Z","volume":28000,"label":" ","price":3.94},{"type":"A","date":"2018-04-18T06:54:04.000Z","volume":18000,"label":" ","price":3.95},{"type":"A","date":"2018-04-18T06:54:04.000Z","volume":8000,"label":" ","price":3.94},{"type":"A","date":"2018-04-18T06:54:06.000Z","volume":2000,"label":" ","price":3.94},{"type":"A","date":"2018-04-18T06:54:19.000Z","volume":4000,"label":" ","price":3.94},{"type":"A","date":"2018-04-18T06:54:52.000Z","volume":10000,"label":" ","price":3.95},{"type":"A","date":"2018-04-18T06:55:20.000Z","volume":10000,"label":" ","price":3.95},{"type":"A","date":"2018-04-18T06:55:20.000Z","volume":6000,"label":" ","price":3.95},{"type":"A","date":"2018-04-18T06:55:24.000Z","volume":2000,"label":" ","price":3.96},{"type":"A","date":"2018-04-18T06:55:41.000Z","volume":2000,"label":" ","price":3.96},{"type":"B","date":"2018-04-18T06:57:32.000Z","volume":4000,"label":" ","price":3.95},{"type":"B","date":"2018-04-18T06:57:32.000Z","volume":4000,"label":" ","price":3.95},{"type":"B","date":"2018-04-18T06:57:32.000Z","volume":16000,"label":" ","price":3.95},{"type":"B","date":"2018-04-18T06:57:32.000Z","volume":2000,"label":" ","price":3.95},{"type":"A","date":"2018-04-18T06:57:53.000Z","volume":20000,"label":" ","price":3.95},{"type":"A","date":"2018-04-18T06:57:56.000Z","volume":2000,"label":" ","price":3.95},{"type":"A","date":"2018-04-18T07:00:24.000Z","volume":2000,"label":"Y","price":3.95},{"type":"B","date":"2018-04-18T07:00:32.000Z","volume":12000,"label":" ","price":3.94},{"type":"B","date":"2018-04-18T07:00:32.000Z","volume":10000,"label":" ","price":3.94},{"type":"A","date":"2018-04-18T07:01:13.000Z","volume":2000,"label":" ","price":3.95},{"type":"B","date":"2018-04-18T07:01:47.000Z","volume":14000,"label":" ","price":3.94},{"type":"B","date":"2018-04-18T07:01:47.000Z","volume":4000,"label":" ","price":3.94},{"type":"B","date":"2018-04-18T07:01:47.000Z","volume":6000,"label":" ","price":3.94},{"type":"A","date":"2018-04-18T07:01:49.000Z","volume":2000,"label":" ","price":3.95},{"type":"A","date":"2018-04-18T07:02:23.000Z","volume":6000,"label":" ","price":3.95},{"type":"B","date":"2018-04-18T07:03:02.000Z","volume":12000,"label":" ","price":3.94},{"type":"B","date":"2018-04-18T07:03:02.000Z","volume":2000,"label":" ","price":3.94},{"type":"B","date":"2018-04-18T07:03:02.000Z","volume":12000,"label":" ","price":3.94},{"type":"B","date":"2018-04-18T07:04:26.000Z","volume":12000,"label":" ","price":3.94},{"type":"B","date":"2018-04-18T07:05:02.000Z","volume":10000,"label":" ","price":3.94},{"type":"B","date":"2018-04-18T07:05:02.000Z","volume":10000,"label":" ","price":3.94},{"type":"A","date":"2018-04-18T07:05:21.000Z","volume":6000,"label":" ","price":3.95},{"type":"B","date":"2018-04-18T07:06:02.000Z","volume":16000,"label":" ","price":3.94},{"type":"B","date":"2018-04-18T07:06:02.000Z","volume":14000,"label":" ","price":3.94},{"type":"B","date":"2018-04-18T07:07:17.000Z","volume":12000,"label":" ","price":3.94},{"type":"B","date":"2018-04-18T07:07:17.000Z","volume":12000,"label":" ","price":3.94},{"type":"B","date":"2018-04-18T07:08:17.000Z","volume":14000,"label":" ","price":3.94},{"type":"B","date":"2018-04-18T07:08:17.000Z","volume":2000,"label":"Y","price":3.94},{"type":"B","date":"2018-04-18T07:08:17.000Z","volume":2000,"label":" ","price":3.94},{"type":"B","date":"2018-04-18T07:08:17.000Z","volume":4000,"label":"Y","price":3.94},{"type":"B","date":"2018-04-18T07:08:17.000Z","volume":6000,"label":" ","price":3.94},{"type":"B","date":"2018-04-18T07:08:17.000Z","volume":6000,"label":"Y","price":3.94},{"type":"B","date":"2018-04-18T07:08:17.000Z","volume":6000,"label":" ","price":3.94},{"type":"B","date":"2018-04-18T07:08:17.000Z","volume":2000,"label":" ","price":3.94},{"type":"B","date":"2018-04-18T07:08:17.000Z","volume":2000,"label":" ","price":3.94},{"type":"B","date":"2018-04-18T07:08:17.000Z","volume":2000,"label":" ","price":3.94},{"type":"B","date":"2018-04-18T07:08:17.000Z","volume":4000,"label":" ","price":3.94},{"type":"B","date":"2018-04-18T07:08:32.000Z","volume":4000,"label":" ","price":3.94},{"type":"B","date":"2018-04-18T07:08:32.000Z","volume":8000,"label":" ","price":3.94},{"type":"A","date":"2018-04-18T07:08:38.000Z","volume":2000,"label":" ","price":3.95},{"type":"B","date":"2018-04-18T07:08:41.000Z","volume":10000,"label":" ","price":3.94},{"type":"A","date":"2018-04-18T07:08:43.000Z","volume":2000,"label":" ","price":3.95},{"type":"B","date":"2018-04-18T07:09:02.000Z","volume":12000,"label":" ","price":3.94},{"type":"B","date":"2018-04-18T07:09:26.000Z","volume":12000,"label":" ","price":3.94},{"type":"B","date":"2018-04-18T07:11:32.000Z","volume":6000,"label":" ","price":3.93},{"type":"B","date":"2018-04-18T07:11:32.000Z","volume":8000,"label":" ","price":3.93},{"type":"B","date":"2018-04-18T07:12:02.000Z","volume":10000,"label":" ","price":3.93},{"type":"B","date":"2018-04-18T07:12:02.000Z","volume":4000,"label":" ","price":3.93},{"type":"A","date":"2018-04-18T07:12:04.000Z","volume":2000,"label":" ","price":3.94},{"type":"B","date":"2018-04-18T07:12:47.000Z","volume":14000,"label":" ","price":3.93},{"type":"B","date":"2018-04-18T07:12:47.000Z","volume":6000,"label":"Y","price":3.93},{"type":"B","date":"2018-04-18T07:12:47.000Z","volume":2000,"label":" ","price":3.93},{"type":"B","date":"2018-04-18T07:13:41.000Z","volume":8000,"label":"Y","price":3.93},{"type":"B","date":"2018-04-18T07:13:41.000Z","volume":8000,"label":" ","price":3.93},{"type":"B","date":"2018-04-18T07:14:17.000Z","volume":14000,"label":" ","price":3.93},{"type":"B","date":"2018-04-18T07:14:17.000Z","volume":6000,"label":" ","price":3.93},{"type":"B","date":"2018-04-18T07:14:17.000Z","volume":12000,"label":" ","price":3.93},{"type":"B","date":"2018-04-18T07:14:17.000Z","volume":4000,"label":" ","price":3.93},{"type":"B","date":"2018-04-18T07:14:17.000Z","volume":6000,"label":"Y","price":3.93},{"type":"B","date":"2018-04-18T07:14:17.000Z","volume":2000,"label":" ","price":3.93},{"type":"A","date":"2018-04-18T07:15:11.000Z","volume":8000,"label":" ","price":3.93},{"type":"B","date":"2018-04-18T07:16:32.000Z","volume":14000,"label":" ","price":3.92},{"type":"A","date":"2018-04-18T07:16:46.000Z","volume":10000,"label":" ","price":3.93},{"type":"A","date":"2018-04-18T07:17:18.000Z","volume":46000,"label":" ","price":3.93},{"type":"B","date":"2018-04-18T07:17:18.000Z","volume":12000,"label":" ","price":3.93},{"type":"B","date":"2018-04-18T07:17:18.000Z","volume":8000,"label":" ","price":3.93},{"type":"B","date":"2018-04-18T07:17:18.000Z","volume":6000,"label":" ","price":3.93},{"type":"B","date":"2018-04-18T07:17:18.000Z","volume":8000,"label":" ","price":3.93},{"type":"B","date":"2018-04-18T07:17:18.000Z","volume":6000,"label":" ","price":3.93},{"type":"A","date":"2018-04-18T07:17:18.000Z","volume":4000,"label":" ","price":3.94},{"type":"A","date":"2018-04-18T07:17:20.000Z","volume":2000,"label":" ","price":3.94},{"type":"A","date":"2018-04-18T07:17:28.000Z","volume":4000,"label":" ","price":3.95},{"type":"A","date":"2018-04-18T07:17:30.000Z","volume":14000,"label":"Y","price":3.96},{"type":"A","date":"2018-04-18T07:17:30.000Z","volume":18000,"label":" ","price":3.96},{"type":"A","date":"2018-04-18T07:17:31.000Z","volume":2000,"label":" ","price":3.96},{"type":"A","date":"2018-04-18T07:17:32.000Z","volume":2000,"label":"Y","price":3.96},{"type":"U","date":"2018-04-18T07:17:32.000Z","volume":2000,"label":" ","price":3.95},{"type":"A","date":"2018-04-18T07:17:46.000Z","volume":2000,"label":" ","price":3.96},{"type":"B","date":"2018-04-18T07:20:02.000Z","volume":4000,"label":" ","price":3.95},{"type":"B","date":"2018-04-18T07:20:02.000Z","volume":10000,"label":" ","price":3.95},{"type":"B","date":"2018-04-18T07:20:02.000Z","volume":16000,"label":" ","price":3.95},{"type":"B","date":"2018-04-18T07:21:17.000Z","volume":10000,"label":" ","price":3.95},{"type":"B","date":"2018-04-18T07:21:17.000Z","volume":4000,"label":" ","price":3.95},{"type":"B","date":"2018-04-18T07:21:17.000Z","volume":12000,"label":" ","price":3.95},{"type":"A","date":"2018-04-18T07:21:19.000Z","volume":2000,"label":" ","price":3.96},{"type":"B","date":"2018-04-18T07:22:32.000Z","volume":8000,"label":" ","price":3.95},{"type":"B","date":"2018-04-18T07:22:32.000Z","volume":4000,"label":" ","price":3.95},{"type":"B","date":"2018-04-18T07:22:32.000Z","volume":18000,"label":" ","price":3.95},{"type":"B","date":"2018-04-18T07:23:44.000Z","volume":18000,"label":" ","price":3.95},{"type":"B","date":"2018-04-18T07:23:47.000Z","volume":10000,"label":" ","price":3.95},{"type":"B","date":"2018-04-18T07:23:47.000Z","volume":4000,"label":"Y","price":3.95},{"type":"B","date":"2018-04-18T07:23:47.000Z","volume":4000,"label":" ","price":3.95},{"type":"B","date":"2018-04-18T07:23:47.000Z","volume":10000,"label":" ","price":3.95},{"type":"B","date":"2018-04-18T07:24:41.000Z","volume":18000,"label":" ","price":3.95},{"type":"B","date":"2018-04-18T07:25:32.000Z","volume":6000,"label":"Y","price":3.95},{"type":"B","date":"2018-04-18T07:25:32.000Z","volume":10000,"label":" ","price":3.95},{"type":"B","date":"2018-04-18T07:25:32.000Z","volume":2000,"label":" ","price":3.95},{"type":"B","date":"2018-04-18T07:25:32.000Z","volume":12000,"label":" ","price":3.95},{"type":"B","date":"2018-04-18T07:25:47.000Z","volume":2000,"label":" ","price":3.95},{"type":"B","date":"2018-04-18T07:25:47.000Z","volume":2000,"label":"Y","price":3.95},{"type":"B","date":"2018-04-18T07:25:47.000Z","volume":2000,"label":" ","price":3.95},{"type":"B","date":"2018-04-18T07:25:47.000Z","volume":4000,"label":"Y","price":3.95},{"type":"A","date":"2018-04-18T07:25:49.000Z","volume":2000,"label":" ","price":3.95},{"type":"A","date":"2018-04-18T07:26:00.000Z","volume":2000,"label":" ","price":3.95},{"type":"A","date":"2018-04-18T07:26:00.000Z","volume":8000,"label":" ","price":3.95},{"type":"A","date":"2018-04-18T07:26:22.000Z","volume":2000,"label":" ","price":3.95},{"type":"B","date":"2018-04-18T07:27:26.000Z","volume":18000,"label":" ","price":3.94},{"type":"B","date":"2018-04-18T07:28:17.000Z","volume":18000,"label":" ","price":3.94},{"type":"B","date":"2018-04-18T07:28:17.000Z","volume":18000,"label":" ","price":3.94},{"type":"A","date":"2018-04-18T07:28:19.000Z","volume":2000,"label":" ","price":3.95},{"type":"A","date":"2018-04-18T07:29:00.000Z","volume":22000,"label":" ","price":3.95},{"type":"B","date":"2018-04-18T07:29:47.000Z","volume":14000,"label":" ","price":3.94},{"type":"B","date":"2018-04-18T07:29:47.000Z","volume":6000,"label":" ","price":3.94},{"type":"B","date":"2018-04-18T07:29:47.000Z","volume":12000,"label":" ","price":3.94},{"type":"A","date":"2018-04-18T07:29:47.000Z","volume":8000,"label":" ","price":3.95},{"type":"A","date":"2018-04-18T07:31:18.000Z","volume":6000,"label":" ","price":3.95},{"type":"A","date":"2018-04-18T07:31:32.000Z","volume":10000,"label":" ","price":3.95},{"type":"A","date":"2018-04-18T07:31:34.000Z","volume":2000,"label":" ","price":3.95},{"type":"B","date":"2018-04-18T07:32:02.000Z","volume":18000,"label":" ","price":3.94},{"type":"B","date":"2018-04-18T07:32:02.000Z","volume":16000,"label":" ","price":3.94},{"type":"A","date":"2018-04-18T07:32:17.000Z","volume":2000,"label":" ","price":3.95},{"type":"A","date":"2018-04-18T07:32:17.000Z","volume":2000,"label":"Y","price":3.95},{"type":"B","date":"2018-04-18T07:33:47.000Z","volume":4000,"label":"Y","price":3.94},{"type":"B","date":"2018-04-18T07:33:47.000Z","volume":14000,"label":" ","price":3.94},{"type":"B","date":"2018-04-18T07:33:47.000Z","volume":4000,"label":"Y","price":3.94},{"type":"B","date":"2018-04-18T07:33:47.000Z","volume":16000,"label":" ","price":3.94},{"type":"A","date":"2018-04-18T07:33:49.000Z","volume":4000,"label":" ","price":3.95},{"type":"A","date":"2018-04-18T07:33:49.000Z","volume":8000,"label":" ","price":3.95},{"type":"A","date":"2018-04-18T07:33:58.000Z","volume":4000,"label":" ","price":3.95},{"type":"B","date":"2018-04-18T07:36:17.000Z","volume":16000,"label":" ","price":3.94},{"type":"B","date":"2018-04-18T07:36:17.000Z","volume":4000,"label":" ","price":3.94},{"type":"B","date":"2018-04-18T07:36:17.000Z","volume":16000,"label":" ","price":3.94},{"type":"A","date":"2018-04-18T07:36:36.000Z","volume":6000,"label":" ","price":3.95},{"type":"B","date":"2018-04-18T07:38:17.000Z","volume":24000,"label":" ","price":3.94},{"type":"B","date":"2018-04-18T07:38:17.000Z","volume":16000,"label":" ","price":3.94},{"type":"A","date":"2018-04-18T07:39:08.000Z","volume":6000,"label":" ","price":3.95},{"type":"B","date":"2018-04-18T07:39:47.000Z","volume":18000,"label":" ","price":3.94},{"type":"B","date":"2018-04-18T07:39:47.000Z","volume":18000,"label":" ","price":3.94},{"type":"B","date":"2018-04-18T07:40:03.000Z","volume":2000,"label":" ","price":3.94},{"type":"B","date":"2018-04-18T07:41:03.000Z","volume":2000,"label":" ","price":3.94},{"type":"B","date":"2018-04-18T07:41:17.000Z","volume":20000,"label":" ","price":3.94},{"type":"A","date":"2018-04-18T07:41:51.000Z","volume":4000,"label":" ","price":3.95},{"type":"B","date":"2018-04-18T07:42:17.000Z","volume":8000,"label":"Y","price":3.94},{"type":"B","date":"2018-04-18T07:42:17.000Z","volume":10000,"label":" ","price":3.94},{"type":"B","date":"2018-04-18T07:42:17.000Z","volume":20000,"label":" ","price":3.94},{"type":"A","date":"2018-04-18T07:43:14.000Z","volume":2000,"label":" ","price":3.95},{"type":"A","date":"2018-04-18T07:43:19.000Z","volume":16000,"label":" ","price":3.95},{"type":"B","date":"2018-04-18T07:43:41.000Z","volume":26000,"label":" ","price":3.94},{"type":"A","date":"2018-04-18T07:44:33.000Z","volume":6000,"label":" ","price":3.95},{"type":"B","date":"2018-04-18T07:44:34.000Z","volume":22000,"label":" ","price":3.94},{"type":"A","date":"2018-04-18T07:44:36.000Z","volume":2000,"label":" ","price":3.95},{"type":"B","date":"2018-04-18T07:45:32.000Z","volume":28000,"label":" ","price":3.94},{"type":"B","date":"2018-04-18T07:45:32.000Z","volume":26000,"label":" ","price":3.94},{"type":"B","date":"2018-04-18T07:47:02.000Z","volume":2000,"label":"Y","price":3.94},{"type":"B","date":"2018-04-18T07:47:02.000Z","volume":24000,"label":" ","price":3.94},{"type":"B","date":"2018-04-18T07:47:02.000Z","volume":26000,"label":" ","price":3.94},{"type":"A","date":"2018-04-18T07:47:04.000Z","volume":2000,"label":" ","price":3.95},{"type":"A","date":"2018-04-18T07:47:08.000Z","volume":6000,"label":" ","price":3.95},{"type":"A","date":"2018-04-18T07:47:42.000Z","volume":6000,"label":" ","price":3.95},{"type":"A","date":"2018-04-18T07:48:36.000Z","volume":18000,"label":" ","price":3.95},{"type":"B","date":"2018-04-18T07:48:37.000Z","volume":24000,"label":" ","price":3.94},{"type":"A","date":"2018-04-18T07:48:40.000Z","volume":2000,"label":" ","price":3.95},{"type":"B","date":"2018-04-18T07:48:40.000Z","volume":2000,"label":" ","price":3.94},{"type":"B","date":"2018-04-18T07:49:17.000Z","volume":4000,"label":" ","price":3.94},{"type":"B","date":"2018-04-18T07:49:17.000Z","volume":26000,"label":" ","price":3.94},{"type":"B","date":"2018-04-18T07:49:17.000Z","volume":26000,"label":" ","price":3.94},{"type":"A","date":"2018-04-18T07:49:43.000Z","volume":4000,"label":" ","price":3.95},{"type":"A","date":"2018-04-18T07:49:59.000Z","volume":4000,"label":" ","price":3.95},{"type":"B","date":"2018-04-18T07:50:05.000Z","volume":50000,"label":" ","price":3.94},{"type":"B","date":"2018-04-18T07:50:16.000Z","volume":6000,"label":" ","price":3.94},{"type":"B","date":"2018-04-18T07:50:47.000Z","volume":6000,"label":" ","price":3.94},{"type":"B","date":"2018-04-18T07:50:47.000Z","volume":24000,"label":" ","price":3.94},{"type":"B","date":"2018-04-18T07:50:47.000Z","volume":4000,"label":" ","price":3.94},{"type":"B","date":"2018-04-18T07:50:47.000Z","volume":20000,"label":" ","price":3.94},{"type":"B","date":"2018-04-18T07:51:56.000Z","volume":30000,"label":" ","price":3.94},{"type":"B","date":"2018-04-18T07:52:32.000Z","volume":16000,"label":" ","price":3.94},{"type":"B","date":"2018-04-18T07:52:32.000Z","volume":2000,"label":"Y","price":3.94},{"type":"B","date":"2018-04-18T07:52:32.000Z","volume":18000,"label":" ","price":3.94},{"type":"B","date":"2018-04-18T07:52:32.000Z","volume":16000,"label":" ","price":3.94},{"type":"B","date":"2018-04-18T07:52:32.000Z","volume":12000,"label":"Y","price":3.94},{"type":"B","date":"2018-04-18T07:52:32.000Z","volume":10000,"label":" ","price":3.94},{"type":"B","date":"2018-04-18T07:52:41.000Z","volume":8000,"label":"Y","price":3.93},{"type":"B","date":"2018-04-18T07:52:41.000Z","volume":20000,"label":" ","price":3.93},{"type":"B","date":"2018-04-18T07:52:41.000Z","volume":2000,"label":"Y","price":3.93},{"type":"B","date":"2018-04-18T07:52:41.000Z","volume":2000,"label":" ","price":3.93},{"type":"B","date":"2018-04-18T07:52:41.000Z","volume":16000,"label":" ","price":3.93},{"type":"B","date":"2018-04-18T07:52:41.000Z","volume":2000,"label":" ","price":3.93},{"type":"A","date":"2018-04-18T07:52:44.000Z","volume":2000,"label":" ","price":3.94},{"type":"A","date":"2018-04-18T07:53:04.000Z","volume":42000,"label":" ","price":3.93},{"type":"A","date":"2018-04-18T07:53:45.000Z","volume":44000,"label":" ","price":3.94},{"type":"A","date":"2018-04-18T07:53:48.000Z","volume":4000,"label":" ","price":3.95},{"type":"B","date":"2018-04-18T07:54:02.000Z","volume":18000,"label":" ","price":3.94},{"type":"B","date":"2018-04-18T07:54:02.000Z","volume":2000,"label":"Y","price":3.94},{"type":"A","date":"2018-04-18T07:55:10.000Z","volume":6000,"label":" ","price":3.94},{"type":"A","date":"2018-04-18T07:55:26.000Z","volume":10000,"label":" ","price":3.94},{"type":"A","date":"2018-04-18T07:55:36.000Z","volume":30000,"label":" ","price":3.94},{"type":"A","date":"2018-04-18T07:55:38.000Z","volume":2000,"label":" ","price":3.94},{"type":"B","date":"2018-04-18T07:56:02.000Z","volume":20000,"label":" ","price":3.93},{"type":"B","date":"2018-04-18T07:56:17.000Z","volume":18000,"label":" ","price":3.93},{"type":"B","date":"2018-04-18T07:56:17.000Z","volume":30000,"label":" ","price":3.93},{"type":"A","date":"2018-04-18T07:56:19.000Z","volume":4000,"label":" ","price":3.94},{"type":"A","date":"2018-04-18T07:56:35.000Z","volume":14000,"label":" ","price":3.94},{"type":"A","date":"2018-04-18T07:56:46.000Z","volume":10000,"label":" ","price":3.94},{"type":"A","date":"2018-04-18T07:56:47.000Z","volume":2000,"label":"Y","price":3.94},{"type":"B","date":"2018-04-18T07:57:26.000Z","volume":18000,"label":" ","price":3.93},{"type":"A","date":"2018-04-18T07:57:30.000Z","volume":6000,"label":" ","price":3.94},{"type":"A","date":"2018-04-18T07:57:35.000Z","volume":2000,"label":" ","price":3.94},{"type":"B","date":"2018-04-18T07:57:47.000Z","volume":12000,"label":" ","price":3.93},{"type":"B","date":"2018-04-18T07:57:47.000Z","volume":24000,"label":" ","price":3.93},{"type":"B","date":"2018-04-18T07:57:47.000Z","volume":24000,"label":" ","price":3.93},{"type":"A","date":"2018-04-18T07:57:49.000Z","volume":4000,"label":" ","price":3.94},{"type":"B","date":"2018-04-18T07:58:02.000Z","volume":4000,"label":" ","price":3.93},{"type":"B","date":"2018-04-18T07:58:02.000Z","volume":6000,"label":" ","price":3.93},{"type":"B","date":"2018-04-18T07:58:03.000Z","volume":8000,"label":" ","price":3.93},{"type":"B","date":"2018-04-18T07:58:08.000Z","volume":20000,"label":" ","price":3.93},{"type":"B","date":"2018-04-18T07:58:08.000Z","volume":8000,"label":" ","price":3.93},{"type":"B","date":"2018-04-18T07:58:09.000Z","volume":6000,"label":" ","price":3.93},{"type":"A","date":"2018-04-18T07:58:11.000Z","volume":2000,"label":" ","price":3.94},{"type":"B","date":"2018-04-18T07:58:17.000Z","volume":14000,"label":" ","price":3.93},{"type":"B","date":"2018-04-18T07:58:26.000Z","volume":10000,"label":" ","price":3.93},{"type":"B","date":"2018-04-18T07:58:26.000Z","volume":10000,"label":" ","price":3.93},{"type":"B","date":"2018-04-18T07:58:32.000Z","volume":16000,"label":" ","price":3.93},{"type":"A","date":"2018-04-18T07:58:34.000Z","volume":2000,"label":" ","price":3.94},{"type":"B","date":"2018-04-18T07:58:41.000Z","volume":8000,"label":" ","price":3.93},{"type":"B","date":"2018-04-18T07:58:47.000Z","volume":2000,"label":" ","price":3.93},{"type":"B","date":"2018-04-18T07:58:47.000Z","volume":12000,"label":" ","price":3.93},{"type":"B","date":"2018-04-18T07:58:47.000Z","volume":4000,"label":" ","price":3.93}