[{"type":"B","date":"2018-03-26T01:30:00.000Z","volume":50000,"label":" ","price":0.176},{"type":"A","date":"2018-03-26T02:14:11.000Z","volume":50000,"label":" ","price":0.177},{"type":"A","date":"2018-03-26T02:43:47.000Z","volume":50000,"label":" ","price":0.177},{"type":"B","date":"2018-03-26T02:47:30.000Z","volume":50000,"label":" ","price":0.178},{"type":"B","date":"2018-03-26T02:54:37.000Z","volume":5000,"label":" ","price":0.173},{"type":"B","date":"2018-03-26T03:18:04.000Z","volume":20000,"label":" ","price":0.177},{"type":"B","date":"2018-03-26T03:18:12.000Z","volume":5000,"label":" ","price":0.173},{"type":"A","date":"2018-03-26T03:18:24.000Z","volume":25000,"label":" ","price":0.173},{"type":"A","date":"2018-03-26T03:42:53.000Z","volume":20000,"label":" ","price":0.178},{"type":"B","date":"2018-03-26T03:54:42.000Z","volume":10000,"label":" ","price":0.177},{"type":"A","date":"2018-03-26T03:59:39.000Z","volume":50000,"label":" ","price":0.178},{"type":"B","date":"2018-03-26T03:59:48.000Z","volume":10000,"label":" ","price":0.178},{"type":"A","date":"2018-03-26T07:12:04.000Z","volume":20000,"label":" ","price":0.177},{"type":"B","date":"2018-03-26T07:33:38.000Z","volume":80000,"label":" ","price":0.171},{"type":"A","date":"2018-03-26T07:42:01.000Z","volume":20000,"label":" ","price":0.177},{"type":"A","date":"2018-03-26T07:44:22.000Z","volume":10000,"label":" ","price":0.177},{"type":"A","date":"2018-03-26T07:48:55.000Z","volume":10000,"label":" ","price":0.177},{"type":"A","date":"2018-03-26T07:53:10.000Z","volume":10000,"label":" ","price":0.177},{"type":"A","date":"2018-03-26T07:55:31.000Z","volume":10000,"label":" ","price":0.178},{"type":"A","date":"2018-03-26T07:57:02.000Z","volume":10000,"label":" ","price":0.178},{"type":"A","date":"2018-03-26T07:58:11.000Z","volume":10000,"label":" ","price":0.178},{"type":"B","date":"2018-03-26T07:58:43.000Z","volume":5000,"label":" ","price":0.172},{"type":"A","date":"2018-03-26T07:58:59.000Z","volume":10000,"label":" ","price":0.178},{"type":"A","date":"2018-03-26T07:59:43.000Z","volume":20000,"label":" ","price":0.178}]