[{"type":"U","date":"2018-04-04T01:41:30.000Z","volume":2,"label":"D","price":0.079},{"type":"B","date":"2018-04-04T02:00:06.000Z","volume":110000,"label":" ","price":0.083},{"type":"B","date":"2018-04-04T02:00:06.000Z","volume":90000,"label":" ","price":0.082},{"type":"B","date":"2018-04-04T02:01:42.000Z","volume":90000,"label":" ","price":0.083},{"type":"B","date":"2018-04-04T02:05:41.000Z","volume":10000,"label":" ","price":0.082},{"type":"B","date":"2018-04-04T02:15:38.000Z","volume":10000,"label":" ","price":0.083},{"type":"A","date":"2018-04-04T02:16:09.000Z","volume":100000,"label":" ","price":0.084},{"type":"B","date":"2018-04-04T05:55:29.000Z","volume":40000,"label":" ","price":0.084},{"type":"A","date":"2018-04-04T06:04:37.000Z","volume":80000,"label":" ","price":0.084},{"type":"B","date":"2018-04-04T06:05:23.000Z","volume":400000,"label":" ","price":0.084},{"type":"B","date":"2018-04-04T06:05:23.000Z","volume":280000,"label":" ","price":0.084},{"type":"A","date":"2018-04-04T06:49:05.000Z","volume":810000,"label":" ","price":0.084},{"type":"A","date":"2018-04-04T06:49:05.000Z","volume":190000,"label":" ","price":0.084},{"type":"A","date":"2018-04-04T06:49:05.000Z","volume":10000,"label":" ","price":0.085},{"type":"B","date":"2018-04-04T07:00:42.000Z","volume":100000,"label":" ","price":0.083},{"type":"B","date":"2018-04-04T07:05:55.000Z","volume":570000,"label":" ","price":0.083},{"type":"B","date":"2018-04-04T07:06:50.000Z","volume":100000,"label":" ","price":0.083},{"type":"U","date":"2018-04-04T07:08:47.000Z","volume":6224,"label":"D","price":0.077},{"type":"B","date":"2018-04-04T07:12:44.000Z","volume":10000,"label":" ","price":0.083},{"type":"A","date":"2018-04-04T07:56:04.000Z","volume":70000,"label":" ","price":0.084},{"type":"A","date":"2018-04-04T07:56:19.000Z","volume":10000,"label":" ","price":0.084},{"type":"B","date":"2018-04-04T07:56:32.000Z","volume":100000,"label":" ","price":0.083},{"type":"B","date":"2018-04-04T07:59:39.000Z","volume":1000000,"label":" ","price":0.083},{"type":"A","date":"2018-04-04T07:59:47.000Z","volume":10000,"label":" ","price":0.084}]