[{"type":"U","date":"2018-04-09T01:35:04.000Z","volume":80000,"label":" ","price":0.082},{"type":"B","date":"2018-04-09T01:46:58.000Z","volume":200000,"label":" ","price":0.081},{"type":"U","date":"2018-04-09T01:51:33.000Z","volume":10000,"label":" ","price":0.081},{"type":"B","date":"2018-04-09T01:56:25.000Z","volume":380000,"label":" ","price":0.08},{"type":"B","date":"2018-04-09T01:58:01.000Z","volume":30000,"label":" ","price":0.08},{"type":"B","date":"2018-04-09T02:02:16.000Z","volume":20000,"label":" ","price":0.079},{"type":"B","date":"2018-04-09T02:08:08.000Z","volume":50000,"label":" ","price":0.079},{"type":"A","date":"2018-04-09T02:21:10.000Z","volume":100000,"label":" ","price":0.081},{"type":"A","date":"2018-04-09T02:38:43.000Z","volume":70000,"label":" ","price":0.081},{"type":"A","date":"2018-04-09T02:43:13.000Z","volume":100000,"label":" ","price":0.081},{"type":"A","date":"2018-04-09T02:44:13.000Z","volume":30000,"label":" ","price":0.081},{"type":"B","date":"2018-04-09T02:54:44.000Z","volume":200000,"label":" ","price":0.08},{"type":"B","date":"2018-04-09T02:56:28.000Z","volume":850000,"label":" ","price":0.08},{"type":"B","date":"2018-04-09T02:57:06.000Z","volume":2000000,"label":" ","price":0.079},{"type":"B","date":"2018-04-09T02:58:29.000Z","volume":100000,"label":" ","price":0.079},{"type":"B","date":"2018-04-09T02:58:29.000Z","volume":1020000,"label":" ","price":0.078},{"type":"B","date":"2018-04-09T03:05:08.000Z","volume":100000,"label":" ","price":0.079},{"type":"B","date":"2018-04-09T03:08:31.000Z","volume":70000,"label":" ","price":0.079},{"type":"B","date":"2018-04-09T03:12:34.000Z","volume":370000,"label":" ","price":0.079},{"type":"B","date":"2018-04-09T03:28:22.000Z","volume":100000,"label":" ","price":0.079},{"type":"B","date":"2018-04-09T03:56:08.000Z","volume":30000,"label":" ","price":0.079},{"type":"B","date":"2018-04-09T05:00:02.000Z","volume":500000,"label":" ","price":0.08},{"type":"A","date":"2018-04-09T05:01:51.000Z","volume":90000,"label":" ","price":0.08},{"type":"A","date":"2018-04-09T05:09:34.000Z","volume":1000000,"label":" ","price":0.08},{"type":"A","date":"2018-04-09T05:10:58.000Z","volume":20000,"label":" ","price":0.08},{"type":"A","date":"2018-04-09T05:25:35.000Z","volume":150000,"label":" ","price":0.08},{"type":"A","date":"2018-04-09T05:45:45.000Z","volume":50000,"label":" ","price":0.08},{"type":"A","date":"2018-04-09T05:51:49.000Z","volume":300000,"label":" ","price":0.08},{"type":"A","date":"2018-04-09T05:55:16.000Z","volume":20000,"label":" ","price":0.08},{"type":"A","date":"2018-04-09T06:04:01.000Z","volume":20000,"label":" ","price":0.08},{"type":"A","date":"2018-04-09T06:13:06.000Z","volume":100000,"label":" ","price":0.08},{"type":"A","date":"2018-04-09T06:20:44.000Z","volume":20000,"label":" ","price":0.08},{"type":"A","date":"2018-04-09T06:26:41.000Z","volume":50000,"label":" ","price":0.08},{"type":"A","date":"2018-04-09T06:33:09.000Z","volume":100000,"label":" ","price":0.08},{"type":"A","date":"2018-04-09T06:36:03.000Z","volume":150000,"label":" ","price":0.08},{"type":"A","date":"2018-04-09T06:49:23.000Z","volume":100000,"label":" ","price":0.08},{"type":"A","date":"2018-04-09T07:06:11.000Z","volume":300000,"label":" ","price":0.08},{"type":"B","date":"2018-04-09T07:07:06.000Z","volume":2800000,"label":" ","price":0.079},{"type":"B","date":"2018-04-09T07:23:51.000Z","volume":100000,"label":" ","price":0.079},{"type":"A","date":"2018-04-09T07:41:48.000Z","volume":500000,"label":" ","price":0.08},{"type":"U","date":"2018-04-09T07:53:52.000Z","volume":2000,"label":"D","price":0.07},{"type":"B","date":"2018-04-09T07:56:25.000Z","volume":80000,"label":" ","price":0.079},{"type":"B","date":"2018-04-09T07:56:33.000Z","volume":10000,"label":" ","price":0.079},{"type":"A","date":"2018-04-09T07:59:03.000Z","volume":10000,"label":" ","price":0.08},{"type":"A","date":"2018-04-09T07:59:06.000Z","volume":50000,"label":" ","price":0.08},{"type":"B","date":"2018-04-09T07:59:51.000Z","volume":200000,"label":" ","price":0.079}]