[{"type":"A","date":"2018-03-19T07:58:33.000Z","volume":30000,"price":4.1,"category":"ubbull"},{"type":"A","date":"2018-03-19T07:55:30.000Z","volume":30000,"price":4.1,"category":"ubbull"},{"type":"A","date":"2018-03-19T07:40:52.000Z","volume":50000,"price":4.1,"category":"ubbull"},{"type":"A","date":"2018-03-19T07:36:49.000Z","volume":24000,"price":4.1,"category":"ubbull"},{"type":"A","date":"2018-03-19T07:27:15.000Z","volume":50000,"price":4.09,"category":"ubbull"},{"type":"A","date":"2018-03-19T06:39:26.000Z","volume":50000,"price":4.1,"category":"ubbull"},{"type":"A","date":"2018-03-19T06:14:57.000Z","volume":40000,"price":4.1,"category":"ubbull"},{"type":"A","date":"2018-03-19T06:11:29.000Z","volume":30000,"price":4.1,"category":"ubbull"},{"type":"A","date":"2018-03-19T06:06:44.000Z","volume":40000,"price":4.1,"category":"ubbull"},{"type":"A","date":"2018-03-19T05:20:49.000Z","volume":40000,"price":4.09,"category":"ubbull"},{"type":"A","date":"2018-03-19T03:48:43.000Z","volume":40000,"price":4.07,"category":"ubbull"},{"type":"A","date":"2018-03-19T03:06:30.000Z","volume":26000,"price":4.09,"category":"ubbull"},{"type":"A","date":"2018-03-19T02:51:10.000Z","volume":70000,"price":4.08,"category":"ubbull"},{"type":"A","date":"2018-03-19T02:40:07.000Z","volume":100000,"price":4.06,"category":"ubbull"},{"type":"A","date":"2018-03-19T02:18:11.000Z","volume":26000,"price":4.04,"category":"ubbull"},{"type":"A","date":"2018-03-19T02:05:01.000Z","volume":30000,"price":4.05,"category":"ubbull"},{"type":"A","date":"2018-03-19T02:03:08.000Z","volume":50000,"price":4.05,"category":"ubbull"},{"type":"A","date":"2018-03-19T02:00:42.000Z","volume":70000,"price":4.04,"category":"ubbull"},{"type":"A","date":"2018-03-19T01:57:33.000Z","volume":34000,"price":4.05,"category":"ubbull"},{"type":"A","date":"2018-03-19T01:57:33.000Z","volume":42000,"price":4.04,"category":"ubbull"},{"type":"A","date":"2018-03-19T01:40:21.000Z","volume":26000,"price":4,"category":"ubbull"},{"type":"A","date":"2018-03-19T01:40:19.000Z","volume":90000,"price":3.99,"category":"ubbull"},{"type":"A","date":"2018-03-19T07:48:46.000Z","volume":16000,"price":4.1,"category":"bbull"},{"type":"A","date":"2018-03-19T07:45:28.000Z","volume":12000,"price":4.1,"category":"bbull"},{"type":"A","date":"2018-03-19T07:26:25.000Z","volume":20000,"price":4.09,"category":"bbull"},{"type":"A","date":"2018-03-19T07:22:07.000Z","volume":20000,"price":4.09,"category":"bbull"},{"type":"A","date":"2018-03-19T06:18:37.000Z","volume":16000,"price":4.1,"category":"bbull"},{"type":"A","date":"2018-03-19T05:36:08.000Z","volume":20000,"price":4.09,"category":"bbull"},{"type":"A","date":"2018-03-19T05:19:36.000Z","volume":14000,"price":4.08,"category":"bbull"},{"type":"A","date":"2018-03-19T03:21:24.000Z","volume":20000,"price":4.08,"category":"bbull"},{"type":"A","date":"2018-03-19T02:57:29.000Z","volume":14000,"price":4.08,"category":"bbull"},{"type":"A","date":"2018-03-19T02:53:13.000Z","volume":14000,"price":4.09,"category":"bbull"},{"type":"A","date":"2018-03-19T02:43:49.000Z","volume":20000,"price":4.07,"category":"bbull"},{"type":"A","date":"2018-03-19T02:43:01.000Z","volume":20000,"price":4.07,"category":"bbull"},{"type":"A","date":"2018-03-19T02:38:51.000Z","volume":16000,"price":4.05,"category":"bbull"},{"type":"A","date":"2018-03-19T02:29:11.000Z","volume":16000,"price":4.04,"category":"bbull"},{"type":"A","date":"2018-03-19T02:18:56.000Z","volume":20000,"price":4.05,"category":"bbull"},{"type":"A","date":"2018-03-19T02:16:18.000Z","volume":20000,"price":4.03,"category":"bbull"},{"type":"A","date":"2018-03-19T02:12:43.000Z","volume":18000,"price":4.03,"category":"bbull"},{"type":"A","date":"2018-03-19T02:05:17.000Z","volume":20000,"price":4.05,"category":"bbull"},{"type":"A","date":"2018-03-19T01:57:33.000Z","volume":16000,"price":4.02,"category":"bbull"},{"type":"A","date":"2018-03-19T01:55:29.000Z","volume":14000,"price":4.01,"category":"bbull"},{"type":"A","date":"2018-03-19T01:53:17.000Z","volume":16000,"price":4,"category":"bbull"},{"type":"A","date":"2018-03-19T01:40:37.000Z","volume":22000,"price":4.01,"category":"bbull"},{"type":"A","date":"2018-03-19T01:34:38.000Z","volume":20000,"price":3.98,"category":"bbull"},{"type":"A","date":"2018-03-19T07:59:18.000Z","volume":2000,"price":4.1,"category":"rbull"},{"type":"A","date":"2018-03-19T07:59:14.000Z","volume":2000,"price":4.1,"category":"rbull"},{"type":"A","date":"2018-03-19T07:58:01.000Z","volume":2000,"price":4.1,"category":"rbull"},{"type":"A","date":"2018-03-19T07:07:31.000Z","volume":2000,"price":4.08,"category":"rbull"},{"type":"A","date":"2018-03-19T07:07:02.000Z","volume":2000,"price":4.08,"category":"rbull"},{"type":"A","date":"2018-03-19T06:16:38.000Z","volume":2000,"price":4.11,"category":"rbull"},{"type":"A","date":"2018-03-19T06:12:25.000Z","volume":2000,"price":4.1,"category":"rbull"},{"type":"A","date":"2018-03-19T06:08:22.000Z","volume":2000,"price":4.1,"category":"rbull"},{"type":"A","date":"2018-03-19T05:56:30.000Z","volume":2000,"price":4.1,"category":"rbull"},{"type":"A","date":"2018-03-19T05:52:25.000Z","volume":2000,"price":4.1,"category":"rbull"},{"type":"A","date":"2018-03-19T05:39:39.000Z","volume":2000,"price":4.09,"category":"rbull"},{"type":"A","date":"2018-03-19T03:08:28.000Z","volume":2000,"price":4.1,"category":"rbull"},{"type":"A","date":"2018-03-19T02:54:59.000Z","volume":2000,"price":4.08,"category":"rbull"},{"type":"A","date":"2018-03-19T02:43:49.000Z","volume":2000,"price":4.07,"category":"rbull"},{"type":"A","date":"2018-03-19T02:38:05.000Z","volume":2000,"price":4.05,"category":"rbull"},{"type":"A","date":"2018-03-19T02:29:11.000Z","volume":2000,"price":4.04,"category":"rbull"},{"type":"A","date":"2018-03-19T01:56:49.000Z","volume":2000,"price":4.01,"category":"rbull"},{"type":"A","date":"2018-03-19T01:42:18.000Z","volume":2000,"price":4.02,"category":"rbull"},{"type":"A","date":"2018-03-19T01:40:24.000Z","volume":2000,"price":4.01,"category":"rbull"},{"type":"A","date":"2018-03-19T01:40:24.000Z","volume":2000,"price":4,"category":"rbull"},{"type":"A","date":"2018-03-19T01:30:00.000Z","volume":2000,"price":3.97,"category":"rbull"},{"type":"B","date":"2018-03-19T07:17:05.000Z","volume":2000,"price":4.08,"category":"rbear"},{"type":"B","date":"2018-03-19T06:20:26.000Z","volume":2000,"price":4.1,"category":"rbear"},{"type":"B","date":"2018-03-19T03:16:37.000Z","volume":2000,"price":4.08,"category":"rbear"},{"type":"B","date":"2018-03-19T03:15:55.000Z","volume":2000,"price":4.08,"category":"rbear"},{"type":"B","date":"2018-03-19T03:12:12.000Z","volume":2000,"price":4.08,"category":"rbear"},{"type":"B","date":"2018-03-19T02:42:55.000Z","volume":2000,"price":4.06,"category":"rbear"},{"type":"B","date":"2018-03-19T02:24:52.000Z","volume":2000,"price":4.04,"category":"rbear"},{"type":"B","date":"2018-03-19T02:21:24.000Z","volume":2000,"price":4.04,"category":"rbear"},{"type":"B","date":"2018-03-19T01:45:24.000Z","volume":2000,"price":4,"category":"rbear"},{"type":"B","date":"2018-03-19T01:44:35.000Z","volume":2000,"price":4.01,"category":"rbear"},{"type":"B","date":"2018-03-19T07:18:03.000Z","volume":20000,"price":4.08,"category":"bbear"},{"type":"B","date":"2018-03-19T06:25:44.000Z","volume":22000,"price":4.06,"category":"bbear"},{"type":"B","date":"2018-03-19T06:25:44.000Z","volume":12000,"price":4.07,"category":"bbear"},{"type":"B","date":"2018-03-19T06:25:44.000Z","volume":16000,"price":4.08,"category":"bbear"},{"type":"B","date":"2018-03-19T06:25:44.000Z","volume":20000,"price":4.09,"category":"bbear"},{"type":"B","date":"2018-03-19T06:19:24.000Z","volume":20000,"price":4.1,"category":"bbear"},{"type":"B","date":"2018-03-19T05:37:30.000Z","volume":18000,"price":4.09,"category":"bbear"},{"type":"B","date":"2018-03-19T03:18:41.000Z","volume":16000,"price":4.08,"category":"bbear"},{"type":"B","date":"2018-03-19T02:42:55.000Z","volume":16000,"price":4.06,"category":"bbear"},{"type":"B","date":"2018-03-19T02:32:38.000Z","volume":20000,"price":4.04,"category":"bbear"},{"type":"B","date":"2018-03-19T02:20:27.000Z","volume":20000,"price":4.04,"category":"bbear"},{"type":"B","date":"2018-03-19T02:09:17.000Z","volume":22000,"price":4.04,"category":"bbear"},{"type":"B","date":"2018-03-19T02:09:17.000Z","volume":20000,"price":4.04,"category":"bbear"},{"type":"B","date":"2018-03-19T07:40:47.000Z","volume":58000,"price":4.06,"category":"ubbear"},{"type":"B","date":"2018-03-19T07:40:47.000Z","volume":42000,"price":4.09,"category":"ubbear"},{"type":"B","date":"2018-03-19T06:25:44.000Z","volume":30000,"price":4.05,"category":"ubbear"},{"type":"B","date":"2018-03-19T06:24:52.000Z","volume":52000,"price":4.1,"category":"ubbear"},{"type":"B","date":"2018-03-19T06:17:53.000Z","volume":30000,"price":4.1,"category":"ubbear"},{"type":"B","date":"2018-03-19T05:14:40.000Z","volume":60000,"price":4.07,"category":"ubbear"},{"type":"B","date":"2018-03-19T03:23:37.000Z","volume":86000,"price":4.06,"category":"ubbear"},{"type":"B","date":"2018-03-19T03:11:59.000Z","volume":50000,"price":4.08,"category":"ubbear"},{"type":"B","date":"2018-03-19T03:06:58.000Z","volume":46000,"price":4.08,"category":"ubbear"}]