[{"type":"U","date":"2018-04-06T01:20:00.000Z","volume":73000,"label":"U","price":0.87},{"type":"A","date":"2018-04-06T01:30:01.000Z","volume":2000,"label":" ","price":0.87},{"type":"A","date":"2018-04-06T01:30:01.000Z","volume":2000,"label":" ","price":0.87},{"type":"A","date":"2018-04-06T01:30:02.000Z","volume":100000,"label":" ","price":0.87},{"type":"A","date":"2018-04-06T01:30:02.000Z","volume":21000,"label":" ","price":0.87},{"type":"B","date":"2018-04-06T01:30:06.000Z","volume":2000,"label":" ","price":0.87},{"type":"A","date":"2018-04-06T01:30:21.000Z","volume":1000,"label":" ","price":0.87},{"type":"A","date":"2018-04-06T01:30:46.000Z","volume":2000,"label":" ","price":0.88},{"type":"A","date":"2018-04-06T01:30:46.000Z","volume":1000,"label":" ","price":0.88},{"type":"A","date":"2018-04-06T01:30:50.000Z","volume":2000,"label":" ","price":0.88},{"type":"A","date":"2018-04-06T01:30:51.000Z","volume":5000,"label":" ","price":0.88},{"type":"A","date":"2018-04-06T01:30:55.000Z","volume":5000,"label":" ","price":0.88},{"type":"A","date":"2018-04-06T01:31:07.000Z","volume":10000,"label":" ","price":0.88},{"type":"A","date":"2018-04-06T01:31:10.000Z","volume":10000,"label":" ","price":0.88},{"type":"A","date":"2018-04-06T01:31:15.000Z","volume":5000,"label":" ","price":0.88},{"type":"A","date":"2018-04-06T01:31:19.000Z","volume":5000,"label":" ","price":0.88},{"type":"A","date":"2018-04-06T01:31:52.000Z","volume":5000,"label":" ","price":0.88},{"type":"A","date":"2018-04-06T01:32:57.000Z","volume":103000,"label":" ","price":0.88},{"type":"A","date":"2018-04-06T01:32:57.000Z","volume":2000,"label":" ","price":0.89},{"type":"A","date":"2018-04-06T01:33:01.000Z","volume":108000,"label":" ","price":0.89},{"type":"A","date":"2018-04-06T01:33:01.000Z","volume":100000,"label":" ","price":0.9},{"type":"B","date":"2018-04-06T01:33:03.000Z","volume":5000,"label":" ","price":0.89},{"type":"U","date":"2018-04-06T01:33:04.000Z","volume":16000,"label":" ","price":0.88},{"type":"A","date":"2018-04-06T01:33:08.000Z","volume":10000,"label":" ","price":0.91},{"type":"A","date":"2018-04-06T01:33:10.000Z","volume":5000,"label":" ","price":0.91},{"type":"A","date":"2018-04-06T01:33:13.000Z","volume":20000,"label":" ","price":0.91},{"type":"A","date":"2018-04-06T01:33:15.000Z","volume":30000,"label":" ","price":0.91},{"type":"A","date":"2018-04-06T01:33:18.000Z","volume":12000,"label":" ","price":0.91},{"type":"A","date":"2018-04-06T01:33:20.000Z","volume":7000,"label":" ","price":0.91},{"type":"A","date":"2018-04-06T01:33:21.000Z","volume":5000,"label":" ","price":0.91},{"type":"A","date":"2018-04-06T01:33:26.000Z","volume":1000,"label":" ","price":0.91},{"type":"A","date":"2018-04-06T01:33:28.000Z","volume":5000,"label":" ","price":0.91},{"type":"A","date":"2018-04-06T01:33:29.000Z","volume":1000,"label":" ","price":0.91},{"type":"A","date":"2018-04-06T01:33:39.000Z","volume":20000,"label":" ","price":0.91},{"type":"A","date":"2018-04-06T01:33:45.000Z","volume":1000,"label":" ","price":0.91},{"type":"A","date":"2018-04-06T01:33:50.000Z","volume":2000,"label":" ","price":0.91},{"type":"A","date":"2018-04-06T01:33:53.000Z","volume":1000,"label":" ","price":0.91},{"type":"B","date":"2018-04-06T01:33:59.000Z","volume":5000,"label":" ","price":0.9},{"type":"A","date":"2018-04-06T01:34:01.000Z","volume":4000,"label":" ","price":0.91},{"type":"A","date":"2018-04-06T01:34:06.000Z","volume":2000,"label":" ","price":0.91},{"type":"A","date":"2018-04-06T01:34:13.000Z","volume":1000,"label":" ","price":0.91},{"type":"A","date":"2018-04-06T01:34:13.000Z","volume":5000,"label":" ","price":0.91},{"type":"A","date":"2018-04-06T01:34:21.000Z","volume":2000,"label":" ","price":0.91},{"type":"A","date":"2018-04-06T01:35:05.000Z","volume":5000,"label":" ","price":0.91},{"type":"A","date":"2018-04-06T01:35:06.000Z","volume":5000,"label":" ","price":0.91},{"type":"A","date":"2018-04-06T01:35:08.000Z","volume":5000,"label":" ","price":0.91},{"type":"A","date":"2018-04-06T01:35:10.000Z","volume":5000,"label":" ","price":0.91},{"type":"A","date":"2018-04-06T01:35:11.000Z","volume":10000,"label":" ","price":0.91},{"type":"A","date":"2018-04-06T01:35:22.000Z","volume":1000,"label":" ","price":0.91},{"type":"A","date":"2018-04-06T01:36:42.000Z","volume":5000,"label":" ","price":0.91},{"type":"A","date":"2018-04-06T01:36:48.000Z","volume":2000,"label":" ","price":0.91},{"type":"A","date":"2018-04-06T01:36:52.000Z","volume":5000,"label":" ","price":0.91},{"type":"A","date":"2018-04-06T01:37:00.000Z","volume":1000,"label":" ","price":0.91},{"type":"A","date":"2018-04-06T01:37:06.000Z","volume":1000,"label":" ","price":0.91},{"type":"B","date":"2018-04-06T01:37:27.000Z","volume":13000,"label":" ","price":0.9},{"type":"B","date":"2018-04-06T01:37:40.000Z","volume":12000,"label":" ","price":0.89},{"type":"B","date":"2018-04-06T01:37:53.000Z","volume":2000,"label":" ","price":0.88},{"type":"A","date":"2018-04-06T01:37:57.000Z","volume":10000,"label":" ","price":0.88},{"type":"A","date":"2018-04-06T01:37:57.000Z","volume":88000,"label":" ","price":0.88},{"type":"A","date":"2018-04-06T01:38:22.000Z","volume":5000,"label":" ","price":0.89},{"type":"A","date":"2018-04-06T01:38:22.000Z","volume":2000,"label":" ","price":0.91},{"type":"A","date":"2018-04-06T01:38:29.000Z","volume":1000,"label":" ","price":0.91},{"type":"A","date":"2018-04-06T01:38:35.000Z","volume":1000,"label":" ","price":0.91},{"type":"A","date":"2018-04-06T01:39:03.000Z","volume":7000,"label":" ","price":0.89},{"type":"A","date":"2018-04-06T01:39:03.000Z","volume":3000,"label":" ","price":0.9},{"type":"A","date":"2018-04-06T01:39:07.000Z","volume":5000,"label":" ","price":0.9},{"type":"A","date":"2018-04-06T01:39:08.000Z","volume":12000,"label":" ","price":0.9},{"type":"A","date":"2018-04-06T01:39:09.000Z","volume":10000,"label":" ","price":0.9},{"type":"A","date":"2018-04-06T01:39:11.000Z","volume":5000,"label":" ","price":0.9},{"type":"A","date":"2018-04-06T01:39:11.000Z","volume":5000,"label":" ","price":0.9},{"type":"A","date":"2018-04-06T01:39:13.000Z","volume":6000,"label":" ","price":0.9},{"type":"A","date":"2018-04-06T01:39:19.000Z","volume":2000,"label":" ","price":0.9},{"type":"A","date":"2018-04-06T01:39:23.000Z","volume":11000,"label":" ","price":0.9},{"type":"A","date":"2018-04-06T01:39:52.000Z","volume":10000,"label":" ","price":0.9},{"type":"A","date":"2018-04-06T01:39:56.000Z","volume":10000,"label":" ","price":0.9},{"type":"A","date":"2018-04-06T01:39:58.000Z","volume":1000,"label":" ","price":0.9},{"type":"A","date":"2018-04-06T01:40:32.000Z","volume":5000,"label":" ","price":0.9},{"type":"A","date":"2018-04-06T01:40:35.000Z","volume":10000,"label":" ","price":0.9},{"type":"A","date":"2018-04-06T01:40:43.000Z","volume":10000,"label":" ","price":0.9},{"type":"A","date":"2018-04-06T01:40:45.000Z","volume":20000,"label":" ","price":0.9},{"type":"A","date":"2018-04-06T01:40:58.000Z","volume":1000,"label":" ","price":0.9},{"type":"A","date":"2018-04-06T01:41:05.000Z","volume":1000,"label":" ","price":0.9},{"type":"A","date":"2018-04-06T01:41:14.000Z","volume":2000,"label":" ","price":0.9},{"type":"A","date":"2018-04-06T01:41:16.000Z","volume":2000,"label":" ","price":0.9},{"type":"A","date":"2018-04-06T01:41:19.000Z","volume":10000,"label":" ","price":0.9},{"type":"A","date":"2018-04-06T01:41:34.000Z","volume":2000,"label":" ","price":0.9},{"type":"A","date":"2018-04-06T01:41:37.000Z","volume":3000,"label":" ","price":0.9},{"type":"A","date":"2018-04-06T01:43:49.000Z","volume":1000,"label":" ","price":0.9},{"type":"A","date":"2018-04-06T01:44:22.000Z","volume":20000,"label":" ","price":0.9},{"type":"A","date":"2018-04-06T01:44:22.000Z","volume":33000,"label":" ","price":0.9},{"type":"A","date":"2018-04-06T01:44:33.000Z","volume":3000,"label":" ","price":0.91},{"type":"A","date":"2018-04-06T01:44:37.000Z","volume":3000,"label":" ","price":0.91},{"type":"A","date":"2018-04-06T01:44:38.000Z","volume":1000,"label":" ","price":0.91},{"type":"A","date":"2018-04-06T01:45:06.000Z","volume":2000,"label":" ","price":0.91},{"type":"A","date":"2018-04-06T01:45:08.000Z","volume":2000,"label":" ","price":0.91},{"type":"A","date":"2018-04-06T01:45:39.000Z","volume":1000,"label":" ","price":0.91},{"type":"A","date":"2018-04-06T01:45:46.000Z","volume":2000,"label":" ","price":0.91},{"type":"A","date":"2018-04-06T01:45:47.000Z","volume":1000,"label":" ","price":0.91},{"type":"A","date":"2018-04-06T01:45:51.000Z","volume":3000,"label":" ","price":0.91},{"type":"A","date":"2018-04-06T01:46:14.000Z","volume":10000,"label":" ","price":0.91},{"type":"A","date":"2018-04-06T01:46:17.000Z","volume":10000,"label":" ","price":0.91},{"type":"A","date":"2018-04-06T01:46:19.000Z","volume":80000,"label":" ","price":0.91},{"type":"A","date":"2018-04-06T01:46:26.000Z","volume":10000,"label":" ","price":0.91},{"type":"A","date":"2018-04-06T01:46:26.000Z","volume":10000,"label":" ","price":0.91},{"type":"A","date":"2018-04-06T01:46:27.000Z","volume":1000,"label":" ","price":0.92},{"type":"A","date":"2018-04-06T01:46:32.000Z","volume":2000,"label":" ","price":0.92},{"type":"A","date":"2018-04-06T01:46:44.000Z","volume":50000,"label":" ","price":0.92},{"type":"B","date":"2018-04-06T01:46:48.000Z","volume":50000,"label":" ","price":0.91},{"type":"A","date":"2018-04-06T01:46:57.000Z","volume":8000,"label":" ","price":0.92},{"type":"A","date":"2018-04-06T01:47:02.000Z","volume":1000,"label":" ","price":0.92},{"type":"A","date":"2018-04-06T01:47:06.000Z","volume":1000,"label":" ","price":0.92},{"type":"A","date":"2018-04-06T01:47:31.000Z","volume":1000,"label":" ","price":0.92},{"type":"A","date":"2018-04-06T01:47:35.000Z","volume":1000,"label":" ","price":0.92},{"type":"B","date":"2018-04-06T01:47:55.000Z","volume":5000,"label":" ","price":0.91},{"type":"A","date":"2018-04-06T01:48:03.000Z","volume":10000,"label":" ","price":0.91},{"type":"A","date":"2018-04-06T01:48:04.000Z","volume":1000,"label":" ","price":0.91},{"type":"A","date":"2018-04-06T01:48:06.000Z","volume":20000,"label":" ","price":0.91},{"type":"A","date":"2018-04-06T01:48:12.000Z","volume":20000,"label":" ","price":0.91},{"type":"A","date":"2018-04-06T01:48:22.000Z","volume":5000,"label":" ","price":0.91},{"type":"A","date":"2018-04-06T01:48:25.000Z","volume":5000,"label":" ","price":0.91},{"type":"A","date":"2018-04-06T01:48:29.000Z","volume":10000,"label":" ","price":0.91},{"type":"A","date":"2018-04-06T01:48:32.000Z","volume":1000,"label":" ","price":0.91},{"type":"B","date":"2018-04-06T01:48:39.000Z","volume":10000,"label":" ","price":0.9},{"type":"B","date":"2018-04-06T01:49:13.000Z","volume":8000,"label":" ","price":0.89},{"type":"B","date":"2018-04-06T01:49:13.000Z","volume":8000,"label":" ","price":0.88},{"type":"B","date":"2018-04-06T01:49:20.000Z","volume":16000,"label":" ","price":0.87},{"type":"A","date":"2018-04-06T01:49:20.000Z","volume":20000,"label":" ","price":0.88},{"type":"A","date":"2018-04-06T01:49:23.000Z","volume":20000,"label":" ","price":0.88},{"type":"A","date":"2018-04-06T01:49:29.000Z","volume":1000,"label":" ","price":0.88},{"type":"A","date":"2018-04-06T01:49:36.000Z","volume":5000,"label":" ","price":0.88},{"type":"A","date":"2018-04-06T01:49:39.000Z","volume":5000,"label":" ","price":0.88},{"type":"A","date":"2018-04-06T01:49:40.000Z","volume":10000,"label":" ","price":0.88},{"type":"A","date":"2018-04-06T01:49:41.000Z","volume":10000,"label":" ","price":0.88},{"type":"A","date":"2018-04-06T01:49:44.000Z","volume":10000,"label":" ","price":0.88},{"type":"A","date":"2018-04-06T01:49:47.000Z","volume":20000,"label":" ","price":0.88},{"type":"A","date":"2018-04-06T01:49:51.000Z","volume":20000,"label":" ","price":0.88},{"type":"A","date":"2018-04-06T01:49:53.000Z","volume":1000,"label":" ","price":0.88},{"type":"A","date":"2018-04-06T01:49:55.000Z","volume":30000,"label":" ","price":0.88},{"type":"A","date":"2018-04-06T01:49:57.000Z","volume":10000,"label":" ","price":0.88},{"type":"A","date":"2018-04-06T01:50:13.000Z","volume":20000,"label":" ","price":0.88},{"type":"A","date":"2018-04-06T01:50:19.000Z","volume":20000,"label":" ","price":0.88},{"type":"A","date":"2018-04-06T01:50:30.000Z","volume":5000,"label":" ","price":0.88},{"type":"A","date":"2018-04-06T01:50:34.000Z","volume":36000,"label":" ","price":0.88},{"type":"A","date":"2018-04-06T01:50:44.000Z","volume":10000,"label":" ","price":0.88},{"type":"A","date":"2018-04-06T01:50:44.000Z","volume":68000,"label":" ","price":0.88},{"type":"A","date":"2018-04-06T01:50:44.000Z","volume":5000,"label":" ","price":0.88},{"type":"A","date":"2018-04-06T01:50:44.000Z","volume":81000,"label":" ","price":0.88},{"type":"A","date":"2018-04-06T01:50:54.000Z","volume":1000,"label":" ","price":0.9},{"type":"B","date":"2018-04-06T01:50:56.000Z","volume":50000,"label":" ","price":0.88},{"type":"A","date":"2018-04-06T01:50:58.000Z","volume":1000,"label":" ","price":0.9},{"type":"B","date":"2018-04-06T01:51:07.000Z","volume":10000,"label":" ","price":0.88},{"type":"B","date":"2018-04-06T01:51:30.000Z","volume":1000,"label":" ","price":0.89},{"type":"B","date":"2018-04-06T01:57:42.000Z","volume":5000,"label":" ","price":0.88},{"type":"B","date":"2018-04-06T01:58:15.000Z","volume":11000,"label":" ","price":0.87},{"type":"B","date":"2018-04-06T01:58:15.000Z","volume":69000,"label":" ","price":0.86},{"type":"B","date":"2018-04-06T02:00:51.000Z","volume":10000,"label":" ","price":0.86},{"type":"B","date":"2018-04-06T02:18:34.000Z","volume":110000,"label":" ","price":0.86},{"type":"U","date":"2018-04-06T02:21:11.000Z","volume":1000,"label":" ","price":0.86},{"type":"A","date":"2018-04-06T02:21:11.000Z","volume":1000,"label":" ","price":0.87},{"type":"A","date":"2018-04-06T02:21:17.000Z","volume":1000,"label":" ","price":0.87},{"type":"U","date":"2018-04-06T02:21:18.000Z","volume":1000,"label":" ","price":0.86},{"type":"U","date":"2018-04-06T02:21:58.000Z","volume":1000,"label":" ","price":0.86},{"type":"A","date":"2018-04-06T02:22:01.000Z","volume":1000,"label":" ","price":0.87},{"type":"B","date":"2018-04-06T02:41:16.000Z","volume":94000,"label":" ","price":0.85},{"type":"B","date":"2018-04-06T02:41:40.000Z","volume":30000,"label":" ","price":0.84},{"type":"A","date":"2018-04-06T03:00:55.000Z","volume":10000,"label":" ","price":0.84},{"type":"A","date":"2018-04-06T03:11:02.000Z","volume":27000,"label":" ","price":0.84},{"type":"A","date":"2018-04-06T03:11:08.000Z","volume":1000,"label":" ","price":0.85},{"type":"A","date":"2018-04-06T03:11:10.000Z","volume":1000,"label":" ","price":0.85},{"type":"A","date":"2018-04-06T03:11:27.000Z","volume":1000,"label":" ","price":0.85},{"type":"A","date":"2018-04-06T03:11:30.000Z","volume":2000,"label":" ","price":0.85},{"type":"A","date":"2018-04-06T03:12:10.000Z","volume":1000,"label":" ","price":0.85},{"type":"A","date":"2018-04-06T03:12:15.000Z","volume":1000,"label":" ","price":0.85},{"type":"A","date":"2018-04-06T03:12:48.000Z","volume":1000,"label":" ","price":0.85},{"type":"A","date":"2018-04-06T03:12:53.000Z","volume":2000,"label":" ","price":0.85},{"type":"A","date":"2018-04-06T03:16:35.000Z","volume":30000,"label":" ","price":0.85},{"type":"A","date":"2018-04-06T03:16:47.000Z","volume":100000,"label":" ","price":0.85},{"type":"A","date":"2018-04-06T03:16:47.000Z","volume":94000,"label":" ","price":0.85},{"type":"A","date":"2018-04-06T03:16:49.000Z","volume":60000,"label":" ","price":0.85},{"type":"A","date":"2018-04-06T03:17:10.000Z","volume":12000,"label":" ","price":0.85},{"type":"A","date":"2018-04-06T03:17:23.000Z","volume":50000,"label":" ","price":0.86},{"type":"A","date":"2018-04-06T03:17:31.000Z","volume":4000,"label":" ","price":0.86},{"type":"A","date":"2018-04-06T03:17:34.000Z","volume":5000,"label":" ","price":0.86},{"type":"A","date":"2018-04-06T03:17:38.000Z","volume":100000,"label":" ","price":0.86},{"type":"A","date":"2018-04-06T03:17:39.000Z","volume":10000,"label":" ","price":0.86},{"type":"A","date":"2018-04-06T03:17:42.000Z","volume":30000,"label":" ","price":0.86},{"type":"A","date":"2018-04-06T03:17:47.000Z","volume":30000,"label":" ","price":0.86},{"type":"A","date":"2018-04-06T03:17:47.000Z","volume":10000,"label":" ","price":0.86},{"type":"A","date":"2018-04-06T03:17:51.000Z","volume":21000,"label":" ","price":0.86},{"type":"B","date":"2018-04-06T03:18:04.000Z","volume":27000,"label":" ","price":0.86},{"type":"A","date":"2018-04-06T03:18:10.000Z","volume":2000,"label":" ","price":0.87},{"type":"A","date":"2018-04-06T03:18:12.000Z","volume":2000,"label":" ","price":0.87},{"type":"A","date":"2018-04-06T03:18:16.000Z","volume":10000,"label":" ","price":0.87},{"type":"A","date":"2018-04-06T03:18:20.000Z","volume":40000,"label":" ","price":0.87},{"type":"A","date":"2018-04-06T03:18:28.000Z","volume":2000,"label":" ","price":0.87},{"type":"A","date":"2018-04-06T03:18:30.000Z","volume":10000,"label":" ","price":0.87},{"type":"A","date":"2018-04-06T03:18:31.000Z","volume":2000,"label":" ","price":0.87},{"type":"A","date":"2018-04-06T03:18:39.000Z","volume":21000,"label":" ","price":0.87},{"type":"A","date":"2018-04-06T03:18:44.000Z","volume":2000,"label":" ","price":0.87},{"type":"A","date":"2018-04-06T03:18:45.000Z","volume":10000,"label":" ","price":0.87},{"type":"A","date":"2018-04-06T03:18:46.000Z","volume":3000,"label":" ","price":0.87},{"type":"A","date":"2018-04-06T03:18:50.000Z","volume":1000,"label":" ","price":0.87},{"type":"A","date":"2018-04-06T03:18:52.000Z","volume":20000,"label":" ","price":0.87},{"type":"A","date":"2018-04-06T03:18:52.000Z","volume":10000,"label":" ","price":0.87},{"type":"A","date":"2018-04-06T03:19:00.000Z","volume":20000,"label":" ","price":0.87},{"type":"A","date":"2018-04-06T03:19:01.000Z","volume":5000,"label":" ","price":0.87},{"type":"A","date":"2018-04-06T03:19:02.000Z","volume":2000,"label":" ","price":0.87},{"type":"A","date":"2018-04-06T03:19:05.000Z","volume":5000,"label":" ","price":0.87},{"type":"A","date":"2018-04-06T03:19:13.000Z","volume":3000,"label":" ","price":0.87},{"type":"A","date":"2018-04-06T03:19:16.000Z","volume":20000,"label":" ","price":0.87},{"type":"A","date":"2018-04-06T03:19:23.000Z","volume":6000,"label":" ","price":0.87},{"type":"A","date":"2018-04-06T03:19:27.000Z","volume":10000,"label":" ","price":0.87},{"type":"A","date":"2018-04-06T03:19:29.000Z","volume":20000,"label":" ","price":0.87},{"type":"A","date":"2018-04-06T03:19:31.000Z","volume":4000,"label":" ","price":0.87},{"type":"A","date":"2018-04-06T03:19:35.000Z","volume":10000,"label":" ","price":0.87},{"type":"A","date":"2018-04-06T03:19:45.000Z","volume":58000,"label":" ","price":0.87},{"type":"A","date":"2018-04-06T03:19:45.000Z","volume":12000,"label":" ","price":0.88},{"type":"A","date":"2018-04-06T03:19:51.000Z","volume":4000,"label":" ","price":0.88},{"type":"A","date":"2018-04-06T03:19:56.000Z","volume":5000,"label":" ","price":0.88},{"type":"A","date":"2018-04-06T03:20:03.000Z","volume":20000,"label":" ","price":0.88},{"type":"A","date":"2018-04-06T03:20:03.000Z","volume":16000,"label":" ","price":0.88},{"type":"A","date":"2018-04-06T03:20:30.000Z","volume":10000,"label":" ","price":0.88},{"type":"A","date":"2018-04-06T03:20:33.000Z","volume":10000,"label":" ","price":0.88},{"type":"A","date":"2018-04-06T03:20:49.000Z","volume":1000,"label":" ","price":0.88},{"type":"A","date":"2018-04-06T03:21:00.000Z","volume":1000,"label":" ","price":0.88},{"type":"A","date":"2018-04-06T03:21:07.000Z","volume":1000,"label":" ","price":0.88},{"type":"A","date":"2018-04-06T03:21:34.000Z","volume":5000,"label":" ","price":0.88},{"type":"A","date":"2018-04-06T03:22:11.000Z","volume":9000,"label":" ","price":0.88},{"type":"B","date":"2018-04-06T03:22:11.000Z","volume":6000,"label":" ","price":0.87},{"type":"B","date":"2018-04-06T03:22:11.000Z","volume":131000,"label":" ","price":0.86},{"type":"A","date":"2018-04-06T03:22:18.000Z","volume":40000,"label":" ","price":0.86},{"type":"A","date":"2018-04-06T03:22:20.000Z","volume":20000,"label":" ","price":0.86},{"type":"A","date":"2018-04-06T03:22:22.000Z","volume":50000,"label":" ","price":0.86},{"type":"A","date":"2018-04-06T03:22:58.000Z","volume":20000,"label":" ","price":0.86},{"type":"A","date":"2018-04-06T03:23:04.000Z","volume":20000,"label":" ","price":0.86},{"type":"A","date":"2018-04-06T03:23:46.000Z","volume":5000,"label":" ","price":0.86},{"type":"A","date":"2018-04-06T03:23:50.000Z","volume":5000,"label":" ","price":0.86},{"type":"A","date":"2018-04-06T03:23:54.000Z","volume":10000,"label":" ","price":0.86},{"type":"A","date":"2018-04-06T03:23:58.000Z","volume":10000,"label":" ","price":0.86},{"type":"B","date":"2018-04-06T03:24:40.000Z","volume":20000,"label":" ","price":0.85},{"type":"A","date":"2018-04-06T03:25:23.000Z","volume":20000,"label":" ","price":0.85},{"type":"A","date":"2018-04-06T03:25:25.000Z","volume":20000,"label":" ","price":0.85},{"type":"A","date":"2018-04-06T03:25:38.000Z","volume":50000,"label":" ","price":0.85},{"type":"B","date":"2018-04-06T03:26:09.000Z","volume":1000,"label":" ","price":0.84},{"type":"B","date":"2018-04-06T03:26:10.000Z","volume":14000,"label":" ","price":0.84},{"type":"A","date":"2018-04-06T03:26:29.000Z","volume":6000,"label":" ","price":0.84},{"type":"B","date":"2018-04-06T03:26:33.000Z","volume":6000,"label":" ","price":0.84},{"type":"B","date":"2018-04-06T03:26:36.000Z","volume":21000,"label":" ","price":0.84},{"type":"B","date":"2018-04-06T03:26:38.000Z","volume":67000,"label":" ","price":0.84},{"type":"A","date":"2018-04-06T03:28:54.000Z","volume":5000,"label":" ","price":0.84},{"type":"A","date":"2018-04-06T03:31:26.000Z","volume":1000,"label":" ","price":0.85},{"type":"A","date":"2018-04-06T03:31:32.000Z","volume":1000,"label":" ","price":0.85},{"type":"A","date":"2018-04-06T03:31:46.000Z","volume":1000,"label":" ","price":0.85},{"type":"A","date":"2018-04-06T03:47:18.000Z","volume":1000,"label":" ","price":0.86},{"type":"A","date":"2018-04-06T03:47:22.000Z","volume":1000,"label":" ","price":0.86},{"type":"A","date":"2018-04-06T03:47:38.000Z","volume":1000,"label":" ","price":0.86},{"type":"A","date":"2018-04-06T03:47:49.000Z","volume":1000,"label":" ","price":0.86},{"type":"A","date":"2018-04-06T03:48:52.000Z","volume":321000,"label":" ","price":0.86},{"type":"B","date":"2018-04-06T03:48:52.000Z","volume":24000,"label":" ","price":0.86},{"type":"A","date":"2018-04-06T03:54:39.000Z","volume":30000,"label":" ","price":0.86},{"type":"A","date":"2018-04-06T03:55:35.000Z","volume":5000,"label":" ","price":0.86},{"type":"A","date":"2018-04-06T03:55:35.000Z","volume":1000,"label":" ","price":0.87},{"type":"A","date":"2018-04-06T03:55:58.000Z","volume":1000,"label":" ","price":0.87},{"type":"A","date":"2018-04-06T03:56:59.000Z","volume":1000,"label":" ","price":0.87},{"type":"A","date":"2018-04-06T03:57:00.000Z","volume":1000,"label":" ","price":0.87},{"type":"B","date":"2018-04-06T03:58:14.000Z","volume":24000,"label":" ","price":0.86},{"type":"B","date":"2018-04-06T03:58:38.000Z","volume":14000,"label":" ","price":0.85},{"type":"B","date":"2018-04-06T03:58:38.000Z","volume":29000,"label":" ","price":0.85},{"type":"A","date":"2018-04-06T05:07:20.000Z","volume":5000,"label":" ","price":0.86},{"type":"A","date":"2018-04-06T05:08:00.000Z","volume":100000,"label":" ","price":0.86},{"type":"A","date":"2018-04-06T05:17:11.000Z","volume":1000,"label":" ","price":0.86},{"type":"A","date":"2018-04-06T05:17:14.000Z","volume":1000,"label":" ","price":0.86},{"type":"A","date":"2018-04-06T05:46:12.000Z","volume":1000,"label":" ","price":0.86},{"type":"A","date":"2018-04-06T05:46:17.000Z","volume":1000,"label":" ","price":0.86},{"type":"A","date":"2018-04-06T05:46:17.000Z","volume":1000,"label":" ","price":0.86},{"type":"A","date":"2018-04-06T05:46:21.000Z","volume":1000,"label":" ","price":0.86},{"type":"A","date":"2018-04-06T05:59:27.000Z","volume":5000,"label":" ","price":0.86},{"type":"A","date":"2018-04-06T05:59:30.000Z","volume":5000,"label":" ","price":0.86},{"type":"A","date":"2018-04-06T05:59:33.000Z","volume":10000,"label":" ","price":0.86},{"type":"A","date":"2018-04-06T05:59:45.000Z","volume":1000,"label":" ","price":0.86},{"type":"A","date":"2018-04-06T05:59:59.000Z","volume":20000,"label":" ","price":0.86},{"type":"A","date":"2018-04-06T06:00:00.000Z","volume":1000,"label":" ","price":0.86},{"type":"A","date":"2018-04-06T06:00:10.000Z","volume":10000,"label":" ","price":0.86},{"type":"A","date":"2018-04-06T06:00:13.000Z","volume":20000,"label":" ","price":0.86},{"type":"A","date":"2018-04-06T06:00:14.000Z","volume":10000,"label":" ","price":0.86},{"type":"A","date":"2018-04-06T06:00:14.000Z","volume":1000,"label":" ","price":0.86},{"type":"A","date":"2018-04-06T06:00:15.000Z","volume":100000,"label":" ","price":0.86},{"type":"A","date":"2018-04-06T06:00:20.000Z","volume":20000,"label":" ","price":0.86},{"type":"A","date":"2018-04-06T06:00:26.000Z","volume":5000,"label":" ","price":0.86},{"type":"A","date":"2018-04-06T06:00:27.000Z","volume":1000,"label":" ","price":0.86},{"type":"A","date":"2018-04-06T06:00:29.000Z","volume":5000,"label":" ","price":0.86},{"type":"A","date":"2018-04-06T06:00:47.000Z","volume":10000,"label":" ","price":0.86},{"type":"A","date":"2018-04-06T06:00:50.000Z","volume":10000,"label":" ","price":0.86},{"type":"A","date":"2018-04-06T06:00:55.000Z","volume":5000,"label":" ","price":0.86},{"type":"A","date":"2018-04-06T06:00:58.000Z","volume":50000,"label":" ","price":0.86},{"type":"A","date":"2018-04-06T06:01:04.000Z","volume":29000,"label":" ","price":0.86},{"type":"A","date":"2018-04-06T06:01:15.000Z","volume":1000,"label":" ","price":0.87},{"type":"A","date":"2018-04-06T06:01:19.000Z","volume":2000,"label":" ","price":0.87},{"type":"A","date":"2018-04-06T06:01:46.000Z","volume":1000,"label":" ","price":0.87},{"type":"A","date":"2018-04-06T06:01:48.000Z","volume":2000,"label":" ","price":0.87},{"type":"A","date":"2018-04-06T06:01:54.000Z","volume":1000,"label":" ","price":0.87},{"type":"A","date":"2018-04-06T06:01:55.000Z","volume":20000,"label":" ","price":0.87},{"type":"A","date":"2018-04-06T06:01:56.000Z","volume":20000,"label":" ","price":0.87},{"type":"A","date":"2018-04-06T06:02:04.000Z","volume":1000,"label":" ","price":0.87},{"type":"A","date":"2018-04-06T06:02:09.000Z","volume":5000,"label":" ","price":0.87},{"type":"A","date":"2018-04-06T06:02:17.000Z","volume":2000,"label":" ","price":0.87},{"type":"A","date":"2018-04-06T06:02:26.000Z","volume":50000,"label":" ","price":0.87},{"type":"A","date":"2018-04-06T06:02:29.000Z","volume":20000,"label":" ","price":0.87},{"type":"A","date":"2018-04-06T06:03:00.000Z","volume":50000,"label":" ","price":0.87},{"type":"A","date":"2018-04-06T06:03:31.000Z","volume":2000,"label":" ","price":0.87},{"type":"A","date":"2018-04-06T06:03:36.000Z","volume":3000,"label":" ","price":0.87},{"type":"A","date":"2018-04-06T06:03:40.000Z","volume":10000,"label":" ","price":0.87},{"type":"A","date":"2018-04-06T06:03:49.000Z","volume":10000,"label":" ","price":0.87},{"type":"A","date":"2018-04-06T06:04:01.000Z","volume":10000,"label":" ","price":0.87},{"type":"A","date":"2018-04-06T06:04:01.000Z","volume":10000,"label":" ","price":0.87},{"type":"A","date":"2018-04-06T06:04:05.000Z","volume":10000,"label":" ","price":0.87},{"type":"A","date":"2018-04-06T06:04:09.000Z","volume":4000,"label":" ","price":0.87},{"type":"A","date":"2018-04-06T06:04:32.000Z","volume":20000,"label":" ","price":0.87},{"type":"A","date":"2018-04-06T06:05:22.000Z","volume":50000,"label":" ","price":0.87},{"type":"A","date":"2018-04-06T06:05:22.000Z","volume":103000,"label":" ","price":0.87},{"type":"A","date":"2018-04-06T06:05:22.000Z","volume":24000,"label":" ","price":0.87},{"type":"A","date":"2018-04-06T06:05:31.000Z","volume":20000,"label":" ","price":0.87},{"type":"A","date":"2018-04-06T06:05:31.000Z","volume":44000,"label":" ","price":0.87},{"type":"A","date":"2018-04-06T06:05:37.000Z","volume":20000,"label":" ","price":0.87},{"type":"A","date":"2018-04-06T06:05:37.000Z","volume":15000,"label":" ","price":0.87},{"type":"A","date":"2018-04-06T06:05:44.000Z","volume":70000,"label":" ","price":0.87},{"type":"A","date":"2018-04-06T06:05:58.000Z","volume":2000,"label":" ","price":0.88},{"type":"A","date":"2018-04-06T06:06:01.000Z","volume":2000,"label":" ","price":0.88},{"type":"A","date":"2018-04-06T06:06:03.000Z","volume":2000,"label":" ","price":0.88},{"type":"A","date":"2018-04-06T06:06:05.000Z","volume":1000,"label":" ","price":0.88},{"type":"A","date":"2018-04-06T06:06:07.000Z","volume":2000,"label":" ","price":0.88},{"type":"A","date":"2018-04-06T06:06:17.000Z","volume":1000,"label":" ","price":0.88},{"type":"A","date":"2018-04-06T06:06:35.000Z","volume":3000,"label":" ","price":0.88},{"type":"A","date":"2018-04-06T06:06:40.000Z","volume":20000,"label":" ","price":0.88},{"type":"A","date":"2018-04-06T06:06:40.000Z","volume":77000,"label":" ","price":0.88},{"type":"A","date":"2018-04-06T06:06:40.000Z","volume":7000,"label":" ","price":0.88},{"type":"A","date":"2018-04-06T06:06:44.000Z","volume":3000,"label":" ","price":0.88},{"type":"A","date":"2018-04-06T06:06:44.000Z","volume":3000,"label":" ","price":0.88},{"type":"A","date":"2018-04-06T06:06:57.000Z","volume":16000,"label":" ","price":0.88},{"type":"A","date":"2018-04-06T06:06:57.000Z","volume":2000,"label":" ","price":0.89},{"type":"A","date":"2018-04-06T06:06:59.000Z","volume":1000,"label":" ","price":0.89},{"type":"B","date":"2018-04-06T06:07:15.000Z","volume":20000,"label":"Y","price":0.88},{"type":"B","date":"2018-04-06T06:07:15.000Z","volume":2000,"label":" ","price":0.88},{"type":"A","date":"2018-04-06T06:07:15.000Z","volume":1000,"label":" ","price":0.88},{"type":"A","date":"2018-04-06T06:07:56.000Z","volume":7000,"label":" ","price":0.88},{"type":"A","date":"2018-04-06T06:07:56.000Z","volume":1000,"label":" ","price":0.89},{"type":"B","date":"2018-04-06T06:08:20.000Z","volume":3000,"label":" ","price":0.88},{"type":"B","date":"2018-04-06T06:08:20.000Z","volume":1000,"label":"Y","price":0.87},{"type":"B","date":"2018-04-06T06:08:20.000Z","volume":86000,"label":" ","price":0.87},{"type":"A","date":"2018-04-06T06:08:46.000Z","volume":10000,"label":" ","price":0.87},{"type":"A","date":"2018-04-06T06:08:51.000Z","volume":20000,"label":" ","price":0.87},{"type":"A","date":"2018-04-06T06:09:12.000Z","volume":2000,"label":" ","price":0.87},{"type":"A","date":"2018-04-06T06:09:17.000Z","volume":2000,"label":" ","price":0.87},{"type":"B","date":"2018-04-06T06:09:19.000Z","volume":20000,"label":" ","price":0.86},{"type":"A","date":"2018-04-06T06:09:50.000Z","volume":1000,"label":" ","price":0.86},{"type":"B","date":"2018-04-06T06:10:36.000Z","volume":61000,"label":" ","price":0.85},{"type":"B","date":"2018-04-06T06:11:40.000Z","volume":50000,"label":" ","price":0.84},{"type":"B","date":"2018-04-06T06:11:42.000Z","volume":121000,"label":" ","price":0.84},{"type":"A","date":"2018-04-06T06:12:01.000Z","volume":20000,"label":" ","price":0.84},{"type":"A","date":"2018-04-06T06:12:11.000Z","volume":9000,"label":" ","price":0.84},{"type":"B","date":"2018-04-06T06:12:22.000Z","volume":70000,"label":" ","price":0.84},{"type":"A","date":"2018-04-06T06:12:35.000Z","volume":1000,"label":" ","price":0.85},{"type":"A","date":"2018-04-06T06:12:38.000Z","volume":1000,"label":" ","price":0.85},{"type":"A","date":"2018-04-06T06:14:02.000Z","volume":5000,"label":" ","price":0.85},{"type":"A","date":"2018-04-06T06:14:04.000Z","volume":5000,"label":" ","price":0.85},{"type":"A","date":"2018-04-06T06:15:00.000Z","volume":96000,"label":" ","price":0.85},{"type":"A","date":"2018-04-06T06:15:13.000Z","volume":1000,"label":" ","price":0.86},{"type":"A","date":"2018-04-06T06:15:22.000Z","volume":2000,"label":" ","price":0.86},{"type":"A","date":"2018-04-06T06:15:25.000Z","volume":2000,"label":" ","price":0.86},{"type":"A","date":"2018-04-06T06:15:27.000Z","volume":3000,"label":" ","price":0.86},{"type":"A","date":"2018-04-06T06:15:28.000Z","volume":350000,"label":" ","price":0.86},{"type":"A","date":"2018-04-06T06:15:28.000Z","volume":19000,"label":" ","price":0.86},{"type":"A","date":"2018-04-06T06:15:29.000Z","volume":1000,"label":" ","price":0.86},{"type":"A","date":"2018-04-06T06:15:29.000Z","volume":8000,"label":" ","price":0.86},{"type":"A","date":"2018-04-06T06:15:52.000Z","volume":3000,"label":" ","price":0.87},{"type":"A","date":"2018-04-06T06:15:52.000Z","volume":1000,"label":" ","price":0.88},{"type":"A","date":"2018-04-06T06:16:05.000Z","volume":112000,"label":" ","price":0.88},{"type":"A","date":"2018-04-06T06:16:11.000Z","volume":10000,"label":" ","price":0.88},{"type":"B","date":"2018-04-06T06:16:37.000Z","volume":6000,"label":" ","price":0.87},{"type":"A","date":"2018-04-06T06:17:03.000Z","volume":5000,"label":" ","price":0.87},{"type":"A","date":"2018-04-06T06:17:06.000Z","volume":5000,"label":" ","price":0.87},{"type":"A","date":"2018-04-06T06:17:08.000Z","volume":10000,"label":" ","price":0.87},{"type":"A","date":"2018-04-06T06:17:13.000Z","volume":10000,"label":" ","price":0.87},{"type":"A","date":"2018-04-06T06:17:19.000Z","volume":10000,"label":" ","price":0.87},{"type":"A","date":"2018-04-06T06:17:23.000Z","volume":20000,"label":" ","price":0.87},{"type":"A","date":"2018-04-06T06:17:30.000Z","volume":100000,"label":" ","price":0.87},{"type":"A","date":"2018-04-06T06:17:31.000Z","volume":15000,"label":" ","price":0.87},{"type":"A","date":"2018-04-06T06:17:33.000Z","volume":60000,"label":" ","price":0.87},{"type":"A","date":"2018-04-06T06:17:34.000Z","volume":32000,"label":" ","price":0.87},{"type":"B","date":"2018-04-06T06:17:36.000Z","volume":88000,"label":" ","price":0.87},{"type":"B","date":"2018-04-06T06:17:36.000Z","volume":12000,"label":" ","price":0.86},{"type":"A","date":"2018-04-06T06:17:42.000Z","volume":10000,"label":" ","price":0.87},{"type":"A","date":"2018-04-06T06:17:45.000Z","volume":5000,"label":" ","price":0.87},{"type":"A","date":"2018-04-06T06:17:47.000Z","volume":5000,"label":" ","price":0.87},{"type":"A","date":"2018-04-06T06:18:01.000Z","volume":22000,"label":" ","price":0.87},{"type":"A","date":"2018-04-06T06:18:12.000Z","volume":20000,"label":" ","price":0.87},{"type":"A","date":"2018-04-06T06:18:27.000Z","volume":10000,"label":" ","price":0.87},{"type":"B","date":"2018-04-06T06:18:29.000Z","volume":6000,"label":" ","price":0.86},{"type":"A","date":"2018-04-06T06:18:54.000Z","volume":20000,"label":" ","price":0.86},{"type":"A","date":"2018-04-06T06:18:56.000Z","volume":20000,"label":" ","price":0.86},{"type":"A","date":"2018-04-06T06:18:59.000Z","volume":5000,"label":" ","price":0.86},{"type":"A","date":"2018-04-06T06:19:02.000Z","volume":5000,"label":" ","price":0.86},{"type":"A","date":"2018-04-06T06:19:06.000Z","volume":20000,"label":" ","price":0.86},{"type":"A","date":"2018-04-06T06:19:28.000Z","volume":20000,"label":" ","price":0.86},{"type":"A","date":"2018-04-06T06:19:37.000Z","volume":2000,"label":" ","price":0.86},{"type":"A","date":"2018-04-06T06:19:37.000Z","volume":2000,"label":" ","price":0.86},{"type":"A","date":"2018-04-06T06:19:41.000Z","volume":2000,"label":" ","price":0.86},{"type":"A","date":"2018-04-06T06:19:42.000Z","volume":2000,"label":" ","price":0.86},{"type":"A","date":"2018-04-06T06:19:45.000Z","volume":2000,"label":" ","price":0.86},{"type":"A","date":"2018-04-06T06:19:53.000Z","volume":5000,"label":" ","price":0.86},{"type":"B","date":"2018-04-06T06:20:13.000Z","volume":696000,"label":" ","price":0.85},{"type":"B","date":"2018-04-06T06:20:13.000Z","volume":204000,"label":" ","price":0.84},{"type":"A","date":"2018-04-06T06:20:24.000Z","volume":100000,"label":" ","price":0.85},{"type":"A","date":"2018-04-06T06:20:35.000Z","volume":12000,"label":" ","price":0.85},{"type":"B","date":"2018-04-06T06:20:55.000Z","volume":240000,"label":" ","price":0.84},{"type":"A","date":"2018-04-06T06:20:55.000Z","volume":12000,"label":" ","price":0.84},{"type":"A","date":"2018-04-06T06:20:55.000Z","volume":4000,"label":" ","price":0.84},{"type":"A","date":"2018-04-06T06:21:03.000Z","volume":20000,"label":" ","price":0.84},{"type":"A","date":"2018-04-06T06:21:04.000Z","volume":10000,"label":" ","price":0.84},{"type":"A","date":"2018-04-06T06:21:05.000Z","volume":5000,"label":" ","price":0.84},{"type":"A","date":"2018-04-06T06:21:10.000Z","volume":30000,"label":" ","price":0.84},{"type":"A","date":"2018-04-06T06:21:33.000Z","volume":1000,"label":" ","price":0.84},{"type":"A","date":"2018-04-06T06:21:33.000Z","volume":1000,"label":" ","price":0.85},{"type":"A","date":"2018-04-06T06:21:46.000Z","volume":1000,"label":" ","price":0.85},{"type":"A","date":"2018-04-06T06:22:22.000Z","volume":2000,"label":" ","price":0.85},{"type":"B","date":"2018-04-06T06:24:08.000Z","volume":72000,"label":" ","price":0.84},{"type":"B","date":"2018-04-06T06:24:08.000Z","volume":754000,"label":" ","price":0.83},{"type":"A","date":"2018-04-06T06:24:27.000Z","volume":2000,"label":" ","price":0.83},{"type":"A","date":"2018-04-06T06:24:43.000Z","volume":7000,"label":" ","price":0.83},{"type":"A","date":"2018-04-06T06:31:01.000Z","volume":10000,"label":" ","price":0.83},{"type":"A","date":"2018-04-06T06:31:48.000Z","volume":80000,"label":" ","price":0.83},{"type":"A","date":"2018-04-06T06:33:03.000Z","volume":50000,"label":" ","price":0.83},{"type":"A","date":"2018-04-06T06:33:24.000Z","volume":25000,"label":" ","price":0.83},{"type":"A","date":"2018-04-06T06:35:34.000Z","volume":1000,"label":" ","price":0.84},{"type":"A","date":"2018-04-06T06:35:38.000Z","volume":2000,"label":" ","price":0.84},{"type":"A","date":"2018-04-06T06:40:14.000Z","volume":100000,"label":" ","price":0.84},{"type":"A","date":"2018-04-06T06:41:19.000Z","volume":1000,"label":" ","price":0.85},{"type":"A","date":"2018-04-06T06:41:23.000Z","volume":1000,"label":" ","price":0.85},{"type":"B","date":"2018-04-06T06:41:42.000Z","volume":2000,"label":" ","price":0.84},{"type":"A","date":"2018-04-06T06:42:13.000Z","volume":20000,"label":" ","price":0.84},{"type":"A","date":"2018-04-06T06:44:04.000Z","volume":10000,"label":" ","price":0.84},{"type":"A","date":"2018-04-06T06:52:03.000Z","volume":18000,"label":" ","price":0.84},{"type":"A","date":"2018-04-06T06:55:25.000Z","volume":1000,"label":" ","price":0.85},{"type":"A","date":"2018-04-06T06:56:45.000Z","volume":1000,"label":" ","price":0.85},{"type":"A","date":"2018-04-06T07:01:50.000Z","volume":50000,"label":" ","price":0.85},{"type":"A","date":"2018-04-06T07:03:18.000Z","volume":1000,"label":" ","price":0.85},{"type":"A","date":"2018-04-06T07:03:22.000Z","volume":1000,"label":" ","price":0.85},{"type":"A","date":"2018-04-06T07:05:04.000Z","volume":2000,"label":" ","price":0.85},{"type":"A","date":"2018-04-06T07:10:05.000Z","volume":40000,"label":" ","price":0.85},{"type":"B","date":"2018-04-06T07:19:57.000Z","volume":436000,"label":" ","price":0.84},{"type":"B","date":"2018-04-06T07:20:31.000Z","volume":187000,"label":" ","price":0.83},{"type":"B","date":"2018-04-06T07:20:45.000Z","volume":60000,"label":" ","price":0.82},{"type":"B","date":"2018-04-06T07:20:45.000Z","volume":24000,"label":" ","price":0.82},{"type":"A","date":"2018-04-06T07:20:59.000Z","volume":9000,"label":" ","price":0.82},{"type":"B","date":"2018-04-06T07:23:58.000Z","volume":164000,"label":" ","price":0.81},{"type":"A","date":"2018-04-06T07:24:02.000Z","volume":48000,"label":" ","price":0.81},{"type":"A","date":"2018-04-06T07:24:05.000Z","volume":10000,"label":" ","price":0.81},{"type":"A","date":"2018-04-06T07:25:17.000Z","volume":5000,"label":" ","price":0.81},{"type":"B","date":"2018-04-06T07:26:54.000Z","volume":20000,"label":" ","price":0.8},{"type":"B","date":"2018-04-06T07:26:54.000Z","volume":131000,"label":" ","price":0.8},{"type":"B","date":"2018-04-06T07:26:56.000Z","volume":29000,"label":" ","price":0.8},{"type":"A","date":"2018-04-06T07:26:59.000Z","volume":4000,"label":" ","price":0.8},{"type":"A","date":"2018-04-06T07:27:03.000Z","volume":3000,"label":" ","price":0.8},{"type":"A","date":"2018-04-06T07:27:07.000Z","volume":2000,"label":" ","price":0.8},{"type":"A","date":"2018-04-06T07:27:11.000Z","volume":1000,"label":" ","price":0.8},{"type":"A","date":"2018-04-06T07:27:15.000Z","volume":1000,"label":" ","price":0.8},{"type":"B","date":"2018-04-06T07:28:50.000Z","volume":2000,"label":" ","price":0.8},{"type":"B","date":"2018-04-06T07:28:55.000Z","volume":2000,"label":" ","price":0.79},{"type":"A","date":"2018-04-06T07:30:07.000Z","volume":1000,"label":" ","price":0.82},{"type":"A","date":"2018-04-06T07:30:16.000Z","volume":1000,"label":" ","price":0.82},{"type":"A","date":"2018-04-06T07:30:47.000Z","volume":5000,"label":" ","price":0.82},{"type":"A","date":"2018-04-06T07:35:43.000Z","volume":1000,"label":" ","price":0.83},{"type":"A","date":"2018-04-06T07:35:47.000Z","volume":1000,"label":" ","price":0.83},{"type":"A","date":"2018-04-06T07:35:59.000Z","volume":50000,"label":" ","price":0.83},{"type":"B","date":"2018-04-06T07:43:13.000Z","volume":2000,"label":" ","price":0.82},{"type":"B","date":"2018-04-06T07:43:13.000Z","volume":10000,"label":" ","price":0.81},{"type":"B","date":"2018-04-06T07:43:24.000Z","volume":40000,"label":" ","price":0.81},{"type":"A","date":"2018-04-06T07:44:12.000Z","volume":10000,"label":" ","price":0.82},{"type":"B","date":"2018-04-06T07:44:24.000Z","volume":2000,"label":" ","price":0.82},{"type":"B","date":"2018-04-06T07:44:34.000Z","volume":40000,"label":" ","price":0.82},{"type":"B","date":"2018-04-06T07:46:26.000Z","volume":3000,"label":" ","price":0.82},{"type":"B","date":"2018-04-06T07:49:31.000Z","volume":10000,"label":" ","price":0.81},{"type":"A","date":"2018-04-06T07:49:45.000Z","volume":50000,"label":" ","price":0.82},{"type":"A","date":"2018-04-06T07:50:28.000Z","volume":1000,"label":" ","price":0.82},{"type":"A","date":"2018-04-06T07:52:50.000Z","volume":16000,"label":" ","price":0.82},{"type":"A","date":"2018-04-06T07:52:50.000Z","volume":34000,"label":" ","price":0.83},{"type":"B","date":"2018-04-06T07:53:38.000Z","volume":4000,"label":" ","price":0.82},{"type":"A","date":"2018-04-06T07:58:00.000Z","volume":58000,"label":" ","price":0.83},{"type":"A","date":"2018-04-06T07:58:00.000Z","volume":231000,"label":" ","price":0.84},{"type":"B","date":"2018-04-06T07:58:01.000Z","volume":36000,"label":" ","price":0.84},{"type":"A","date":"2018-04-06T07:58:24.000Z","volume":18000,"label":" ","price":0.83},{"type":"A","date":"2018-04-06T07:59:09.000Z","volume":2000,"label":" ","price":0.83},{"type":"A","date":"2018-04-06T07:59:11.000Z","volume":39000,"label":" ","price":0.83},{"type":"A","date":"2018-04-06T07:59:16.000Z","volume":2000,"label":" ","price":0.84},{"type":"B","date":"2018-04-06T07:59:16.000Z","volume":60000,"label":" ","price":0.83},{"type":"A","date":"2018-04-06T07:59:20.000Z","volume":2000,"label":" ","price":0.84},{"type":"A","date":"2018-04-06T07:59:22.000Z","volume":1000,"label":" ","price":0.84},{"type":"A","date":"2018-04-06T07:59:24.000Z","volume":2000,"label":" ","price":0.84},{"type":"A","date":"2018-04-06T07:59:27.000Z","volume":1000,"label":" ","price":0.84},{"type":"A","date":"2018-04-06T07:59:29.000Z","volume":1000,"label":" ","price":0.84},{"type":"A","date":"2018-04-06T07:59:37.000Z","volume":1000,"label":" ","price":0.84},{"type":"A","date":"2018-04-06T07:59:39.000Z","volume":16000,"label":" ","price":0.84},{"type":"B","date":"2018-04-06T07:59:41.000Z","volume":20000,"label":" ","price":0.84},{"type":"A","date":"2018-04-06T07:59:42.000Z","volume":1000,"label":" ","price":0.85},{"type":"B","date":"2018-04-06T07:59:46.000Z","volume":6000,"label":" ","price":0.84}]