[{"type":"U","date":"2018-03-23T01:20:00.000Z","volume":3080000,"label":"U","price":0.02},{"type":"U","date":"2018-03-23T01:35:40.000Z","volume":16000,"label":"D","price":0.015},{"type":"A","date":"2018-03-23T01:37:20.000Z","volume":120000,"label":" ","price":0.021},{"type":"B","date":"2018-03-23T01:56:46.000Z","volume":240000,"label":" ","price":0.02},{"type":"B","date":"2018-03-23T02:19:22.000Z","volume":1600000,"label":" ","price":0.02},{"type":"B","date":"2018-03-23T02:26:52.000Z","volume":1000000,"label":"Y","price":0.02},{"type":"B","date":"2018-03-23T02:26:52.000Z","volume":21920000,"label":" ","price":0.02},{"type":"B","date":"2018-03-23T02:27:48.000Z","volume":200000,"label":" ","price":0.019},{"type":"B","date":"2018-03-23T02:30:18.000Z","volume":1000000,"label":" ","price":0.019},{"type":"B","date":"2018-03-23T02:30:26.000Z","volume":1000000,"label":" ","price":0.019},{"type":"B","date":"2018-03-23T02:30:45.000Z","volume":1000000,"label":" ","price":0.019},{"type":"B","date":"2018-03-23T02:34:35.000Z","volume":1000000,"label":" ","price":0.019},{"type":"B","date":"2018-03-23T02:36:47.000Z","volume":1000000,"label":" ","price":0.019},{"type":"B","date":"2018-03-23T02:37:01.000Z","volume":840000,"label":" ","price":0.019},{"type":"B","date":"2018-03-23T02:37:27.000Z","volume":1000000,"label":" ","price":0.019},{"type":"A","date":"2018-03-23T03:07:18.000Z","volume":200000,"label":" ","price":0.02},{"type":"A","date":"2018-03-23T03:07:45.000Z","volume":13000000,"label":" ","price":0.02},{"type":"A","date":"2018-03-23T03:09:54.000Z","volume":1000000,"label":" ","price":0.02},{"type":"A","date":"2018-03-23T03:11:34.000Z","volume":920000,"label":" ","price":0.02},{"type":"B","date":"2018-03-23T03:42:21.000Z","volume":2040000,"label":" ","price":0.02},{"type":"A","date":"2018-03-23T03:44:00.000Z","volume":400000,"label":" ","price":0.02},{"type":"A","date":"2018-03-23T03:45:17.000Z","volume":520000,"label":" ","price":0.02},{"type":"A","date":"2018-03-23T05:02:46.000Z","volume":3800000,"label":"Y","price":0.02},{"type":"A","date":"2018-03-23T05:50:33.000Z","volume":800000,"label":" ","price":0.02},{"type":"A","date":"2018-03-23T06:25:48.000Z","volume":2200000,"label":"Y","price":0.02},{"type":"A","date":"2018-03-23T06:32:17.000Z","volume":600000,"label":" ","price":0.02},{"type":"A","date":"2018-03-23T06:57:41.000Z","volume":2840000,"label":" ","price":0.02},{"type":"A","date":"2018-03-23T06:59:54.000Z","volume":520000,"label":" ","price":0.02},{"type":"A","date":"2018-03-23T07:23:33.000Z","volume":1000000,"label":" ","price":0.02},{"type":"A","date":"2018-03-23T07:54:05.000Z","volume":200000,"label":" ","price":0.02},{"type":"A","date":"2018-03-23T07:55:00.000Z","volume":40000,"label":"Y","price":0.02},{"type":"A","date":"2018-03-23T07:59:40.000Z","volume":40000,"label":" ","price":0.021}]