[{"type":"U","date":"2018-04-04T01:20:00.000Z","volume":908000,"label":"U","price":8.34},{"type":"A","date":"2018-04-04T01:30:01.000Z","volume":3500,"label":" ","price":8.39},{"type":"A","date":"2018-04-04T01:30:01.000Z","volume":6500,"label":" ","price":8.4},{"type":"A","date":"2018-04-04T01:30:01.000Z","volume":1500,"label":" ","price":8.4},{"type":"A","date":"2018-04-04T01:30:02.000Z","volume":10000,"label":" ","price":8.4},{"type":"A","date":"2018-04-04T01:30:02.000Z","volume":1000,"label":" ","price":8.4},{"type":"A","date":"2018-04-04T01:30:02.000Z","volume":500,"label":" ","price":8.4},{"type":"A","date":"2018-04-04T01:30:02.000Z","volume":1000,"label":" ","price":8.4},{"type":"B","date":"2018-04-04T01:30:03.000Z","volume":500,"label":"Y","price":8.38},{"type":"B","date":"2018-04-04T01:30:03.000Z","volume":500,"label":" ","price":8.38},{"type":"B","date":"2018-04-04T01:30:03.000Z","volume":500,"label":" ","price":8.39},{"type":"B","date":"2018-04-04T01:30:04.000Z","volume":500,"label":" ","price":8.39},{"type":"A","date":"2018-04-04T01:30:04.000Z","volume":1000,"label":" ","price":8.4},{"type":"A","date":"2018-04-04T01:30:04.000Z","volume":1000,"label":" ","price":8.4},{"type":"A","date":"2018-04-04T01:30:05.000Z","volume":500,"label":" ","price":8.4},{"type":"B","date":"2018-04-04T01:30:05.000Z","volume":500,"label":"Y","price":8.38},{"type":"B","date":"2018-04-04T01:30:05.000Z","volume":500,"label":" ","price":8.38},{"type":"A","date":"2018-04-04T01:30:07.000Z","volume":1000,"label":" ","price":8.4},{"type":"B","date":"2018-04-04T01:30:10.000Z","volume":1000,"label":" ","price":8.38},{"type":"B","date":"2018-04-04T01:30:11.000Z","volume":500,"label":" ","price":8.38},{"type":"A","date":"2018-04-04T01:30:12.000Z","volume":6500,"label":" ","price":8.39},{"type":"A","date":"2018-04-04T01:30:12.000Z","volume":1000,"label":" ","price":8.4},{"type":"A","date":"2018-04-04T01:30:12.000Z","volume":1500,"label":" ","price":8.4},{"type":"B","date":"2018-04-04T01:30:13.000Z","volume":500,"label":" ","price":8.39},{"type":"A","date":"2018-04-04T01:30:15.000Z","volume":78000,"label":" ","price":8.4},{"type":"A","date":"2018-04-04T01:30:15.000Z","volume":4500,"label":" ","price":8.4},{"type":"A","date":"2018-04-04T01:30:16.000Z","volume":63500,"label":" ","price":8.4},{"type":"A","date":"2018-04-04T01:30:16.000Z","volume":23500,"label":" ","price":8.4},{"type":"U","date":"2018-04-04T01:30:16.000Z","volume":1000,"label":" ","price":8.4},{"type":"A","date":"2018-04-04T01:30:17.000Z","volume":2000,"label":" ","price":8.4},{"type":"A","date":"2018-04-04T01:30:17.000Z","volume":12500,"label":" ","price":8.41},{"type":"A","date":"2018-04-04T01:30:17.000Z","volume":3000,"label":" ","price":8.4},{"type":"B","date":"2018-04-04T01:30:18.000Z","volume":500,"label":" ","price":8.4},{"type":"A","date":"2018-04-04T01:30:18.000Z","volume":500,"label":" ","price":8.42},{"type":"A","date":"2018-04-04T01:30:18.000Z","volume":15000,"label":" ","price":8.42},{"type":"A","date":"2018-04-04T01:30:18.000Z","volume":22000,"label":" ","price":8.42},{"type":"A","date":"2018-04-04T01:30:19.000Z","volume":10000,"label":" ","price":8.42},{"type":"A","date":"2018-04-04T01:30:19.000Z","volume":7500,"label":" ","price":8.42},{"type":"B","date":"2018-04-04T01:30:19.000Z","volume":500,"label":" ","price":8.41},{"type":"A","date":"2018-04-04T01:30:20.000Z","volume":2000,"label":" ","price":8.42},{"type":"A","date":"2018-04-04T01:30:20.000Z","volume":11500,"label":" ","price":8.44},{"type":"A","date":"2018-04-04T01:30:20.000Z","volume":1500,"label":" ","price":8.44},{"type":"A","date":"2018-04-04T01:30:21.000Z","volume":1000,"label":" ","price":8.44},{"type":"A","date":"2018-04-04T01:30:21.000Z","volume":500,"label":" ","price":8.44},{"type":"A","date":"2018-04-04T01:30:22.000Z","volume":1500,"label":" ","price":8.45},{"type":"A","date":"2018-04-04T01:30:22.000Z","volume":11500,"label":" ","price":8.45},{"type":"A","date":"2018-04-04T01:30:22.000Z","volume":1500,"label":" ","price":8.45},{"type":"A","date":"2018-04-04T01:30:22.000Z","volume":500,"label":" ","price":8.45},{"type":"A","date":"2018-04-04T01:30:22.000Z","volume":1000,"label":" ","price":8.45},{"type":"A","date":"2018-04-04T01:30:22.000Z","volume":3000,"label":" ","price":8.45},{"type":"B","date":"2018-04-04T01:30:23.000Z","volume":500,"label":" ","price":8.44},{"type":"A","date":"2018-04-04T01:30:24.000Z","volume":2500,"label":" ","price":8.45},{"type":"A","date":"2018-04-04T01:30:24.000Z","volume":500,"label":" ","price":8.45},{"type":"B","date":"2018-04-04T01:30:24.000Z","volume":2500,"label":"Y","price":8.44},{"type":"B","date":"2018-04-04T01:30:24.000Z","volume":3500,"label":" ","price":8.44},{"type":"B","date":"2018-04-04T01:30:25.000Z","volume":3500,"label":" ","price":8.44},{"type":"B","date":"2018-04-04T01:30:25.000Z","volume":500,"label":" ","price":8.44},{"type":"B","date":"2018-04-04T01:30:25.000Z","volume":1500,"label":" ","price":8.44},{"type":"B","date":"2018-04-04T01:30:25.000Z","volume":2500,"label":" ","price":8.44},{"type":"B","date":"2018-04-04T01:30:25.000Z","volume":4500,"label":" ","price":8.43},{"type":"B","date":"2018-04-04T01:30:27.000Z","volume":500,"label":" ","price":8.41},{"type":"A","date":"2018-04-04T01:30:27.000Z","volume":36500,"label":" ","price":8.45},{"type":"A","date":"2018-04-04T01:30:27.000Z","volume":12000,"label":" ","price":8.45},{"type":"B","date":"2018-04-04T01:30:29.000Z","volume":1000,"label":" ","price":8.42},{"type":"U","date":"2018-04-04T01:30:31.000Z","volume":500,"label":"X","price":8.45},{"type":"U","date":"2018-04-04T01:30:32.000Z","volume":500,"label":"X","price":8.45},{"type":"U","date":"2018-04-04T01:30:32.000Z","volume":3500,"label":" ","price":8.45},{"type":"B","date":"2018-04-04T01:30:32.000Z","volume":2000,"label":" ","price":8.45},{"type":"B","date":"2018-04-04T01:30:32.000Z","volume":2000,"label":" ","price":8.45},{"type":"A","date":"2018-04-04T01:30:32.000Z","volume":1000,"label":" ","price":8.46},{"type":"B","date":"2018-04-04T01:30:33.000Z","volume":1500,"label":" ","price":8.44},{"type":"U","date":"2018-04-04T01:30:36.000Z","volume":500,"label":"X","price":8.45},{"type":"U","date":"2018-04-04T01:30:46.000Z","volume":500,"label":"X","price":8.45},{"type":"B","date":"2018-04-04T01:30:46.000Z","volume":1500,"label":" ","price":8.44},{"type":"U","date":"2018-04-04T01:30:47.000Z","volume":2000,"label":" ","price":8.45},{"type":"U","date":"2018-04-04T01:30:47.000Z","volume":1500,"label":"Y","price":8.45},{"type":"U","date":"2018-04-04T01:30:47.000Z","volume":1000,"label":"Y","price":8.45},{"type":"B","date":"2018-04-04T01:30:47.000Z","volume":22000,"label":"Y","price":8.44},{"type":"B","date":"2018-04-04T01:30:47.000Z","volume":500,"label":" ","price":8.44},{"type":"B","date":"2018-04-04T01:30:47.000Z","volume":500,"label":"Y","price":8.44},{"type":"U","date":"2018-04-04T01:30:47.000Z","volume":500,"label":"Y","price":8.45},{"type":"U","date":"2018-04-04T01:30:47.000Z","volume":1000,"label":"Y","price":8.45},{"type":"U","date":"2018-04-04T01:30:47.000Z","volume":1000,"label":" ","price":8.45},{"type":"U","date":"2018-04-04T01:30:47.000Z","volume":500,"label":" ","price":8.45},{"type":"B","date":"2018-04-04T01:30:47.000Z","volume":15500,"label":" ","price":8.45},{"type":"A","date":"2018-04-04T01:30:47.000Z","volume":1500,"label":"Y","price":8.46},{"type":"A","date":"2018-04-04T01:30:47.000Z","volume":2000,"label":"Y","price":8.46},{"type":"A","date":"2018-04-04T01:30:47.000Z","volume":3000,"label":" ","price":8.46},{"type":"B","date":"2018-04-04T01:30:47.000Z","volume":9500,"label":" ","price":8.46},{"type":"B","date":"2018-04-04T01:30:48.000Z","volume":1000,"label":" ","price":8.46},{"type":"A","date":"2018-04-04T01:30:50.000Z","volume":2000,"label":" ","price":8.47},{"type":"U","date":"2018-04-04T01:30:50.000Z","volume":500,"label":"X","price":8.465},{"type":"A","date":"2018-04-04T01:30:50.000Z","volume":3000,"label":" ","price":8.47},{"type":"A","date":"2018-04-04T01:30:50.000Z","volume":3500,"label":" ","price":8.47},{"type":"A","date":"2018-04-04T01:30:50.000Z","volume":4000,"label":" ","price":8.47},{"type":"A","date":"2018-04-04T01:30:50.000Z","volume":500,"label":" ","price":8.47},{"type":"A","date":"2018-04-04T01:30:50.000Z","volume":3000,"label":" ","price":8.47},{"type":"A","date":"2018-04-04T01:30:51.000Z","volume":7000,"label":" ","price":8.47},{"type":"B","date":"2018-04-04T01:30:52.000Z","volume":1000,"label":" ","price":8.46},{"type":"A","date":"2018-04-04T01:30:52.000Z","volume":500,"label":"Y","price":8.47},{"type":"A","date":"2018-04-04T01:30:52.000Z","volume":500,"label":" ","price":8.47},{"type":"A","date":"2018-04-04T01:30:52.000Z","volume":5000,"label":" ","price":8.47},{"type":"B","date":"2018-04-04T01:30:54.000Z","volume":500,"label":" ","price":8.47},{"type":"A","date":"2018-04-04T01:30:54.000Z","volume":1000,"label":"Y","price":8.48},{"type":"A","date":"2018-04-04T01:30:54.000Z","volume":27000,"label":" ","price":8.48},{"type":"B","date":"2018-04-04T01:30:56.000Z","volume":2000,"label":" ","price":8.47},{"type":"B","date":"2018-04-04T01:30:56.000Z","volume":1000,"label":" ","price":8.47},{"type":"B","date":"2018-04-04T01:30:56.000Z","volume":2500,"label":" ","price":8.47},{"type":"A","date":"2018-04-04T01:30:56.000Z","volume":1000,"label":"Y","price":8.48},{"type":"A","date":"2018-04-04T01:30:57.000Z","volume":500,"label":" ","price":8.48},{"type":"A","date":"2018-04-04T01:30:57.000Z","volume":2500,"label":" ","price":8.49},{"type":"B","date":"2018-04-04T01:30:58.000Z","volume":500,"label":" ","price":8.47},{"type":"A","date":"2018-04-04T01:30:59.000Z","volume":2500,"label":" ","price":8.49},{"type":"B","date":"2018-04-04T01:31:00.000Z","volume":500,"label":" ","price":8.47},{"type":"U","date":"2018-04-04T01:31:01.000Z","volume":500,"label":"X","price":8.48},{"type":"U","date":"2018-04-04T01:31:01.000Z","volume":1000,"label":"X","price":8.48},{"type":"A","date":"2018-04-04T01:31:04.000Z","volume":4000,"label":" ","price":8.49},{"type":"B","date":"2018-04-04T01:31:06.000Z","volume":500,"label":" ","price":8.47},{"type":"B","date":"2018-04-04T01:31:13.000Z","volume":1500,"label":" ","price":8.47},{"type":"B","date":"2018-04-04T01:31:21.000Z","volume":1000,"label":" ","price":8.47},{"type":"B","date":"2018-04-04T01:31:25.000Z","volume":1000,"label":" ","price":8.48},{"type":"U","date":"2018-04-04T01:31:30.000Z","volume":500,"label":"X","price":8.485},{"type":"B","date":"2018-04-04T01:31:52.000Z","volume":29500,"label":" ","price":8.48},{"type":"B","date":"2018-04-04T01:31:52.000Z","volume":1000,"label":" ","price":8.48},{"type":"B","date":"2018-04-04T01:31:53.000Z","volume":3500,"label":" ","price":8.47},{"type":"B","date":"2018-04-04T01:31:53.000Z","volume":3500,"label":" ","price":8.46},{"type":"B","date":"2018-04-04T01:31:53.000Z","volume":2000,"label":" ","price":8.45},{"type":"B","date":"2018-04-04T01:31:54.000Z","volume":1000,"label":" ","price":8.42},{"type":"U","date":"2018-04-04T01:32:01.000Z","volume":500,"label":"X","price":8.44},{"type":"A","date":"2018-04-04T01:32:13.000Z","volume":2000,"label":"Y","price":8.45},{"type":"A","date":"2018-04-04T01:32:13.000Z","volume":8500,"label":" ","price":8.45},{"type":"A","date":"2018-04-04T01:32:13.000Z","volume":3500,"label":" ","price":8.45},{"type":"B","date":"2018-04-04T01:32:14.000Z","volume":1000,"label":" ","price":8.42},{"type":"U","date":"2018-04-04T01:32:16.000Z","volume":500,"label":"X","price":8.44},{"type":"U","date":"2018-04-04T01:32:17.000Z","volume":500,"label":"X","price":8.44},{"type":"U","date":"2018-04-04T01:32:33.000Z","volume":500,"label":"X","price":8.44},{"type":"U","date":"2018-04-04T01:32:34.000Z","volume":500,"label":"X","price":8.44},{"type":"U","date":"2018-04-04T01:32:35.000Z","volume":10000,"label":" ","price":8.44},{"type":"U","date":"2018-04-04T01:32:35.000Z","volume":5000,"label":" ","price":8.44},{"type":"U","date":"2018-04-04T01:32:35.000Z","volume":1500,"label":" ","price":8.44},{"type":"U","date":"2018-04-04T01:32:35.000Z","volume":1000,"label":" ","price":8.44},{"type":"U","date":"2018-04-04T01:32:35.000Z","volume":500,"label":" ","price":8.44},{"type":"B","date":"2018-04-04T01:32:36.000Z","volume":500,"label":"Y","price":8.44},{"type":"B","date":"2018-04-04T01:32:36.000Z","volume":500,"label":" ","price":8.44},{"type":"B","date":"2018-04-04T01:32:36.000Z","volume":500,"label":"Y","price":8.44},{"type":"B","date":"2018-04-04T01:32:36.000Z","volume":500,"label":" ","price":8.44},{"type":"B","date":"2018-04-04T01:32:36.000Z","volume":1000,"label":"Y","price":8.44},{"type":"B","date":"2018-04-04T01:32:36.000Z","volume":500,"label":" ","price":8.44},{"type":"B","date":"2018-04-04T01:32:36.000Z","volume":1000,"label":" ","price":8.44},{"type":"B","date":"2018-04-04T01:32:36.000Z","volume":500,"label":" ","price":8.44},{"type":"B","date":"2018-04-04T01:32:36.000Z","volume":1000,"label":" ","price":8.44},{"type":"B","date":"2018-04-04T01:32:36.000Z","volume":500,"label":" ","price":8.44},{"type":"B","date":"2018-04-04T01:32:36.000Z","volume":500,"label":" ","price":8.44},{"type":"B","date":"2018-04-04T01:32:37.000Z","volume":500,"label":" ","price":8.44},{"type":"B","date":"2018-04-04T01:32:37.000Z","volume":500,"label":" ","price":8.44},{"type":"B","date":"2018-04-04T01:32:37.000Z","volume":500,"label":"Y","price":8.44},{"type":"B","date":"2018-04-04T01:32:38.000Z","volume":500,"label":" ","price":8.44},{"type":"U","date":"2018-04-04T01:32:42.000Z","volume":500,"label":"X","price":8.445},{"type":"B","date":"2018-04-04T01:32:42.000Z","volume":1000,"label":" ","price":8.44},{"type":"B","date":"2018-04-04T01:32:57.000Z","volume":10000,"label":" ","price":8.44},{"type":"B","date":"2018-04-04T01:32:58.000Z","volume":500,"label":" ","price":8.44},{"type":"A","date":"2018-04-04T01:33:01.000Z","volume":53000,"label":" ","price":8.45},{"type":"A","date":"2018-04-04T01:33:01.000Z","volume":16000,"label":" ","price":8.46},{"type":"A","date":"2018-04-04T01:33:01.000Z","volume":5000,"label":" ","price":8.47},{"type":"B","date":"2018-04-04T01:33:02.000Z","volume":500,"label":" ","price":8.45},{"type":"A","date":"2018-04-04T01:33:03.000Z","volume":6500,"label":" ","price":8.47},{"type":"B","date":"2018-04-04T01:33:03.000Z","volume":15500,"label":" ","price":8.46},{"type":"B","date":"2018-04-04T01:33:03.000Z","volume":24500,"label":" ","price":8.45},{"type":"B","date":"2018-04-04T01:33:04.000Z","volume":1500,"label":" ","price":8.45},{"type":"U","date":"2018-04-04T01:33:04.000Z","volume":500,"label":"X","price":8.465},{"type":"U","date":"2018-04-04T01:33:05.000Z","volume":500,"label":"X","price":8.465},{"type":"U","date":"2018-04-04T01:33:05.000Z","volume":500,"label":"X","price":8.465},{"type":"U","date":"2018-04-04T01:33:05.000Z","volume":500,"label":"X","price":8.465},{"type":"B","date":"2018-04-04T01:33:19.000Z","volume":500,"label":" ","price":8.46},{"type":"A","date":"2018-04-04T01:33:32.000Z","volume":2000,"label":" ","price":8.47},{"type":"A","date":"2018-04-04T01:33:32.000Z","volume":7500,"label":" ","price":8.47},{"type":"A","date":"2018-04-04T01:33:32.000Z","volume":6000,"label":" ","price":8.47},{"type":"A","date":"2018-04-04T01:33:32.000Z","volume":2000,"label":" ","price":8.47},{"type":"A","date":"2018-04-04T01:33:32.000Z","volume":22000,"label":" ","price":8.48},{"type":"A","date":"2018-04-04T01:33:32.000Z","volume":1000,"label":" ","price":8.48},{"type":"A","date":"2018-04-04T01:33:33.000Z","volume":3000,"label":" ","price":8.47},{"type":"B","date":"2018-04-04T01:33:33.000Z","volume":1500,"label":" ","price":8.47},{"type":"U","date":"2018-04-04T01:33:34.000Z","volume":500,"label":"X","price":8.475},{"type":"U","date":"2018-04-04T01:33:34.000Z","volume":500,"label":"X","price":8.475},{"type":"A","date":"2018-04-04T01:33:45.000Z","volume":500,"label":" ","price":8.48},{"type":"U","date":"2018-04-04T01:33:46.000Z","volume":500,"label":"X","price":8.475},{"type":"A","date":"2018-04-04T01:33:46.000Z","volume":5000,"label":" ","price":8.48},{"type":"A","date":"2018-04-04T01:33:47.000Z","volume":6500,"label":"Y","price":8.48},{"type":"A","date":"2018-04-04T01:33:47.000Z","volume":3000,"label":"Y","price":8.48},{"type":"A","date":"2018-04-04T01:33:47.000Z","volume":1000,"label":" ","price":8.48},{"type":"B","date":"2018-04-04T01:33:47.000Z","volume":1000,"label":" ","price":8.47},{"type":"U","date":"2018-04-04T01:33:47.000Z","volume":500,"label":"X","price":8.475},{"type":"A","date":"2018-04-04T01:33:49.000Z","volume":500,"label":" ","price":8.48},{"type":"A","date":"2018-04-04T01:33:49.000Z","volume":1000,"label":" ","price":8.48},{"type":"A","date":"2018-04-04T01:33:53.000Z","volume":500,"label":" ","price":8.48},{"type":"A","date":"2018-04-04T01:33:54.000Z","volume":500,"label":" ","price":8.48},{"type":"A","date":"2018-04-04T01:33:57.000Z","volume":11000,"label":" ","price":8.48},{"type":"A","date":"2018-04-04T01:33:57.000Z","volume":1000,"label":"Y","price":8.48},{"type":"A","date":"2018-04-04T01:33:57.000Z","volume":500,"label":" ","price":8.48},{"type":"A","date":"2018-04-04T01:33:57.000Z","volume":27000,"label":" ","price":8.49},{"type":"B","date":"2018-04-04T01:33:57.000Z","volume":500,"label":" ","price":8.47},{"type":"B","date":"2018-04-04T01:33:59.000Z","volume":500,"label":" ","price":8.47},{"type":"A","date":"2018-04-04T01:34:01.000Z","volume":1500,"label":" ","price":8.49},{"type":"B","date":"2018-04-04T01:34:01.000Z","volume":500,"label":" ","price":8.48},{"type":"A","date":"2018-04-04T01:34:06.000Z","volume":2500,"label":" ","price":8.49},{"type":"A","date":"2018-04-04T01:34:06.000Z","volume":3000,"label":" ","price":8.49},{"type":"A","date":"2018-04-04T01:34:06.000Z","volume":1500,"label":" ","price":8.49},{"type":"A","date":"2018-04-04T01:34:06.000Z","volume":1000,"label":"Y","price":8.49},{"type":"A","date":"2018-04-04T01:34:26.000Z","volume":3000,"label":" ","price":8.5},{"type":"B","date":"2018-04-04T01:34:26.000Z","volume":500,"label":" ","price":8.49},{"type":"A","date":"2018-04-04T01:34:26.000Z","volume":500,"label":" ","price":8.5},{"type":"A","date":"2018-04-04T01:34:26.000Z","volume":1000,"label":" ","price":8.5},{"type":"B","date":"2018-04-04T01:34:54.000Z","volume":1000,"label":" ","price":8.49},{"type":"A","date":"2018-04-04T01:34:56.000Z","volume":4000,"label":" ","price":8.5},{"type":"B","date":"2018-04-04T01:35:08.000Z","volume":1000,"label":" ","price":8.49},{"type":"B","date":"2018-04-04T01:35:13.000Z","volume":2000,"label":"Y","price":8.49},{"type":"B","date":"2018-04-04T01:35:13.000Z","volume":11000,"label":" ","price":8.49},{"type":"B","date":"2018-04-04T01:35:14.000Z","volume":500,"label":" ","price":8.49},{"type":"A","date":"2018-04-04T01:35:17.000Z","volume":500,"label":" ","price":8.5},{"type":"U","date":"2018-04-04T01:35:18.000Z","volume":2500,"label":"X","price":8.49},{"type":"A","date":"2018-04-04T01:35:30.000Z","volume":3000,"label":" ","price":8.5},{"type":"A","date":"2018-04-04T01:35:30.000Z","volume":500,"label":" ","price":8.5},{"type":"B","date":"2018-04-04T01:35:30.000Z","volume":500,"label":" ","price":8.49},{"type":"U","date":"2018-04-04T01:35:44.000Z","volume":411,"label":"D","price":8.43},{"type":"B","date":"2018-04-04T01:35:45.000Z","volume":1000,"label":" ","price":8.49},{"type":"A","date":"2018-04-04T01:35:47.000Z","volume":6500,"label":" ","price":8.5},{"type":"A","date":"2018-04-04T01:35:47.000Z","volume":500,"label":" ","price":8.5},{"type":"B","date":"2018-04-04T01:35:48.000Z","volume":500,"label":" ","price":8.49},{"type":"A","date":"2018-04-04T01:36:00.000Z","volume":1000,"label":" ","price":8.5},{"type":"A","date":"2018-04-04T01:36:01.000Z","volume":2000,"label":" ","price":8.5},{"type":"A","date":"2018-04-04T01:36:02.000Z","volume":1500,"label":"Y","price":8.5},{"type":"A","date":"2018-04-04T01:36:02.000Z","volume":4000,"label":" ","price":8.5},{"type":"A","date":"2018-04-04T01:36:02.000Z","volume":42500,"label":" ","price":8.5},{"type":"A","date":"2018-04-04T01:36:02.000Z","volume":1000,"label":" ","price":8.5},{"type":"A","date":"2018-04-04T01:36:02.000Z","volume":500,"label":" ","price":8.5},{"type":"A","date":"2018-04-04T01:36:02.000Z","volume":2500,"label":" ","price":8.5},{"type":"A","date":"2018-04-04T01:36:02.000Z","volume":1500,"label":" ","price":8.5},{"type":"A","date":"2018-04-04T01:36:03.000Z","volume":1500,"label":" ","price":8.5},{"type":"A","date":"2018-04-04T01:36:04.000Z","volume":1000,"label":" ","price":8.5},{"type":"B","date":"2018-04-04T01:36:04.000Z","volume":500,"label":" ","price":8.49},{"type":"U","date":"2018-04-04T01:36:05.000Z","volume":1500,"label":"X","price":8.495},{"type":"U","date":"2018-04-04T01:36:05.000Z","volume":500,"label":"X","price":8.495},{"type":"U","date":"2018-04-04T01:36:05.000Z","volume":500,"label":"X","price":8.495},{"type":"A","date":"2018-04-04T01:36:06.000Z","volume":1500,"label":" ","price":8.5},{"type":"A","date":"2018-04-04T01:36:06.000Z","volume":3000,"label":" ","price":8.5},{"type":"U","date":"2018-04-04T01:36:06.000Z","volume":1500,"label":"X","price":8.495},{"type":"A","date":"2018-04-04T01:36:08.000Z","volume":1500,"label":" ","price":8.5},{"type":"A","date":"2018-04-04T01:36:09.000Z","volume":500,"label":" ","price":8.5},{"type":"A","date":"2018-04-04T01:36:10.000Z","volume":500,"label":" ","price":8.51},{"type":"A","date":"2018-04-04T01:36:10.000Z","volume":1000,"label":" ","price":8.51},{"type":"A","date":"2018-04-04T01:36:10.000Z","volume":10500,"label":" ","price":8.51},{"type":"A","date":"2018-04-04T01:36:17.000Z","volume":4000,"label":" ","price":8.52},{"type":"A","date":"2018-04-04T01:36:17.000Z","volume":2500,"label":"Y","price":8.52},{"type":"A","date":"2018-04-04T01:36:17.000Z","volume":7000,"label":" ","price":8.52},{"type":"A","date":"2018-04-04T01:36:17.000Z","volume":1000,"label":" ","price":8.52},{"type":"A","date":"2018-04-04T01:36:17.000Z","volume":1500,"label":" ","price":8.52},{"type":"A","date":"2018-04-04T01:36:17.000Z","volume":4000,"label":" ","price":8.52},{"type":"A","date":"2018-04-04T01:36:18.000Z","volume":1000,"label":" ","price":8.52},{"type":"A","date":"2018-04-04T01:36:18.000Z","volume":1000,"label":" ","price":8.52},{"type":"A","date":"2018-04-04T01:36:18.000Z","volume":1500,"label":" ","price":8.52},{"type":"B","date":"2018-04-04T01:36:27.000Z","volume":2000,"label":" ","price":8.52},{"type":"B","date":"2018-04-04T01:36:28.000Z","volume":500,"label":" ","price":8.52},{"type":"B","date":"2018-04-04T01:36:47.000Z","volume":500,"label":" ","price":8.52},{"type":"B","date":"2018-04-04T01:36:50.000Z","volume":20000,"label":" ","price":8.52},{"type":"B","date":"2018-04-04T01:36:50.000Z","volume":13000,"label":" ","price":8.52},{"type":"B","date":"2018-04-04T01:36:51.000Z","volume":1000,"label":" ","price":8.52},{"type":"B","date":"2018-04-04T01:36:51.000Z","volume":11500,"label":" ","price":8.52},{"type":"B","date":"2018-04-04T01:36:52.000Z","volume":9000,"label":" ","price":8.52},{"type":"U","date":"2018-04-04T01:36:52.000Z","volume":6000,"label":" ","price":8.52},{"type":"A","date":"2018-04-04T01:36:52.000Z","volume":500,"label":" ","price":8.53},{"type":"B","date":"2018-04-04T01:36:53.000Z","volume":1000,"label":" ","price":8.52},{"type":"A","date":"2018-04-04T01:36:54.000Z","volume":500,"label":" ","price":8.53},{"type":"B","date":"2018-04-04T01:36:54.000Z","volume":60500,"label":" ","price":8.52},{"type":"B","date":"2018-04-04T01:36:54.000Z","volume":3500,"label":" ","price":8.52},{"type":"B","date":"2018-04-04T01:36:54.000Z","volume":10000,"label":" ","price":8.52},{"type":"B","date":"2018-04-04T01:36:55.000Z","volume":2500,"label":" ","price":8.51},{"type":"A","date":"2018-04-04T01:36:57.000Z","volume":500,"label":" ","price":8.53},{"type":"B","date":"2018-04-04T01:37:20.000Z","volume":500,"label":" ","price":8.51},{"type":"U","date":"2018-04-04T01:37:24.000Z","volume":1000,"label":"X","price":8.52},{"type":"U","date":"2018-04-04T01:37:35.000Z","volume":1000,"label":"X","price":8.52},{"type":"B","date":"2018-04-04T01:37:40.000Z","volume":1000,"label":" ","price":8.51},{"type":"U","date":"2018-04-04T01:37:40.000Z","volume":500,"label":"X","price":8.52},{"type":"B","date":"2018-04-04T01:37:41.000Z","volume":1500,"label":"Y","price":8.51},{"type":"U","date":"2018-04-04T01:37:59.000Z","volume":1000,"label":"X","price":8.52},{"type":"U","date":"2018-04-04T01:38:00.000Z","volume":3500,"label":"X","price":8.52},{"type":"U","date":"2018-04-04T01:38:00.000Z","volume":500,"label":"X","price":8.52},{"type":"B","date":"2018-04-04T01:38:00.000Z","volume":1000,"label":"Y","price":8.51},{"type":"B","date":"2018-04-04T01:38:00.000Z","volume":1500,"label":" ","price":8.51},{"type":"B","date":"2018-04-04T01:38:02.000Z","volume":500,"label":" ","price":8.51},{"type":"A","date":"2018-04-04T01:38:06.000Z","volume":500,"label":" ","price":8.53},{"type":"B","date":"2018-04-04T01:38:16.000Z","volume":7000,"label":" ","price":8.51},{"type":"B","date":"2018-04-04T01:38:16.000Z","volume":500,"label":" ","price":8.51},{"type":"B","date":"2018-04-04T01:38:17.000Z","volume":500,"label":" ","price":8.51},{"type":"B","date":"2018-04-04T01:38:17.000Z","volume":500,"label":" ","price":8.51},{"type":"B","date":"2018-04-04T01:38:30.000Z","volume":22500,"label":" ","price":8.51},{"type":"B","date":"2018-04-04T01:38:30.000Z","volume":1000,"label":" ","price":8.51},{"type":"B","date":"2018-04-04T01:38:30.000Z","volume":1500,"label":" ","price":8.51},{"type":"B","date":"2018-04-04T01:38:31.000Z","volume":1000,"label":" ","price":8.5},{"type":"B","date":"2018-04-04T01:38:32.000Z","volume":1000,"label":" ","price":8.5},{"type":"A","date":"2018-04-04T01:38:32.000Z","volume":500,"label":" ","price":8.51},{"type":"A","date":"2018-04-04T01:38:38.000Z","volume":50000,"label":" ","price":8.51},{"type":"A","date":"2018-04-04T01:38:38.000Z","volume":1000,"label":" ","price":8.51},{"type":"A","date":"2018-04-04T01:38:38.000Z","volume":7000,"label":" ","price":8.51},{"type":"A","date":"2018-04-04T01:38:38.000Z","volume":3000,"label":" ","price":8.52},{"type":"A","date":"2018-04-04T01:38:39.000Z","volume":2000,"label":" ","price":8.52},{"type":"A","date":"2018-04-04T01:38:39.000Z","volume":500,"label":" ","price":8.52},{"type":"B","date":"2018-04-04T01:38:40.000Z","volume":2000,"label":" ","price":8.51},{"type":"B","date":"2018-04-04T01:38:44.000Z","volume":2500,"label":" ","price":8.51},{"type":"B","date":"2018-04-04T01:38:46.000Z","volume":1000,"label":" ","price":8.5},{"type":"A","date":"2018-04-04T01:38:46.000Z","volume":4500,"label":" ","price":8.51},{"type":"B","date":"2018-04-04T01:38:48.000Z","volume":500,"label":" ","price":8.51},{"type":"B","date":"2018-04-04T01:38:48.000Z","volume":5000,"label":" ","price":8.51},{"type":"B","date":"2018-04-04T01:38:48.000Z","volume":5000,"label":" ","price":8.51},{"type":"B","date":"2018-04-04T01:38:50.000Z","volume":500,"label":" ","price":8.51},{"type":"B","date":"2018-04-04T01:38:57.000Z","volume":10000,"label":" ","price":8.51},{"type":"B","date":"2018-04-04T01:38:58.000Z","volume":500,"label":" ","price":8.51},{"type":"B","date":"2018-04-04T01:38:58.000Z","volume":9000,"label":" ","price":8.51},{"type":"B","date":"2018-04-04T01:38:58.000Z","volume":1000,"label":" ","price":8.5},{"type":"B","date":"2018-04-04T01:39:00.000Z","volume":500,"label":" ","price":8.5},{"type":"B","date":"2018-04-04T01:39:28.000Z","volume":500,"label":" ","price":8.5},{"type":"B","date":"2018-04-04T01:40:02.000Z","volume":500,"label":" ","price":8.5},{"type":"A","date":"2018-04-04T01:40:09.000Z","volume":7000,"label":" ","price":8.51},{"type":"A","date":"2018-04-04T01:40:09.000Z","volume":500,"label":" ","price":8.51},{"type":"A","date":"2018-04-04T01:40:10.000Z","volume":500,"label":" ","price":8.51},{"type":"B","date":"2018-04-04T01:40:10.000Z","volume":500,"label":" ","price":8.5},{"type":"A","date":"2018-04-04T01:40:11.000Z","volume":500,"label":" ","price":8.51},{"type":"B","date":"2018-04-04T01:40:15.000Z","volume":4000,"label":"Y","price":8.5},{"type":"B","date":"2018-04-04T01:40:15.000Z","volume":1500,"label":" ","price":8.5},{"type":"B","date":"2018-04-04T01:40:16.000Z","volume":500,"label":" ","price":8.5},{"type":"B","date":"2018-04-04T01:40:21.000Z","volume":1000,"label":" ","price":8.5},{"type":"B","date":"2018-04-04T01:40:22.000Z","volume":4000,"label":" ","price":8.5},{"type":"B","date":"2018-04-04T01:40:23.000Z","volume":500,"label":" ","price":8.5},{"type":"B","date":"2018-04-04T01:40:43.000Z","volume":3000,"label":"Y","price":8.5},{"type":"B","date":"2018-04-04T01:40:45.000Z","volume":500,"label":" ","price":8.5},{"type":"B","date":"2018-04-04T01:40:51.000Z","volume":1000,"label":" ","price":8.5},{"type":"B","date":"2018-04-04T01:41:10.000Z","volume":6000,"label":" ","price":8.5},{"type":"A","date":"2018-04-04T01:41:11.000Z","volume":500,"label":" ","price":8.51},{"type":"B","date":"2018-04-04T01:41:12.000Z","volume":500,"label":" ","price":8.5},{"type":"B","date":"2018-04-04T01:41:21.000Z","volume":500,"label":" ","price":8.5},{"type":"B","date":"2018-04-04T01:41:21.000Z","volume":2000,"label":"Y","price":8.5},{"type":"B","date":"2018-04-04T01:41:21.000Z","volume":9500,"label":" ","price":8.5},{"type":"B","date":"2018-04-04T01:41:21.000Z","volume":7500,"label":" ","price":8.5},{"type":"B","date":"2018-04-04T01:41:21.000Z","volume":500,"label":"Y","price":8.5},{"type":"B","date":"2018-04-04T01:41:23.000Z","volume":10000,"label":" ","price":8.5},{"type":"B","date":"2018-04-04T01:41:23.000Z","volume":500,"label":" ","price":8.5},{"type":"B","date":"2018-04-04T01:41:23.000Z","volume":1000,"label":" ","price":8.5},{"type":"B","date":"2018-04-04T01:41:24.000Z","volume":1000,"label":" ","price":8.5},{"type":"B","date":"2018-04-04T01:41:26.000Z","volume":22000,"label":" ","price":8.5},{"type":"B","date":"2018-04-04T01:41:26.000Z","volume":1000,"label":" ","price":8.5},{"type":"B","date":"2018-04-04T01:41:26.000Z","volume":500,"label":" ","price":8.5},{"type":"B","date":"2018-04-04T01:41:26.000Z","volume":500,"label":"Y","price":8.49},{"type":"B","date":"2018-04-04T01:41:27.000Z","volume":1000,"label":" ","price":8.49},{"type":"A","date":"2018-04-04T01:41:29.000Z","volume":500,"label":" ","price":8.5},{"type":"B","date":"2018-04-04T01:41:31.000Z","volume":59500,"label":" ","price":8.49},{"type":"B","date":"2018-04-04T01:41:31.000Z","volume":37500,"label":" ","price":8.48},{"type":"B","date":"2018-04-04T01:41:31.000Z","volume":3000,"label":" ","price":8.48},{"type":"B","date":"2018-04-04T01:41:32.000Z","volume":11000,"label":" ","price":8.47},{"type":"B","date":"2018-04-04T01:41:32.000Z","volume":3000,"label":" ","price":8.46},{"type":"B","date":"2018-04-04T01:41:32.000Z","volume":1000,"label":" ","price":8.46},{"type":"B","date":"2018-04-04T01:41:32.000Z","volume":6000,"label":" ","price":8.46},{"type":"B","date":"2018-04-04T01:41:32.000Z","volume":13500,"label":" ","price":8.44},{"type":"B","date":"2018-04-04T01:41:32.000Z","volume":1000,"label":" ","price":8.44},{"type":"B","date":"2018-04-04T01:41:32.000Z","volume":9000,"label":" ","price":8.43},{"type":"B","date":"2018-04-04T01:41:32.000Z","volume":5500,"label":" ","price":8.42},{"type":"B","date":"2018-04-04T01:41:32.000Z","volume":20000,"label":" ","price":8.4},{"type":"B","date":"2018-04-04T01:41:32.000Z","volume":23500,"label":" ","price":8.4},{"type":"B","date":"2018-04-04T01:41:32.000Z","volume":13500,"label":" ","price":8.44},{"type":"A","date":"2018-04-04T01:41:33.000Z","volume":7000,"label":"Y","price":8.44},{"type":"A","date":"2018-04-04T01:41:33.000Z","volume":8000,"label":" ","price":8.44},{"type":"A","date":"2018-04-04T01:41:33.000Z","volume":1000,"label":" ","price":8.46},{"type":"A","date":"2018-04-04T01:41:33.000Z","volume":10500,"label":" ","price":8.46},{"type":"B","date":"2018-04-04T01:41:33.000Z","volume":9500,"label":" ","price":8.44},{"type":"A","date":"2018-04-04T01:41:34.000Z","volume":1000,"label":"Y","price":8.48},{"type":"A","date":"2018-04-04T01:41:34.000Z","volume":2000,"label":"Y","price":8.48},{"type":"A","date":"2018-04-04T01:41:34.000Z","volume":500,"label":"Y","price":8.48},{"type":"B","date":"2018-04-04T01:41:35.000Z","volume":2000,"label":" ","price":8.45},{"type":"A","date":"2018-04-04T01:41:37.000Z","volume":7000,"label":"Y","price":8.46},{"type":"A","date":"2018-04-04T01:41:37.000Z","volume":500,"label":" ","price":8.46},{"type":"B","date":"2018-04-04T01:41:37.000Z","volume":1000,"label":" ","price":8.44},{"type":"B","date":"2018-04-04T01:41:37.000Z","volume":4500,"label":" ","price":8.44},{"type":"U","date":"2018-04-04T01:41:37.000Z","volume":3000,"label":" ","price":8.45},{"type":"A","date":"2018-04-04T01:41:38.000Z","volume":1000,"label":" ","price":8.46},{"type":"A","date":"2018-04-04T01:41:38.000Z","volume":7000,"label":"Y","price":8.46},{"type":"A","date":"2018-04-04T01:41:38.000Z","volume":500,"label":" ","price":8.46},{"type":"B","date":"2018-04-04T01:41:39.000Z","volume":1000,"label":" ","price":8.44},{"type":"A","date":"2018-04-04T01:41:39.000Z","volume":7000,"label":"Y","price":8.47},{"type":"A","date":"2018-04-04T01:41:39.000Z","volume":9000,"label":" ","price":8.47},{"type":"B","date":"2018-04-04T01:41:41.000Z","volume":1000,"label":" ","price":8.44},{"type":"A","date":"2018-04-04T01:41:42.000Z","volume":7000,"label":"Y","price":8.46},{"type":"A","date":"2018-04-04T01:41:42.000Z","volume":5000,"label":" ","price":8.46},{"type":"B","date":"2018-04-04T01:41:43.000Z","volume":500,"label":" ","price":8.44},{"type":"U","date":"2018-04-04T01:42:42.000Z","volume":1000,"label":" ","price":8.45},{"type":"A","date":"2018-04-04T01:42:42.000Z","volume":45500,"label":" ","price":8.47},{"type":"B","date":"2018-04-04T01:42:42.000Z","volume":1000,"label":" ","price":8.47},{"type":"A","date":"2018-04-04T01:42:42.000Z","volume":32000,"label":" ","price":8.48},{"type":"B","date":"2018-04-04T01:42:43.000Z","volume":1000,"label":" ","price":8.47},{"type":"A","date":"2018-04-04T01:42:43.000Z","volume":7000,"label":" ","price":8.48},{"type":"B","date":"2018-04-04T01:42:44.000Z","volume":1500,"label":" ","price":8.47},{"type":"U","date":"2018-04-04T01:42:44.000Z","volume":500,"label":"X","price":8.475},{"type":"A","date":"2018-04-04T01:42:44.000Z","volume":7000,"label":" ","price":8.48},{"type":"A","date":"2018-04-04T01:42:44.000Z","volume":7000,"label":" ","price":8.48},{"type":"U","date":"2018-04-04T01:42:44.000Z","volume":4500,"label":" ","price":8.48},{"type":"A","date":"2018-04-04T01:42:45.000Z","volume":500,"label":" ","price":8.48},{"type":"B","date":"2018-04-04T01:42:46.000Z","volume":1000,"label":" ","price":8.47},{"type":"A","date":"2018-04-04T01:42:46.000Z","volume":2000,"label":" ","price":8.48},{"type":"B","date":"2018-04-04T01:42:48.000Z","volume":500,"label":" ","price":8.47},{"type":"A","date":"2018-04-04T01:42:48.000Z","volume":500,"label":" ","price":8.48},{"type":"U","date":"2018-04-04T01:42:49.000Z","volume":500,"label":"X","price":8.475},{"type":"U","date":"2018-04-04T01:43:01.000Z","volume":500,"label":"X","price":8.475},{"type":"U","date":"2018-04-04T01:43:05.000Z","volume":1000,"label":"X","price":8.475},{"type":"U","date":"2018-04-04T01:43:12.000Z","volume":1000,"label":"X","price":8.475},{"type":"A","date":"2018-04-04T01:43:13.000Z","volume":5500,"label":" ","price":8.48},{"type":"A","date":"2018-04-04T01:43:13.000Z","volume":2500,"label":" ","price":8.48},{"type":"U","date":"2018-04-04T01:43:14.000Z","volume":1000,"label":"X","price":8.475},{"type":"B","date":"2018-04-04T01:43:14.000Z","volume":500,"label":" ","price":8.47},{"type":"U","date":"2018-04-04T01:43:16.000Z","volume":500,"label":"X","price":8.475},{"type":"B","date":"2018-04-04T01:43:23.000Z","volume":1000,"label":" ","price":8.47},{"type":"U","date":"2018-04-04T01:43:31.000Z","volume":500,"label":"X","price":8.475},{"type":"U","date":"2018-04-04T01:43:32.000Z","volume":500,"label":"X","price":8.475},{"type":"U","date":"2018-04-04T01:43:34.000Z","volume":500,"label":"X","price":8.475},{"type":"U","date":"2018-04-04T01:43:37.000Z","volume":1000,"label":"X","price":8.475},{"type":"B","date":"2018-04-04T01:43:40.000Z","volume":3500,"label":" ","price":8.47},{"type":"B","date":"2018-04-04T01:43:41.000Z","volume":500,"label":" ","price":8.47},{"type":"B","date":"2018-04-04T01:43:49.000Z","volume":500,"label":" ","price":8.47},{"type":"B","date":"2018-04-04T01:43:54.000Z","volume":3000,"label":" ","price":8.47},{"type":"B","date":"2018-04-04T01:43:55.000Z","volume":500,"label":" ","price":8.47},{"type":"U","date":"2018-04-04T01:44:06.000Z","volume":1000,"label":"X","price":8.475},{"type":"U","date":"2018-04-04T01:44:09.000Z","volume":500,"label":"X","price":8.475},{"type":"U","date":"2018-04-04T01:44:10.000Z","volume":500,"label":"X","price":8.475},{"type":"U","date":"2018-04-04T01:44:11.000Z","volume":500,"label":"X","price":8.475},{"type":"A","date":"2018-04-04T01:44:32.000Z","volume":6000,"label":" ","price":8.48},{"type":"A","date":"2018-04-04T01:44:32.000Z","volume":4500,"label":" ","price":8.48},{"type":"A","date":"2018-04-04T01:44:32.000Z","volume":500,"label":" ","price":8.48},{"type":"A","date":"2018-04-04T01:44:33.000Z","volume":1500,"label":" ","price":8.48},{"type":"B","date":"2018-04-04T01:44:34.000Z","volume":500,"label":" ","price":8.47},{"type":"B","date":"2018-04-04T01:44:38.000Z","volume":1500,"label":" ","price":8.47},{"type":"B","date":"2018-04-04T01:44:46.000Z","volume":24500,"label":" ","price":8.47},{"type":"B","date":"2018-04-04T01:44:46.000Z","volume":9500,"label":" ","price":8.46},{"type":"B","date":"2018-04-04T01:44:46.000Z","volume":1000,"label":" ","price":8.46},{"type":"A","date":"2018-04-04T01:44:46.000Z","volume":500,"label":" ","price":8.46},{"type":"A","date":"2018-04-04T01:44:46.000Z","volume":3000,"label":" ","price":8.46},{"type":"A","date":"2018-04-04T01:44:47.000Z","volume":500,"label":" ","price":8.48},{"type":"B","date":"2018-04-04T01:44:48.000Z","volume":1000,"label":" ","price":8.47},{"type":"B","date":"2018-04-04T01:45:03.000Z","volume":500,"label":" ","price":8.47},{"type":"U","date":"2018-04-04T01:45:55.000Z","volume":1500,"label":"X","price":8.475},{"type":"B","date":"2018-04-04T01:46:08.000Z","volume":20000,"label":" ","price":8.47},{"type":"A","date":"2018-04-04T01:46:09.000Z","volume":1000,"label":" ","price":8.48},{"type":"B","date":"2018-04-04T01:46:10.000Z","volume":1500,"label":" ","price":8.47},{"type":"B","date":"2018-04-04T01:46:12.000Z","volume":1500,"label":" ","price":8.47},{"type":"B","date":"2018-04-04T01:46:14.000Z","volume":500,"label":" ","price":8.47},{"type":"B","date":"2018-04-04T01:46:21.000Z","volume":1500,"label":" ","price":8.47},{"type":"B","date":"2018-04-04T01:46:21.000Z","volume":500,"label":" ","price":8.47},{"type":"B","date":"2018-04-04T01:46:56.000Z","volume":20000,"label":" ","price":8.47},{"type":"B","date":"2018-04-04T01:46:58.000Z","volume":500,"label":" ","price":8.47},{"type":"U","date":"2018-04-04T01:47:03.000Z","volume":500,"label":"X","price":8.475},{"type":"B","date":"2018-04-04T01:47:13.000Z","volume":1000,"label":" ","price":8.47},{"type":"B","date":"2018-04-04T01:47:22.000Z","volume":5000,"label":" ","price":8.47},{"type":"B","date":"2018-04-04T01:47:22.000Z","volume":500,"label":" ","price":8.47},{"type":"B","date":"2018-04-04T01:47:24.000Z","volume":2500,"label":" ","price":8.47},{"type":"B","date":"2018-04-04T01:47:24.000Z","volume":500,"label":" ","price":8.47},{"type":"A","date":"2018-04-04T01:47:25.000Z","volume":500,"label":" ","price":8.48},{"type":"U","date":"2018-04-04T01:47:26.000Z","volume":1500,"label":"X","price":8.475},{"type":"U","date":"2018-04-04T01:47:28.000Z","volume":1500,"label":"X","price":8.475},{"type":"U","date":"2018-04-04T01:47:30.000Z","volume":6500,"label":"X","price":8.475},{"type":"B","date":"2018-04-04T01:47:38.000Z","volume":2000,"label":" ","price":8.47},{"type":"A","date":"2018-04-04T01:47:45.000Z","volume":3000,"label":" ","price":8.48},{"type":"A","date":"2018-04-04T01:47:45.000Z","volume":500,"label":" ","price":8.48},{"type":"A","date":"2018-04-04T01:47:46.000Z","volume":500,"label":" ","price":8.48},{"type":"B","date":"2018-04-04T01:48:04.000Z","volume":1000,"label":" ","price":8.47},{"type":"B","date":"2018-04-04T01:48:04.000Z","volume":2000,"label":" ","price":8.47},{"type":"A","date":"2018-04-04T01:48:05.000Z","volume":500,"label":" ","price":8.48},{"type":"B","date":"2018-04-04T01:48:09.000Z","volume":500,"label":"Y","price":8.47},{"type":"B","date":"2018-04-04T01:48:09.000Z","volume":2000,"label":" ","price":8.47},{"type":"B","date":"2018-04-04T01:48:27.000Z","volume":3000,"label":" ","price":8.47},{"type":"B","date":"2018-04-04T01:48:37.000Z","volume":2500,"label":" ","price":8.47},{"type":"B","date":"2018-04-04T01:48:47.000Z","volume":2000,"label":" ","price":8.47},{"type":"B","date":"2018-04-04T01:48:58.000Z","volume":2500,"label":" ","price":8.47},{"type":"B","date":"2018-04-04T01:49:07.000Z","volume":2500,"label":" ","price":8.47},{"type":"B","date":"2018-04-04T01:49:18.000Z","volume":1500,"label":" ","price":8.47},{"type":"B","date":"2018-04-04T01:49:18.000Z","volume":500,"label":" ","price":8.47},{"type":"B","date":"2018-04-04T01:49:18.000Z","volume":2000,"label":" ","price":8.47},{"type":"B","date":"2018-04-04T01:49:24.000Z","volume":2000,"label":" ","price":8.47},{"type":"A","date":"2018-04-04T01:49:26.000Z","volume":500,"label":" ","price":8.48},{"type":"B","date":"2018-04-04T01:49:39.000Z","volume":2500,"label":" ","price":8.47},{"type":"B","date":"2018-04-04T01:49:51.000Z","volume":2500,"label":" ","price":8.47},{"type":"B","date":"2018-04-04T01:49:52.000Z","volume":500,"label":" ","price":8.47},{"type":"A","date":"2018-04-04T01:49:52.000Z","volume":500,"label":" ","price":8.48},{"type":"B","date":"2018-04-04T01:50:02.000Z","volume":2500,"label":" ","price":8.47},{"type":"A","date":"2018-04-04T01:50:04.000Z","volume":500,"label":" ","price":8.48},{"type":"B","date":"2018-04-04T01:50:08.000Z","volume":1000,"label":" ","price":8.47},{"type":"B","date":"2018-04-04T01:50:08.000Z","volume":2500,"label":" ","price":8.47},{"type":"B","date":"2018-04-04T01:50:18.000Z","volume":3000,"label":" ","price":8.47},{"type":"B","date":"2018-04-04T01:50:18.000Z","volume":500,"label":" ","price":8.47},{"type":"B","date":"2018-04-04T01:50:32.000Z","volume":500,"label":" ","price":8.47},{"type":"B","date":"2018-04-04T01:50:37.000Z","volume":2500,"label":" ","price":8.47},{"type":"B","date":"2018-04-04T01:50:44.000Z","volume":3000,"label":" ","price":8.47},{"type":"B","date":"2018-04-04T01:50:46.000Z","volume":4000,"label":" ","price":8.47},{"type":"B","date":"2018-04-04T01:50:47.000Z","volume":500,"label":" ","price":8.47},{"type":"A","date":"2018-04-04T01:50:47.000Z","volume":500,"label":" ","price":8.48},{"type":"B","date":"2018-04-04T01:50:57.000Z","volume":2500,"label":" ","price":8.47},{"type":"A","date":"2018-04-04T01:50:59.000Z","volume":500,"label":" ","price":8.48},{"type":"B","date":"2018-04-04T01:51:15.000Z","volume":500,"label":"Y","price":8.47},{"type":"B","date":"2018-04-04T01:51:15.000Z","volume":2500,"label":" ","price":8.47},{"type":"A","date":"2018-04-04T01:51:17.000Z","volume":5500,"label":" ","price":8.48},{"type":"A","date":"2018-04-04T01:51:17.000Z","volume":7000,"label":" ","price":8.48},{"type":"A","date":"2018-04-04T01:51:17.000Z","volume":500,"label":" ","price":8.48},{"type":"A","date":"2018-04-04T01:51:18.000Z","volume":1000,"label":" ","price":8.48},{"type":"A","date":"2018-04-04T01:51:18.000Z","volume":1000,"label":" ","price":8.48},{"type":"A","date":"2018-04-04T01:51:18.000Z","volume":1000,"label":" ","price":8.48},{"type":"A","date":"2018-04-04T01:51:19.000Z","volume":500,"label":" ","price":8.48},{"type":"B","date":"2018-04-04T01:51:19.000Z","volume":500,"label":" ","price":8.47},{"type":"B","date":"2018-04-04T01:51:23.000Z","volume":1000,"label":" ","price":8.47},{"type":"B","date":"2018-04-04T01:51:23.000Z","volume":1000,"label":" ","price":8.47},{"type":"B","date":"2018-04-04T01:51:33.000Z","volume":2000,"label":" ","price":8.47},{"type":"B","date":"2018-04-04T01:51:34.000Z","volume":500,"label":" ","price":8.47},{"type":"A","date":"2018-04-04T01:51:39.000Z","volume":500,"label":" ","price":8.48},{"type":"B","date":"2018-04-04T01:51:43.000Z","volume":2000,"label":" ","price":8.47},{"type":"B","date":"2018-04-04T01:51:57.000Z","volume":2500,"label":" ","price":8.47},{"type":"B","date":"2018-04-04T01:52:03.000Z","volume":1000,"label":"Y","price":8.47},{"type":"B","date":"2018-04-04T01:52:03.000Z","volume":1000,"label":" ","price":8.47},{"type":"B","date":"2018-04-04T01:52:18.000Z","volume":2500,"label":" ","price":8.47},{"type":"B","date":"2018-04-04T01:52:20.000Z","volume":500,"label":" ","price":8.47},{"type":"A","date":"2018-04-04T01:52:32.000Z","volume":5000,"label":" ","price":8.48},{"type":"A","date":"2018-04-04T01:52:32.000Z","volume":500,"label":"Y","price":8.48},{"type":"A","date":"2018-04-04T01:52:32.000Z","volume":5500,"label":" ","price":8.48},{"type":"B","date":"2018-04-04T01:52:33.000Z","volume":500,"label":"Y","price":8.47},{"type":"B","date":"2018-04-04T01:52:33.000Z","volume":10500,"label":" ","price":8.47},{"type":"B","date":"2018-04-04T01:52:33.000Z","volume":7500,"label":" ","price":8.47},{"type":"B","date":"2018-04-04T01:52:33.000Z","volume":2000,"label":" ","price":8.47},{"type":"B","date":"2018-04-04T01:52:34.000Z","volume":1000,"label":" ","price":8.46},{"type":"U","date":"2018-04-04T01:52:38.000Z","volume":240,"label":"D","price":8.48},{"type":"B","date":"2018-04-04T01:52:40.000Z","volume":1500,"label":" ","price":8.46},{"type":"B","date":"2018-04-04T01:52:42.000Z","volume":500,"label":" ","price":8.46},{"type":"B","date":"2018-04-04T01:52:45.000Z","volume":1500,"label":"Y","price":8.46},{"type":"B","date":"2018-04-04T01:52:45.000Z","volume":22500,"label":" ","price":8.46},{"type":"B","date":"2018-04-04T01:52:45.000Z","volume":1500,"label":" ","price":8.46},{"type":"B","date":"2018-04-04T01:52:46.000Z","volume":500,"label":" ","price":8.46},{"type":"B","date":"2018-04-04T01:52:46.000Z","volume":500,"label":" ","price":8.46},{"type":"B","date":"2018-04-04T01:52:47.000Z","volume":5500,"label":" ","price":8.45},{"type":"U","date":"2018-04-04T01:52:47.000Z","volume":500,"label":" ","price":8.46},{"type":"B","date":"2018-04-04T01:52:48.000Z","volume":500,"label":" ","price":8.44},{"type":"B","date":"2018-04-04T01:52:54.000Z","volume":12000,"label":" ","price":8.45},{"type":"U","date":"2018-04-04T01:52:55.000Z","volume":500,"label":" ","price":8.45},{"type":"A","date":"2018-04-04T01:52:55.000Z","volume":500,"label":" ","price":8.46},{"type":"B","date":"2018-04-04T01:52:56.000Z","volume":1000,"label":" ","price":8.44},{"type":"B","date":"2018-04-04T01:53:24.000Z","volume":7500,"label":" ","price":8.44},{"type":"B","date":"2018-04-04T01:53:26.000Z","volume":500,"label":" ","price":8.44},{"type":"B","date":"2018-04-04T01:53:46.000Z","volume":5000,"label":" ","price":8.44},{"type":"B","date":"2018-04-04T01:53:46.000Z","volume":500,"label":" ","price":8.44},{"type":"B","date":"2018-04-04T01:53:51.000Z","volume":1000,"label":" ","price":8.44},{"type":"B","date":"2018-04-04T01:53:54.000Z","volume":1500,"label":" ","price":8.44},{"type":"U","date":"2018-04-04T01:54:25.000Z","volume":20000,"label":" ","price":8.45},{"type":"B","date":"2018-04-04T01:54:26.000Z","volume":7000,"label":" ","price":8.45},{"type":"A","date":"2018-04-04T01:54:27.000Z","volume":500,"label":" ","price":8.46},{"type":"A","date":"2018-04-04T01:54:27.000Z","volume":500,"label":" ","price":8.46},{"type":"U","date":"2018-04-04T01:54:27.000Z","volume":500,"label":" ","price":8.45},{"type":"B","date":"2018-04-04T01:54:27.000Z","volume":500,"label":" ","price":8.45},{"type":"B","date":"2018-04-04T01:54:31.000Z","volume":1000,"label":" ","price":8.44},{"type":"B","date":"2018-04-04T01:54:36.000Z","volume":2500,"label":" ","price":8.44},{"type":"B","date":"2018-04-04T01:54:48.000Z","volume":2500,"label":" ","price":8.44},{"type":"A","date":"2018-04-04T01:54:50.000Z","volume":10000,"label":" ","price":8.45},{"type":"B","date":"2018-04-04T01:54:51.000Z","volume":500,"label":" ","price":8.44},{"type":"B","date":"2018-04-04T01:55:11.000Z","volume":1500,"label":"Y","price":8.44},{"type":"B","date":"2018-04-04T01:55:11.000Z","volume":2500,"label":" ","price":8.44},{"type":"B","date":"2018-04-04T01:55:13.000Z","volume":500,"label":" ","price":8.44},{"type":"B","date":"2018-04-04T01:55:14.000Z","volume":1500,"label":" ","price":8.44},{"type":"B","date":"2018-04-04T01:55:33.000Z","volume":5000,"label":" ","price":8.44},{"type":"A","date":"2018-04-04T01:55:34.000Z","volume":500,"label":" ","price":8.46},{"type":"U","date":"2018-04-04T01:55:47.000Z","volume":7500,"label":" ","price":8.45},{"type":"A","date":"2018-04-04T01:55:48.000Z","volume":1000,"label":" ","price":8.46},{"type":"B","date":"2018-04-04T01:55:49.000Z","volume":1000,"label":" ","price":8.45},{"type":"A","date":"2018-04-04T01:55:50.000Z","volume":500,"label":" ","price":8.46},{"type":"B","date":"2018-04-04T01:55:53.000Z","volume":5000,"label":" ","price":8.45},{"type":"A","date":"2018-04-04T01:55:54.000Z","volume":500,"label":" ","price":8.46},{"type":"B","date":"2018-04-04T01:55:54.000Z","volume":500,"label":" ","price":8.45},{"type":"B","date":"2018-04-04T01:56:13.000Z","volume":5000,"label":" ","price":8.45},{"type":"A","date":"2018-04-04T01:56:14.000Z","volume":500,"label":" ","price":8.46},{"type":"B","date":"2018-04-04T01:56:25.000Z","volume":500,"label":"Y","price":8.45},{"type":"B","date":"2018-04-04T01:56:25.000Z","volume":2000,"label":" ","price":8.45},{"type":"B","date":"2018-04-04T01:56:31.000Z","volume":2000,"label":"Y","price":8.45},{"type":"B","date":"2018-04-04T01:56:31.000Z","volume":22500,"label":" ","price":8.45},{"type":"B","date":"2018-04-04T01:56:31.000Z","volume":500,"label":" ","price":8.45},{"type":"B","date":"2018-04-04T01:56:32.000Z","volume":1500,"label":" ","price":8.45},{"type":"B","date":"2018-04-04T01:56:32.000Z","volume":13500,"label":" ","price":8.45},{"type":"U","date":"2018-04-04T01:56:33.000Z","volume":500,"label":" ","price":8.45},{"type":"U","date":"2018-04-04T01:56:33.000Z","volume":2500,"label":" ","price":8.45},{"type":"U","date":"2018-04-04T01:56:33.000Z","volume":500,"label":" ","price":8.45},{"type":"U","date":"2018-04-04T01:56:33.000Z","volume":21000,"label":" ","price":8.45},{"type":"B","date":"2018-04-04T01:56:33.000Z","volume":4000,"label":" ","price":8.44},{"type":"U","date":"2018-04-04T01:56:34.000Z","volume":2500,"label":" ","price":8.45},{"type":"B","date":"2018-04-04T01:56:34.000Z","volume":2500,"label":" ","price":8.45},{"type":"B","date":"2018-04-04T01:56:45.000Z","volume":5000,"label":" ","price":8.44},{"type":"B","date":"2018-04-04T01:56:45.000Z","volume":500,"label":"Y","price":8.44},{"type":"B","date":"2018-04-04T01:57:31.000Z","volume":3000,"label":" ","price":8.44},{"type":"B","date":"2018-04-04T01:57:46.000Z","volume":2500,"label":" ","price":8.44},{"type":"B","date":"2018-04-04T01:57:50.000Z","volume":1500,"label":" ","price":8.44},{"type":"B","date":"2018-04-04T01:57:57.000Z","volume":3000,"label":" ","price":8.44},{"type":"U","date":"2018-04-04T01:57:59.000Z","volume":500,"label":" ","price":8.45},{"type":"B","date":"2018-04-04T01:57:59.000Z","volume":500,"label":" ","price":8.45},{"type":"B","date":"2018-04-04T01:57:59.000Z","volume":500,"label":" ","price":8.45},{"type":"B","date":"2018-04-04T01:57:59.000Z","volume":2500,"label":" ","price":8.45},{"type":"B","date":"2018-04-04T01:58:01.000Z","volume":500,"label":" ","price":8.44},{"type":"A","date":"2018-04-04T01:58:03.000Z","volume":9000,"label":" ","price":8.45},{"type":"B","date":"2018-04-04T01:58:05.000Z","volume":500,"label":" ","price":8.44},{"type":"A","date":"2018-04-04T01:58:06.000Z","volume":2000,"label":" ","price":8.45},{"type":"B","date":"2018-04-04T01:58:18.000Z","volume":2500,"label":" ","price":8.44},{"type":"U","date":"2018-04-04T01:58:28.000Z","volume":1500,"label":"X","price":8.445},{"type":"B","date":"2018-04-04T01:58:28.000Z","volume":1000,"label":" ","price":8.44},{"type":"U","date":"2018-04-04T01:58:29.000Z","volume":1500,"label":"X","price":8.445},{"type":"U","date":"2018-04-04T01:58:30.000Z","volume":500,"label":"X","price":8.445},{"type":"U","date":"2018-04-04T01:58:32.000Z","volume":1500,"label":"X","price":8.445},{"type":"B","date":"2018-04-04T01:58:32.000Z","volume":500,"label":" ","price":8.44},{"type":"B","date":"2018-04-04T01:58:35.000Z","volume":1000,"label":" ","price":8.44},{"type":"B","date":"2018-04-04T01:58:40.000Z","volume":6000,"label":" ","price":8.44},{"type":"A","date":"2018-04-04T01:58:41.000Z","volume":1000,"label":" ","price":8.45},{"type":"B","date":"2018-04-04T01:58:52.000Z","volume":2500,"label":" ","price":8.44},{"type":"A","date":"2018-04-04T01:58:53.000Z","volume":500,"label":" ","price":8.45},{"type":"B","date":"2018-04-04T01:59:10.000Z","volume":4000,"label":" ","price":8.44},{"type":"A","date":"2018-04-04T01:59:11.000Z","volume":1000,"label":" ","price":8.45},{"type":"A","date":"2018-04-04T01:59:17.000Z","volume":6500,"label":" ","price":8.45},{"type":"A","date":"2018-04-04T01:59:17.000Z","volume":6500,"label":" ","price":8.45},{"type":"A","date":"2018-04-04T01:59:18.000Z","volume":1500,"label":" ","price":8.45},{"type":"A","date":"2018-04-04T01:59:18.000Z","volume":500,"label":" ","price":8.45},{"type":"B","date":"2018-04-04T01:59:19.000Z","volume":500,"label":" ","price":8.44},{"type":"B","date":"2018-04-04T01:59:29.000Z","volume":5000,"label":" ","price":8.44},{"type":"B","date":"2018-04-04T01:59:29.000Z","volume":500,"label":" ","price":8.44},{"type":"A","date":"2018-04-04T01:59:30.000Z","volume":1000,"label":" ","price":8.45},{"type":"B","date":"2018-04-04T01:59:39.000Z","volume":31000,"label":" ","price":8.44},{"type":"B","date":"2018-04-04T01:59:41.000Z","volume":1000,"label":" ","price":8.44},{"type":"U","date":"2018-04-04T01:59:46.000Z","volume":1500,"label":"X","price":8.445},{"type":"U","date":"2018-04-04T01:59:47.000Z","volume":1000,"label":"X","price":8.445},{"type":"B","date":"2018-04-04T01:59:48.000Z","volume":1500,"label":" ","price":8.44},{"type":"B","date":"2018-04-04T01:59:49.000Z","volume":500,"label":" ","price":8.44},{"type":"B","date":"2018-04-04T01:59:52.000Z","volume":6000,"label":" ","price":8.44},{"type":"B","date":"2018-04-04T01:59:53.000Z","volume":500,"label":" ","price":8.44},{"type":"U","date":"2018-04-04T01:59:53.000Z","volume":500,"label":"X","price":8.445},{"type":"U","date":"2018-04-04T02:00:01.000Z","volume":500,"label":"X","price":8.445},{"type":"B","date":"2018-04-04T02:00:12.000Z","volume":18000,"label":" ","price":8.44},{"type":"B","date":"2018-04-04T02:00:13.000Z","volume":500,"label":" ","price":8.43},{"type":"U","date":"2018-04-04T02:00:13.000Z","volume":500,"label":"X","price":8.44},{"type":"B","date":"2018-04-04T02:00:14.000Z","volume":1000,"label":"Y","price":8.43},{"type":"B","date":"2018-04-04T02:00:14.000Z","volume":3000,"label":" ","price":8.43},{"type":"B","date":"2018-04-04T02:00:15.000Z","volume":500,"label":" ","price":8.43},{"type":"B","date":"2018-04-04T02:00:17.000Z","volume":1000,"label":" ","price":8.43},{"type":"B","date":"2018-04-04T02:00:17.000Z","volume":500,"label":" ","price":8.43},{"type":"B","date":"2018-04-04T02:00:17.000Z","volume":500,"label":"Y","price":8.42},{"type":"B","date":"2018-04-04T02:00:17.000Z","volume":6000,"label":"Y","price":8.42},{"type":"B","date":"2018-04-04T02:00:17.000Z","volume":2000,"label":" ","price":8.42},{"type":"B","date":"2018-04-04T02:00:17.000Z","volume":15000,"label":" ","price":8.41},{"type":"B","date":"2018-04-04T02:00:17.000Z","volume":5000,"label":" ","price":8.4},{"type":"B","date":"2018-04-04T02:00:17.000Z","volume":500,"label":" ","price":8.4},{"type":"B","date":"2018-04-04T02:00:17.000Z","volume":500,"label":" ","price":8.43},{"type":"B","date":"2018-04-04T02:00:17.000Z","volume":20500,"label":" ","price":8.4},{"type":"U","date":"2018-04-04T02:00:18.000Z","volume":500,"label":"X","price":8.44},{"type":"A","date":"2018-04-04T02:00:18.000Z","volume":4000,"label":" ","price":8.45},{"type":"B","date":"2018-04-04T02:00:19.000Z","volume":1500,"label":" ","price":8.4},{"type":"B","date":"2018-04-04T02:00:29.000Z","volume":3000,"label":" ","price":8.4},{"type":"A","date":"2018-04-04T02:00:31.000Z","volume":500,"label":" ","price":8.44},{"type":"B","date":"2018-04-04T02:00:31.000Z","volume":1000,"label":" ","price":8.4},{"type":"B","date":"2018-04-04T02:00:39.000Z","volume":2500,"label":" ","price":8.4},{"type":"A","date":"2018-04-04T02:00:40.000Z","volume":500,"label":" ","price":8.44},{"type":"B","date":"2018-04-04T02:00:41.000Z","volume":500,"label":" ","price":8.4},{"type":"B","date":"2018-04-04T02:00:50.000Z","volume":2500,"label":" ","price":8.4},{"type":"B","date":"2018-04-04T02:00:51.000Z","volume":500,"label":" ","price":8.4},{"type":"B","date":"2018-04-04T02:01:04.000Z","volume":12000,"label":" ","price":8.4},{"type":"B","date":"2018-04-04T02:01:04.000Z","volume":3000,"label":" ","price":8.4},{"type":"B","date":"2018-04-04T02:01:04.000Z","volume":500,"label":" ","price":8.4},{"type":"B","date":"2018-04-04T02:01:12.000Z","volume":5500,"label":" ","price":8.4},{"type":"B","date":"2018-04-04T02:01:14.000Z","volume":500,"label":" ","price":8.4},{"type":"U","date":"2018-04-04T02:01:33.000Z","volume":500,"label":" ","price":8.41},{"type":"B","date":"2018-04-04T02:01:45.000Z","volume":1500,"label":"Y","price":8.4},{"type":"B","date":"2018-04-04T02:01:45.000Z","volume":13500,"label":" ","price":8.4},{"type":"B","date":"2018-04-04T02:01:47.000Z","volume":1500,"label":" ","price":8.41},{"type":"B","date":"2018-04-04T02:01:47.000Z","volume":1000,"label":" ","price":8.41},{"type":"B","date":"2018-04-04T02:01:47.000Z","volume":3500,"label":" ","price":8.41},{"type":"B","date":"2018-04-04T02:01:47.000Z","volume":1000,"label":" ","price":8.41},{"type":"B","date":"2018-04-04T02:01:49.000Z","volume":12500,"label":" ","price":8.41},{"type":"B","date":"2018-04-04T02:01:49.000Z","volume":500,"label":" ","price":8.4},{"type":"U","date":"2018-04-04T02:01:52.000Z","volume":2000,"label":"X","price":8.41},{"type":"B","date":"2018-04-04T02:02:03.000Z","volume":3500,"label":" ","price":8.41},{"type":"B","date":"2018-04-04T02:02:03.000Z","volume":6500,"label":" ","price":8.41},{"type":"A","date":"2018-04-04T02:02:03.000Z","volume":4500,"label":" ","price":8.41},{"type":"B","date":"2018-04-04T02:02:03.000Z","volume":1000,"label":" ","price":8.4},{"type":"B","date":"2018-04-04T02:02:08.000Z","volume":1000,"label":" ","price":8.41},{"type":"B","date":"2018-04-04T02:02:12.000Z","volume":500,"label":" ","price":8.41},{"type":"B","date":"2018-04-04T02:02:13.000Z","volume":500,"label":" ","price":8.41},{"type":"B","date":"2018-04-04T02:02:23.000Z","volume":2000,"label":" ","price":8.41},{"type":"A","date":"2018-04-04T02:02:29.000Z","volume":2000,"label":" ","price":8.42},{"type":"B","date":"2018-04-04T02:02:35.000Z","volume":1000,"label":" ","price":8.41},{"type":"B","date":"2018-04-04T02:03:11.000Z","volume":7500,"label":" ","price":8.41},{"type":"B","date":"2018-04-04T02:03:12.000Z","volume":500,"label":" ","price":8.41},{"type":"B","date":"2018-04-04T02:03:55.000Z","volume":16500,"label":" ","price":8.41},{"type":"B","date":"2018-04-04T02:03:56.000Z","volume":500,"label":" ","price":8.41},{"type":"B","date":"2018-04-04T02:03:57.000Z","volume":500,"label":" ","price":8.41},{"type":"B","date":"2018-04-04T02:03:58.000Z","volume":4500,"label":" ","price":8.41},{"type":"B","date":"2018-04-04T02:03:58.000Z","volume":4000,"label":" ","price":8.41},{"type":"B","date":"2018-04-04T02:04:00.000Z","volume":500,"label":" ","price":8.41},{"type":"B","date":"2018-04-04T02:04:26.000Z","volume":2500,"label":" ","price":8.41},{"type":"B","date":"2018-04-04T02:04:27.000Z","volume":500,"label":" ","price":8.41},{"type":"B","date":"2018-04-04T02:04:40.000Z","volume":2500,"label":" ","price":8.41},{"type":"B","date":"2018-04-04T02:04:40.000Z","volume":2500,"label":" ","price":8.41},{"type":"B","date":"2018-04-04T02:04:50.000Z","volume":500,"label":" ","price":8.41},{"type":"B","date":"2018-04-04T02:04:52.000Z","volume":500,"label":" ","price":8.41},{"type":"B","date":"2018-04-04T02:05:09.000Z","volume":500,"label":"Y","price":8.41},{"type":"B","date":"2018-04-04T02:05:09.000Z","volume":3500,"label":" ","price":8.41},{"type":"B","date":"2018-04-04T02:05:09.000Z","volume":3500,"label":" ","price":8.41},{"type":"B","date":"2018-04-04T02:05:11.000Z","volume":1000,"label":" ","price":8.4},{"type":"B","date":"2018-04-04T02:05:26.000Z","volume":4000,"label":" ","price":8.4},{"type":"B","date":"2018-04-04T02:05:41.000Z","volume":2000,"label":" ","price":8.4},{"type":"B","date":"2018-04-04T02:05:42.000Z","volume":500,"label":" ","price":8.4},{"type":"B","date":"2018-04-04T02:05:49.000Z","volume":500,"label":" ","price":8.4},{"type":"B","date":"2018-04-04T02:05:58.000Z","volume":6000,"label":" ","price":8.4},{"type":"A","date":"2018-04-04T02:05:59.000Z","volume":8000,"label":" ","price":8.42},{"type":"B","date":"2018-04-04T02:06:14.000Z","volume":2500,"label":"Y","price":8.41},{"type":"B","date":"2018-04-04T02:06:14.000Z","volume":16500,"label":" ","price":8.41},{"type":"B","date":"2018-04-04T02:06:14.000Z","volume":2500,"label":" ","price":8.41},{"type":"B","date":"2018-04-04T02:06:15.000Z","volume":500,"label":" ","price":8.41},{"type":"B","date":"2018-04-04T02:06:41.000Z","volume":500,"label":" ","price":8.41},{"type":"B","date":"2018-04-04T02:06:42.000Z","volume":3500,"label":"Y","price":8.41},{"type":"B","date":"2018-04-04T02:06:42.000Z","volume":23500,"label":" ","price":8.41},{"type":"B","date":"2018-04-04T02:06:42.000Z","volume":1000,"label":" ","price":8.41},{"type":"B","date":"2018-04-04T02:06:43.000Z","volume":500,"label":" ","price":8.41},{"type":"B","date":"2018-04-04T02:06:43.000Z","volume":1000,"label":" ","price":8.41},{"type":"B","date":"2018-04-04T02:06:43.000Z","volume":1000,"label":" ","price":8.41},{"type":"B","date":"2018-04-04T02:06:44.000Z","volume":13000,"label":" ","price":8.4},{"type":"U","date":"2018-04-04T02:06:45.000Z","volume":2000,"label":" ","price":8.41},{"type":"B","date":"2018-04-04T02:06:45.000Z","volume":500,"label":" ","price":8.4},{"type":"A","date":"2018-04-04T02:06:46.000Z","volume":2500,"label":" ","price":8.42},{"type":"U","date":"2018-04-04T02:06:47.000Z","volume":500,"label":" ","price":8.41},{"type":"B","date":"2018-04-04T02:06:47.000Z","volume":500,"label":" ","price":8.4},{"type":"B","date":"2018-04-04T02:07:18.000Z","volume":5000,"label":" ","price":8.41},{"type":"B","date":"2018-04-04T02:07:19.000Z","volume":500,"label":" ","price":8.41},{"type":"B","date":"2018-04-04T02:07:29.000Z","volume":500,"label":" ","price":8.41},{"type":"B","date":"2018-04-04T02:07:55.000Z","volume":17000,"label":" ","price":8.41},{"type":"B","date":"2018-04-04T02:07:56.000Z","volume":500,"label":" ","price":8.41},{"type":"B","date":"2018-04-04T02:07:56.000Z","volume":1000,"label":" ","price":8.41},{"type":"B","date":"2018-04-04T02:08:28.000Z","volume":500,"label":" ","price":8.41},{"type":"B","date":"2018-04-04T02:08:28.000Z","volume":500,"label":" ","price":8.41},{"type":"A","date":"2018-04-04T02:09:04.000Z","volume":500,"label":" ","price":8.42},{"type":"A","date":"2018-04-04T02:09:07.000Z","volume":500,"label":" ","price":8.42},{"type":"B","date":"2018-04-04T02:09:16.000Z","volume":500,"label":" ","price":8.41},{"type":"B","date":"2018-04-04T02:09:22.000Z","volume":500,"label":" ","price":8.41},{"type":"B","date":"2018-04-04T02:09:40.000Z","volume":2000,"label":" ","price":8.41},{"type":"B","date":"2018-04-04T02:09:40.000Z","volume":500,"label":" ","price":8.41},{"type":"B","date":"2018-04-04T02:09:48.000Z","volume":3000,"label":" ","price":8.41},{"type":"B","date":"2018-04-04T02:09:53.000Z","volume":3000,"label":" ","price":8.41},{"type":"B","date":"2018-04-04T02:10:04.000Z","volume":1000,"label":"Y","price":8.41},{"type":"B","date":"2018-04-04T02:10:04.000Z","volume":1000,"label":" ","price":8.41},{"type":"B","date":"2018-04-04T02:10:06.000Z","volume":500,"label":" ","price":8.41},{"type":"U","date":"2018-04-04T02:10:12.000Z","volume":420,"label":"D","price":8.36},{"type":"B","date":"2018-04-04T02:10:15.000Z","volume":500,"label":" ","price":8.41},{"type":"B","date":"2018-04-04T02:10:15.000Z","volume":500,"label":"Y","price":8.41},{"type":"B","date":"2018-04-04T02:10:15.000Z","volume":1500,"label":" ","price":8.41},{"type":"A","date":"2018-04-04T02:10:17.000Z","volume":1500,"label":" ","price":8.42},{"type":"B","date":"2018-04-04T02:10:22.000Z","volume":500,"label":" ","price":8.41},{"type":"B","date":"2018-04-04T02:10:36.000Z","volume":6000,"label":" ","price":8.41},{"type":"B","date":"2018-04-04T02:10:38.000Z","volume":500,"label":" ","price":8.41},{"type":"U","date":"2018-04-04T02:10:43.000Z","volume":368,"label":"D","price":8.37},{"type":"B","date":"2018-04-04T02:10:48.000Z","volume":3000,"label":" ","price":8.41},{"type":"B","date":"2018-04-04T02:10:59.000Z","volume":500,"label":"Y","price":8.41},{"type":"B","date":"2018-04-04T02:10:59.000Z","volume":2000,"label":" ","price":8.41},{"type":"B","date":"2018-04-04T02:11:06.000Z","volume":500,"label":" ","price":8.41},{"type":"B","date":"2018-04-04T02:11:09.000Z","volume":2000,"label":" ","price":8.41},{"type":"B","date":"2018-04-04T02:11:26.000Z","volume":4000,"label":" ","price":8.41},{"type":"B","date":"2018-04-04T02:11:28.000Z","volume":500,"label":" ","price":8.41},{"type":"B","date":"2018-04-04T02:11:56.000Z","volume":500,"label":" ","price":8.41},{"type":"B","date":"2018-04-04T02:12:00.000Z","volume":2500,"label":" ","price":8.41},{"type":"A","date":"2018-04-04T02:12:02.000Z","volume":5500,"label":" ","price":8.42},{"type":"A","date":"2018-04-04T02:12:02.000Z","volume":5000,"label":" ","price":8.42},{"type":"B","date":"2018-04-04T02:12:02.000Z","volume":500,"label":" ","price":8.41},{"type":"B","date":"2018-04-04T02:12:08.000Z","volume":500,"label":" ","price":8.41},{"type":"B","date":"2018-04-04T02:12:20.000Z","volume":2500,"label":"Y","price":8.41},{"type":"B","date":"2018-04-04T02:12:20.000Z","volume":2500,"label":" ","price":8.41},{"type":"B","date":"2018-04-04T02:12:21.000Z","volume":500,"label":" ","price":8.41},{"type":"B","date":"2018-04-04T02:12:33.000Z","volume":4000,"label":" ","price":8.41},{"type":"B","date":"2018-04-04T02:12:53.000Z","volume":500,"label":" ","price":8.41},{"type":"B","date":"2018-04-04T02:12:55.000Z","volume":5000,"label":" ","price":8.41},{"type":"B","date":"2018-04-04T02:12:55.000Z","volume":5500,"label":"Y","price":8.41},{"type":"B","date":"2018-04-04T02:12:55.000Z","volume":28500,"label":" ","price":8.41},{"type":"B","date":"2018-04-04T02:12:57.000Z","volume":1000,"label":" ","price":8.41},{"type":"B","date":"2018-04-04T02:13:00.000Z","volume":20500,"label":" ","price":8.41},{"type":"A","date":"2018-04-04T02:13:00.000Z","volume":1000,"label":" ","price":8.41},{"type":"B","date":"2018-04-04T02:13:01.000Z","volume":1500,"label":" ","price":8.4},{"type":"A","date":"2018-04-04T02:13:02.000Z","volume":500,"label":" ","price":8.41},{"type":"B","date":"2018-04-04T02:14:05.000Z","volume":19500,"label":" ","price":8.4},{"type":"B","date":"2018-04-04T02:14:07.000Z","volume":1000,"label":" ","price":8.4},{"type":"B","date":"2018-04-04T02:14:14.000Z","volume":500,"label":" ","price":8.4},{"type":"B","date":"2018-04-04T02:15:09.000Z","volume":500,"label":" ","price":8.4},{"type":"B","date":"2018-04-04T02:15:10.000Z","volume":500,"label":" ","price":8.4},{"type":"B","date":"2018-04-04T02:15:11.000Z","volume":500,"label":" ","price":8.4},{"type":"B","date":"2018-04-04T02:15:19.000Z","volume":4000,"label":" ","price":8.4},{"type":"B","date":"2018-04-04T02:15:21.000Z","volume":500,"label":" ","price":8.4},{"type":"B","date":"2018-04-04T02:15:23.000Z","volume":3000,"label":" ","price":8.4},{"type":"B","date":"2018-04-04T02:15:25.000Z","volume":500,"label":" ","price":8.4},{"type":"B","date":"2018-04-04T02:15:34.000Z","volume":2000,"label":" ","price":8.4},{"type":"B","date":"2018-04-04T02:15:45.000Z","volume":1000,"label":"Y","price":8.4},{"type":"B","date":"2018-04-04T02:15:45.000Z","volume":4000,"label":" ","price":8.4},{"type":"B","date":"2018-04-04T02:15:46.000Z","volume":500,"label":" ","price":8.4},{"type":"U","date":"2018-04-04T02:15:47.000Z","volume":1500,"label":"X","price":8.409},{"type":"B","date":"2018-04-04T02:15:47.000Z","volume":500,"label":" ","price":8.4},{"type":"B","date":"2018-04-04T02:16:15.000Z","volume":1000,"label":" ","price":8.4},{"type":"B","date":"2018-04-04T02:16:35.000Z","volume":500,"label":" ","price":8.4},{"type":"B","date":"2018-04-04T02:16:56.000Z","volume":500,"label":" ","price":8.4},{"type":"A","date":"2018-04-04T02:17:02.000Z","volume":6000,"label":" ","price":8.41},{"type":"A","date":"2018-04-04T02:17:02.000Z","volume":6000,"label":" ","price":8.41},{"type":"B","date":"2018-04-04T02:17:04.000Z","volume":500,"label":" ","price":8.4},{"type":"B","date":"2018-04-04T02:17:08.000Z","volume":2000,"label":" ","price":8.4},{"type":"B","date":"2018-04-04T02:17:08.000Z","volume":2500,"label":"Y","price":8.4},{"type":"B","date":"2018-04-04T02:17:08.000Z","volume":7500,"label":" ","price":8.4},{"type":"B","date":"2018-04-04T02:17:08.000Z","volume":500,"label":" ","price":8.4},{"type":"B","date":"2018-04-04T02:17:26.000Z","volume":500,"label":" ","price":8.4},{"type":"B","date":"2018-04-04T02:17:38.000Z","volume":2000,"label":"Y","price":8.4},{"type":"B","date":"2018-04-04T02:17:38.000Z","volume":8000,"label":" ","price":8.4},{"type":"B","date":"2018-04-04T02:17:40.000Z","volume":500,"label":" ","price":8.4},{"type":"B","date":"2018-04-04T02:18:25.000Z","volume":500,"label":" ","price":8.4},{"type":"B","date":"2018-04-04T02:18:43.000Z","volume":4500,"label":" ","price":8.4},{"type":"B","date":"2018-04-04T02:18:43.000Z","volume":500,"label":" ","price":8.4},{"type":"B","date":"2018-04-04T02:18:56.000Z","volume":500,"label":" ","price":8.4},{"type":"A","date":"2018-04-04T02:19:14.000Z","volume":500,"label":" ","price":8.41},{"type":"B","date":"2018-04-04T02:19:14.000Z","volume":22000,"label":" ","price":8.4},{"type":"B","date":"2018-04-04T02:19:14.000Z","volume":500,"label":" ","price":8.4},{"type":"B","date":"2018-04-04T02:19:16.000Z","volume":500,"label":" ","price":8.4},{"type":"B","date":"2018-04-04T02:20:09.000Z","volume":500,"label":" ","price":8.4},{"type":"B","date":"2018-04-04T02:20:10.000Z","volume":4000,"label":" ","price":8.4},{"type":"B","date":"2018-04-04T02:20:11.000Z","volume":500,"label":" ","price":8.4},{"type":"B","date":"2018-04-04T02:20:38.000Z","volume":1500,"label":"Y","price":8.4},{"type":"B","date":"2018-04-04T02:20:38.000Z","volume":4500,"label":" ","price":8.4},{"type":"B","date":"2018-04-04T02:20:38.000Z","volume":500,"label":" ","price":8.4},{"type":"A","date":"2018-04-04T02:20:47.000Z","volume":5500,"label":" ","price":8.41},{"type":"A","date":"2018-04-04T02:20:47.000Z","volume":6500,"label":" ","price":8.41},{"type":"B","date":"2018-04-04T02:20:48.000Z","volume":500,"label":" ","price":8.4},{"type":"B","date":"2018-04-04T02:21:08.000Z","volume":6000,"label":" ","price":8.4},{"type":"B","date":"2018-04-04T02:21:08.000Z","volume":500,"label":" ","price":8.4},{"type":"B","date":"2018-04-04T02:21:10.000Z","volume":500,"label":" ","price":8.4},{"type":"B","date":"2018-04-04T02:21:16.000Z","volume":500,"label":"Y","price":8.4},{"type":"B","date":"2018-04-04T02:21:16.000Z","volume":500,"label":" ","price":8.4},{"type":"B","date":"2018-04-04T02:21:18.000Z","volume":500,"label":" ","price":8.4},{"type":"B","date":"2018-04-04T02:22:02.000Z","volume":500,"label":" ","price":8.4},{"type":"A","date":"2018-04-04T02:22:32.000Z","volume":4500,"label":" ","price":8.41},{"type":"A","date":"2018-04-04T02:22:32.000Z","volume":4500,"label":" ","price":8.41},{"type":"A","date":"2018-04-04T02:22:32.000Z","volume":6000,"label":" ","price":8.41},{"type":"A","date":"2018-04-04T02:22:34.000Z","volume":1500,"label":" ","price":8.41},{"type":"B","date":"2018-04-04T02:22:38.000Z","volume":1500,"label":"Y","price":8.4},{"type":"B","date":"2018-04-04T02:22:38.000Z","volume":2500,"label":" ","price":8.4},{"type":"B","date":"2018-04-04T02:22:56.000Z","volume":500,"label":" ","price":8.4},{"type":"B","date":"2018-04-04T02:23:08.000Z","volume":6000,"label":" ","price":8.4},{"type":"B","date":"2018-04-04T02:23:09.000Z","volume":500,"label":" ","price":8.4},{"type":"B","date":"2018-04-04T02:23:38.000Z","volume":8000,"label":" ","price":8.4},{"type":"B","date":"2018-04-04T02:23:39.000Z","volume":500,"label":" ","price":8.4},{"type":"B","date":"2018-04-04T02:23:39.000Z","volume":500,"label":" ","price":8.4},{"type":"B","date":"2018-04-04T02:23:42.000Z","volume":500,"label":" ","price":8.4},{"type":"B","date":"2018-04-04T02:23:53.000Z","volume":500,"label":" ","price":8.4},{"type":"B","date":"2018-04-04T02:24:08.000Z","volume":3500,"label":"Y","price":8.4},{"type":"B","date":"2018-04-04T02:24:08.000Z","volume":2500,"label":" ","price":8.4},{"type":"B","date":"2018-04-04T02:24:27.000Z","volume":22500,"label":" ","price":8.4},{"type":"A","date":"2018-04-04T02:24:27.000Z","volume":2500,"label":" ","price":8.41},{"type":"B","date":"2018-04-04T02:24:29.000Z","volume":1500,"label":" ","price":8.4},{"type":"B","date":"2018-04-04T02:24:29.000Z","volume":4500,"label":" ","price":8.4},{"type":"A","date":"2018-04-04T02:24:30.000Z","volume":500,"label":" ","price":8.41},{"type":"B","date":"2018-04-04T02:24:31.000Z","volume":500,"label":" ","price":8.4},{"type":"U","date":"2018-04-04T02:24:33.000Z","volume":1000,"label":"X","price":8.402},{"type":"B","date":"2018-04-04T02:24:40.000Z","volume":500,"label":" ","price":8.4},{"type":"A","date":"2018-04-04T02:25:22.000Z","volume":2000,"label":" ","price":8.41},{"type":"B","date":"2018-04-04T02:25:34.000Z","volume":500,"label":" ","price":8.4},{"type":"B","date":"2018-04-04T02:25:38.000Z","volume":2000,"label":" ","price":8.4},{"type":"B","date":"2018-04-04T02:25:59.000Z","volume":500,"label":" ","price":8.4},{"type":"B","date":"2018-04-04T02:26:08.000Z","volume":7500,"label":" ","price":8.4},{"type":"B","date":"2018-04-04T02:26:08.000Z","volume":500,"label":" ","price":8.4},{"type":"A","date":"2018-04-04T02:26:17.000Z","volume":5000,"label":" ","price":8.41},{"type":"A","date":"2018-04-04T02:26:17.000Z","volume":5500,"label":" ","price":8.41},{"type":"B","date":"2018-04-04T02:26:18.000Z","volume":500,"label":" ","price":8.4},{"type":"A","date":"2018-04-04T02:26:20.000Z","volume":3000,"label":"Y","price":8.41},{"type":"B","date":"2018-04-04T02:26:34.000Z","volume":500,"label":" ","price":8.4},{"type":"B","date":"2018-04-04T02:26:52.000Z","volume":148000,"label":" ","price":8.4},{"type":"B","date":"2018-04-04T02:26:52.000Z","volume":4500,"label":" ","price":8.4},{"type":"B","date":"2018-04-04T02:26:52.000Z","volume":2000,"label":" ","price":8.4},{"type":"B","date":"2018-04-04T02:26:52.000Z","volume":5000,"label":" ","price":8.4},{"type":"A","date":"2018-04-04T02:26:54.000Z","volume":3500,"label":" ","price":8.4},{"type":"B","date":"2018-04-04T02:26:54.000Z","volume":4000,"label":" ","price":8.39},{"type":"A","date":"2018-04-04T02:26:54.000Z","volume":2500,"label":" ","price":8.4},{"type":"A","date":"2018-04-04T02:26:55.000Z","volume":1000,"label":" ","price":8.4},{"type":"B","date":"2018-04-04T02:26:56.000Z","volume":2000,"label":" ","price":8.39},{"type":"B","date":"2018-04-04T02:27:08.000Z","volume":4000,"label":"Y","price":8.39},{"type":"B","date":"2018-04-04T02:27:08.000Z","volume":3500,"label":" ","price":8.39},{"type":"B","date":"2018-04-04T02:27:09.000Z","volume":1500,"label":" ","price":8.39},{"type":"B","date":"2018-04-04T02:27:24.000Z","volume":2000,"label":" ","price":8.39},{"type":"B","date":"2018-04-04T02:27:38.000Z","volume":2000,"label":"Y","price":8.39},{"type":"B","date":"2018-04-04T02:27:38.000Z","volume":4000,"label":" ","price":8.39},{"type":"B","date":"2018-04-04T02:27:44.000Z","volume":500,"label":" ","price":8.39},{"type":"B","date":"2018-04-04T02:28:08.000Z","volume":6000,"label":" ","price":8.39},{"type":"B","date":"2018-04-04T02:28:08.000Z","volume":500,"label":" ","price":8.39},{"type":"B","date":"2018-04-04T02:28:38.000Z","volume":7500,"label":" ","price":8.39},{"type":"A","date":"2018-04-04T02:28:38.000Z","volume":1000,"label":" ","price":8.4},{"type":"B","date":"2018-04-04T02:28:38.000Z","volume":500,"label":" ","price":8.39},{"type":"B","date":"2018-04-04T02:29:04.000Z","volume":2500,"label":" ","price":8.39},{"type":"B","date":"2018-04-04T02:29:08.000Z","volume":6000,"label":" ","price":8.39},{"type":"B","date":"2018-04-04T02:29:09.000Z","volume":500,"label":" ","price":8.39},{"type":"A","date":"2018-04-04T02:29:22.000Z","volume":12500,"label":"Y","price":8.4},{"type":"A","date":"2018-04-04T02:29:22.000Z","volume":397000,"label":" ","price":8.4},{"type":"A","date":"2018-04-04T02:29:22.000Z","volume":20500,"label":" ","price":8.41},{"type":"A","date":"2018-04-04T02:29:23.000Z","volume":1500,"label":" ","price":8.41},{"type":"B","date":"2018-04-04T02:29:23.000Z","volume":3500,"label":" ","price":8.4},{"type":"A","date":"2018-04-04T02:29:23.000Z","volume":21000,"label":" ","price":8.41},{"type":"B","date":"2018-04-04T02:29:23.000Z","volume":2500,"label":" ","price":8.4},{"type":"B","date":"2018-04-04T02:29:23.000Z","volume":500,"label":" ","price":8.4},{"type":"A","date":"2018-04-04T02:29:24.000Z","volume":2000,"label":" ","price":8.42},{"type":"B","date":"2018-04-04T02:29:24.000Z","volume":1000,"label":" ","price":8.42},{"type":"A","date":"2018-04-04T02:29:25.000Z","volume":1500,"label":"Y","price":8.43},{"type":"A","date":"2018-04-04T02:29:25.000Z","volume":6500,"label":" ","price":8.43},{"type":"A","date":"2018-04-04T02:29:25.000Z","volume":36000,"label":" ","price":8.43},{"type":"A","date":"2018-04-04T02:29:27.000Z","volume":4000,"label":" ","price":8.44},{"type":"A","date":"2018-04-04T02:29:27.000Z","volume":4500,"label":" ","price":8.44},{"type":"A","date":"2018-04-04T02:29:27.000Z","volume":2000,"label":"Y","price":8.44},{"type":"B","date":"2018-04-04T02:29:27.000Z","volume":500,"label":" ","price":8.44},{"type":"A","date":"2018-04-04T02:29:29.000Z","volume":2500,"label":" ","price":8.45},{"type":"A","date":"2018-04-04T02:29:29.000Z","volume":1000,"label":" ","price":8.45},{"type":"B","date":"2018-04-04T02:29:29.000Z","volume":1000,"label":" ","price":8.44},{"type":"U","date":"2018-04-04T02:29:29.000Z","volume":500,"label":"X","price":8.45},{"type":"U","date":"2018-04-04T02:29:30.000Z","volume":2000,"label":"X","price":8.45},{"type":"U","date":"2018-04-04T02:29:30.000Z","volume":5500,"label":" ","price":8.45},{"type":"B","date":"2018-04-04T02:29:30.000Z","volume":5500,"label":" ","price":8.45},{"type":"B","date":"2018-04-04T02:29:30.000Z","volume":88500,"label":" ","price":8.45},{"type":"U","date":"2018-04-04T02:29:30.000Z","volume":4000,"label":" ","price":8.45},{"type":"A","date":"2018-04-04T02:29:31.000Z","volume":500,"label":" ","price":8.45},{"type":"U","date":"2018-04-04T02:29:31.000Z","volume":6500,"label":"X","price":8.445},{"type":"B","date":"2018-04-04T02:29:31.000Z","volume":5500,"label":" ","price":8.44},{"type":"A","date":"2018-04-04T02:29:32.000Z","volume":1500,"label":"Y","price":8.45},{"type":"A","date":"2018-04-04T02:29:32.000Z","volume":1500,"label":" ","price":8.45},{"type":"A","date":"2018-04-04T02:29:32.000Z","volume":5500,"label":" ","price":8.45},{"type":"A","date":"2018-04-04T02:29:32.000Z","volume":27500,"label":" ","price":8.45},{"type":"U","date":"2018-04-04T02:29:32.000Z","volume":3000,"label":"X","price":8.455},{"type":"U","date":"2018-04-04T02:29:33.000Z","volume":500,"label":"X","price":8.45},{"type":"U","date":"2018-04-04T02:29:33.000Z","volume":500,"label":"X","price":8.45},{"type":"B","date":"2018-04-04T02:29:33.000Z","volume":2000,"label":" ","price":8.44},{"type":"U","date":"2018-04-04T02:29:33.000Z","volume":7500,"label":" ","price":8.45},{"type":"U","date":"2018-04-04T02:29:33.000Z","volume":500,"label":" ","price":8.45},{"type":"B","date":"2018-04-04T02:29:33.000Z","volume":60500,"label":" ","price":8.44},{"type":"A","date":"2018-04-04T02:29:33.000Z","volume":4500,"label":" ","price":8.45},{"type":"A","date":"2018-04-04T02:29:33.000Z","volume":500,"label":" ","price":8.45},{"type":"B","date":"2018-04-04T02:29:35.000Z","volume":1500,"label":" ","price":8.43},{"type":"B","date":"2018-04-04T02:29:35.000Z","volume":3000,"label":" ","price":8.43},{"type":"B","date":"2018-04-04T02:29:36.000Z","volume":1500,"label":" ","price":8.42},{"type":"A","date":"2018-04-04T02:29:36.000Z","volume":500,"label":" ","price":8.42},{"type":"B","date":"2018-04-04T02:29:36.000Z","volume":15000,"label":" ","price":8.41},{"type":"B","date":"2018-04-04T02:29:37.000Z","volume":1000,"label":" ","price":8.41},{"type":"A","date":"2018-04-04T02:29:37.000Z","volume":1500,"label":" ","price":8.42},{"type":"A","date":"2018-04-04T02:29:37.000Z","volume":500,"label":" ","price":8.42},{"type":"B","date":"2018-04-04T02:29:37.000Z","volume":4000,"label":" ","price":8.42},{"type":"B","date":"2018-04-04T02:29:38.000Z","volume":1000,"label":" ","price":8.41},{"type":"B","date":"2018-04-04T02:29:39.000Z","volume":2500,"label":" ","price":8.4},{"type":"B","date":"2018-04-04T02:29:39.000Z","volume":24500,"label":" ","price":8.4},{"type":"U","date":"2018-04-04T02:29:40.000Z","volume":500,"label":"X","price":8.415},{"type":"A","date":"2018-04-04T02:29:40.000Z","volume":3000,"label":" ","price":8.41},{"type":"B","date":"2018-04-04T02:29:41.000Z","volume":4500,"label":" ","price":8.4},{"type":"B","date":"2018-04-04T02:29:41.000Z","volume":500,"label":" ","price":8.4},{"type":"B","date":"2018-04-04T02:29:46.000Z","volume":3000,"label":"Y","price":8.43},{"type":"B","date":"2018-04-04T02:29:46.000Z","volume":8000,"label":" ","price":8.43},{"type":"B","date":"2018-04-04T02:29:47.000Z","volume":500,"label":" ","price":8.42},{"type":"B","date":"2018-04-04T02:30:20.000Z","volume":500,"label":"Y","price":8.42},{"type":"B","date":"2018-04-04T02:30:20.000Z","volume":1500,"label":" ","price":8.42},{"type":"B","date":"2018-04-04T02:30:20.000Z","volume":2500,"label":" ","price":8.42},{"type":"B","date":"2018-04-04T02:30:20.000Z","volume":500,"label":"Y","price":8.41},{"type":"B","date":"2018-04-04T02:30:20.000Z","volume":3500,"label":" ","price":8.41},{"type":"B","date":"2018-04-04T02:30:21.000Z","volume":500,"label":" ","price":8.42},{"type":"B","date":"2018-04-04T02:32:10.000Z","volume":1000,"label":" ","price":8.41},{"type":"B","date":"2018-04-04T02:34:32.000Z","volume":3000,"label":" ","price":8.42},{"type":"B","date":"2018-04-04T02:34:32.000Z","volume":3500,"label":" ","price":8.42},{"type":"B","date":"2018-04-04T02:34:32.000Z","volume":500,"label":"Y","price":8.42},{"type":"B","date":"2018-04-04T02:34:32.000Z","volume":1500,"label":" ","price":8.42},{"type":"B","date":"2018-04-04T02:34:32.000Z","volume":1500,"label":" ","price":8.42},{"type":"B","date":"2018-04-04T02:34:32.000Z","volume":5500,"label":" ","price":8.42},{"type":"B","date":"2018-04-04T02:34:32.000Z","volume":1000,"label":" ","price":8.42},{"type":"B","date":"2018-04-04T02:34:32.000Z","volume":500,"label":" ","price":8.42},{"type":"B","date":"2018-04-04T02:34:33.000Z","volume":2000,"label":" ","price":8.42},{"type":"B","date":"2018-04-04T02:34:33.000Z","volume":500,"label":" ","price":8.42},{"type":"A","date":"2018-04-04T02:34:34.000Z","volume":1000,"label":" ","price":8.43},{"type":"B","date":"2018-04-04T02:34:34.000Z","volume":1000,"label":" ","price":8.42},{"type":"B","date":"2018-04-04T02:34:36.000Z","volume":500,"label":" ","price":8.42},{"type":"B","date":"2018-04-04T02:34:43.000Z","volume":500,"label":" ","price":8.42},{"type":"B","date":"2018-04-04T02:34:56.000Z","volume":500,"label":" ","price":8.42},{"type":"B","date":"2018-04-04T02:34:58.000Z","volume":500,"label":" ","price":8.42},{"type":"B","date":"2018-04-04T02:35:04.000Z","volume":500,"label":" ","price":8.42},{"type":"B","date":"2018-04-04T02:35:34.000Z","volume":500,"label":" ","price":8.42},{"type":"B","date":"2018-04-04T02:36:24.000Z","volume":500,"label":" ","price":8.42},{"type":"B","date":"2018-04-04T02:36:26.000Z","volume":500,"label":" ","price":8.42},{"type":"A","date":"2018-04-04T02:37:17.000Z","volume":5000,"label":" ","price":8.43},{"type":"A","date":"2018-04-04T02:37:17.000Z","volume":5000,"label":" ","price":8.43},{"type":"B","date":"2018-04-04T02:37:20.000Z","volume":500,"label":" ","price":8.42},{"type":"B","date":"2018-04-04T02:38:08.000Z","volume":500,"label":" ","price":8.42},{"type":"B","date":"2018-04-04T02:38:37.000Z","volume":10000,"label":" ","price":8.42},{"type":"B","date":"2018-04-04T02:38:38.000Z","volume":500,"label":" ","price":8.42},{"type":"B","date":"2018-04-04T02:39:05.000Z","volume":500,"label":" ","price":8.42},{"type":"B","date":"2018-04-04T02:39:58.000Z","volume":500,"label":" ","price":8.42},{"type":"A","date":"2018-04-04T02:40:02.000Z","volume":5000,"label":" ","price":8.43},{"type":"A","date":"2018-04-04T02:40:02.000Z","volume":3500,"label":" ","price":8.43},{"type":"B","date":"2018-04-04T02:40:02.000Z","volume":500,"label":" ","price":8.42},{"type":"B","date":"2018-04-04T02:40:54.000Z","volume":500,"label":" ","price":8.42},{"type":"B","date":"2018-04-04T02:41:34.000Z","volume":1000,"label":" ","price":8.42},{"type":"A","date":"2018-04-04T02:41:45.000Z","volume":3000,"label":" ","price":8.43},{"type":"A","date":"2018-04-04T02:41:45.000Z","volume":500,"label":" ","price":8.43},{"type":"B","date":"2018-04-04T02:41:45.000Z","volume":500,"label":" ","price":8.42},{"type":"B","date":"2018-04-04T02:41:45.000Z","volume":500,"label":" ","price":8.42},{"type":"A","date":"2018-04-04T02:41:46.000Z","volume":2000,"label":" ","price":8.43},{"type":"A","date":"2018-04-04T02:41:47.000Z","volume":6500,"label":" ","price":8.43},{"type":"A","date":"2018-04-04T02:41:47.000Z","volume":5500,"label":" ","price":8.43},{"type":"A","date":"2018-04-04T02:41:49.000Z","volume":500,"label":" ","price":8.43},{"type":"B","date":"2018-04-04T02:42:41.000Z","volume":500,"label":" ","price":8.42},{"type":"B","date":"2018-04-04T02:43:32.000Z","volume":500,"label":" ","price":8.42},{"type":"A","date":"2018-04-04T02:43:56.000Z","volume":6500,"label":" ","price":8.43},{"type":"A","date":"2018-04-04T02:43:58.000Z","volume":500,"label":" ","price":8.43},{"type":"B","date":"2018-04-04T02:44:20.000Z","volume":20000,"label":" ","price":8.42},{"type":"B","date":"2018-04-04T02:44:22.000Z","volume":500,"label":" ","price":8.42},{"type":"B","date":"2018-04-04T02:44:25.000Z","volume":500,"label":" ","price":8.42},{"type":"B","date":"2018-04-04T02:44:43.000Z","volume":27500,"label":" ","price":8.42},{"type":"B","date":"2018-04-04T02:44:43.000Z","volume":5000,"label":" ","price":8.42},{"type":"B","date":"2018-04-04T02:44:43.000Z","volume":1500,"label":" ","price":8.42},{"type":"A","date":"2018-04-04T02:44:44.000Z","volume":500,"label":" ","price":8.42},{"type":"B","date":"2018-04-04T02:44:45.000Z","volume":1000,"label":" ","price":8.41},{"type":"A","date":"2018-04-04T02:44:51.000Z","volume":4000,"label":" ","price":8.42},{"type":"B","date":"2018-04-04T02:44:51.000Z","volume":500,"label":" ","price":8.41},{"type":"B","date":"2018-04-04T02:45:18.000Z","volume":4000,"label":" ","price":8.41},{"type":"B","date":"2018-04-04T02:45:19.000Z","volume":500,"label":" ","price":8.41},{"type":"B","date":"2018-04-04T02:45:20.000Z","volume":500,"label":" ","price":8.41},{"type":"B","date":"2018-04-04T02:46:13.000Z","volume":500,"label":" ","price":8.41},{"type":"B","date":"2018-04-04T02:46:18.000Z","volume":1000,"label":"Y","price":8.41},{"type":"B","date":"2018-04-04T02:46:18.000Z","volume":5000,"label":" ","price":8.41},{"type":"B","date":"2018-04-04T02:46:18.000Z","volume":500,"label":" ","price":8.41},{"type":"B","date":"2018-04-04T02:46:41.000Z","volume":1500,"label":" ","price":8.41},{"type":"B","date":"2018-04-04T02:46:48.000Z","volume":1000,"label":"Y","price":8.41},{"type":"B","date":"2018-04-04T02:46:48.000Z","volume":6500,"label":" ","price":8.41},{"type":"B","date":"2018-04-04T02:46:48.000Z","volume":500,"label":" ","price":8.41},{"type":"B","date":"2018-04-04T02:46:51.000Z","volume":500,"label":" ","price":8.41},{"type":"B","date":"2018-04-04T02:47:02.000Z","volume":2000,"label":" ","price":8.41},{"type":"B","date":"2018-04-04T02:47:09.000Z","volume":500,"label":" ","price":8.41},{"type":"B","date":"2018-04-04T02:47:48.000Z","volume":2500,"label":"Y","price":8.41},{"type":"B","date":"2018-04-04T02:47:48.000Z","volume":2500,"label":" ","price":8.41},{"type":"B","date":"2018-04-04T02:47:49.000Z","volume":500,"label":" ","price":8.41},{"type":"B","date":"2018-04-04T02:47:51.000Z","volume":500,"label":" ","price":8.41},{"type":"B","date":"2018-04-04T02:48:01.000Z","volume":500,"label":" ","price":8.41},{"type":"B","date":"2018-04-04T02:48:04.000Z","volume":1000,"label":" ","price":8.41},{"type":"B","date":"2018-04-04T02:48:18.000Z","volume":6000,"label":" ","price":8.41},{"type":"B","date":"2018-04-04T02:48:18.000Z","volume":500,"label":" ","price":8.41},{"type":"B","date":"2018-04-04T02:48:48.000Z","volume":1000,"label":"Y","price":8.41},{"type":"B","date":"2018-04-04T02:48:48.000Z","volume":6500,"label":" ","price":8.41},{"type":"B","date":"2018-04-04T02:48:50.000Z","volume":500,"label":" ","price":8.41},{"type":"B","date":"2018-04-04T02:48:54.000Z","volume":500,"label":" ","price":8.41},{"type":"B","date":"2018-04-04T02:49:18.000Z","volume":7500,"label":" ","price":8.41},{"type":"B","date":"2018-04-04T02:49:18.000Z","volume":14000,"label":" ","price":8.41},{"type":"A","date":"2018-04-04T02:49:18.000Z","volume":1000,"label":" ","price":8.41},{"type":"A","date":"2018-04-04T02:49:18.000Z","volume":4500,"label":" ","price":8.41},{"type":"A","date":"2018-04-04T02:49:18.000Z","volume":500,"label":" ","price":8.41},{"type":"B","date":"2018-04-04T02:49:20.000Z","volume":2000,"label":" ","price":8.4},{"type":"B","date":"2018-04-04T02:49:30.000Z","volume":2500,"label":" ","price":8.4},{"type":"B","date":"2018-04-04T02:49:30.000Z","volume":22000,"label":" ","price":8.4},{"type":"B","date":"2018-04-04T02:49:31.000Z","volume":500,"label":" ","price":8.4},{"type":"B","date":"2018-04-04T02:49:43.000Z","volume":4500,"label":"Y","price":8.4},{"type":"B","date":"2018-04-04T02:49:43.000Z","volume":500,"label":" ","price":8.4},{"type":"B","date":"2018-04-04T02:49:48.000Z","volume":3000,"label":" ","price":8.4},{"type":"B","date":"2018-04-04T02:50:18.000Z","volume":7500,"label":" ","price":8.4},{"type":"B","date":"2018-04-04T02:50:19.000Z","volume":500,"label":" ","price":8.4},{"type":"B","date":"2018-04-04T02:50:48.000Z","volume":6000,"label":" ","price":8.4},{"type":"B","date":"2018-04-04T02:50:51.000Z","volume":500,"label":" ","price":8.4},{"type":"B","date":"2018-04-04T02:51:18.000Z","volume":6000,"label":" ","price":8.4},{"type":"B","date":"2018-04-04T02:51:19.000Z","volume":500,"label":" ","price":8.4},{"type":"B","date":"2018-04-04T02:51:41.000Z","volume":4000,"label":" ","price":8.4},{"type":"B","date":"2018-04-04T02:51:48.000Z","volume":9000,"label":" ","price":8.4},{"type":"B","date":"2018-04-04T02:51:49.000Z","volume":500,"label":" ","price":8.4},{"type":"B","date":"2018-04-04T02:52:18.000Z","volume":6000,"label":" ","price":8.4},{"type":"B","date":"2018-04-04T02:52:18.000Z","volume":500,"label":" ","price":8.4},{"type":"B","date":"2018-04-04T02:52:48.000Z","volume":7500,"label":" ","price":8.4},{"type":"A","date":"2018-04-04T02:52:48.000Z","volume":30000,"label":" ","price":8.41},{"type":"B","date":"2018-04-04T02:52:48.000Z","volume":1000,"label":" ","price":8.4},{"type":"A","date":"2018-04-04T02:52:49.000Z","volume":3000,"label":"Y","price":8.41},{"type":"B","date":"2018-04-04T02:52:50.000Z","volume":500,"label":" ","price":8.4},{"type":"A","date":"2018-04-04T02:52:51.000Z","volume":3500,"label":" ","price":8.41},{"type":"A","date":"2018-04-04T02:52:52.000Z","volume":500,"label":"Y","price":8.41},{"type":"B","date":"2018-04-04T02:52:52.000Z","volume":500,"label":" ","price":8.4},{"type":"B","date":"2018-04-04T02:53:16.000Z","volume":20000,"label":" ","price":8.4},{"type":"B","date":"2018-04-04T02:53:18.000Z","volume":500,"label":" ","price":8.4},{"type":"B","date":"2018-04-04T02:54:30.000Z","volume":2000,"label":" ","price":8.4},{"type":"B","date":"2018-04-04T02:54:30.000Z","volume":21500,"label":" ","price":8.4},{"type":"B","date":"2018-04-04T02:54:30.000Z","volume":1000,"label":" ","price":8.4},{"type":"B","date":"2018-04-04T02:54:31.000Z","volume":4500,"label":" ","price":8.4},{"type":"B","date":"2018-04-04T02:54:32.000Z","volume":500,"label":" ","price":8.4},{"type":"B","date":"2018-04-04T02:54:35.000Z","volume":1000,"label":" ","price":8.4},{"type":"B","date":"2018-04-04T02:54:42.000Z","volume":500,"label":" ","price":8.4},{"type":"B","date":"2018-04-04T02:54:44.000Z","volume":500,"label":"Y","price":8.4},{"type":"B","date":"2018-04-04T02:54:49.000Z","volume":4000,"label":" ","price":8.4},{"type":"B","date":"2018-04-04T02:55:11.000Z","volume":500,"label":" ","price":8.4},{"type":"B","date":"2018-04-04T02:55:18.000Z","volume":5000,"label":" ","price":8.4},{"type":"B","date":"2018-04-04T02:55:18.000Z","volume":500,"label":" ","price":8.4},{"type":"B","date":"2018-04-04T02:55:45.000Z","volume":500,"label":" ","price":8.4},{"type":"B","date":"2018-04-04T02:55:48.000Z","volume":7500,"label":" ","price":8.4},{"type":"B","date":"2018-04-04T02:55:49.000Z","volume":500,"label":" ","price":8.4},{"type":"B","date":"2018-04-04T02:56:18.000Z","volume":500,"label":" ","price":8.4},{"type":"B","date":"2018-04-04T02:56:18.000Z","volume":7500,"label":" ","price":8.4},{"type":"B","date":"2018-04-04T02:56:45.000Z","volume":12000,"label":" ","price":8.4},{"type":"B","date":"2018-04-04T02:56:45.000Z","volume":500,"label":" ","price":8.4},{"type":"B","date":"2018-04-04T02:56:47.000Z","volume":500,"label":" ","price":8.4},{"type":"B","date":"2018-04-04T02:56:48.000Z","volume":7500,"label":" ","price":8.4},{"type":"B","date":"2018-04-04T02:56:49.000Z","volume":500,"label":" ","price":8.4},{"type":"B","date":"2018-04-04T02:57:11.000Z","volume":500,"label":" ","price":8.4},{"type":"B","date":"2018-04-04T02:57:18.000Z","volume":2500,"label":" ","price":8.4},{"type":"B","date":"2018-04-04T02:57:19.000Z","volume":2500,"label":" ","price":8.39},{"type":"B","date":"2018-04-04T02:57:25.000Z","volume":500,"label":" ","price":8.39},{"type":"B","date":"2018-04-04T02:57:25.000Z","volume":500,"label":" ","price":8.39},{"type":"B","date":"2018-04-04T02:57:26.000Z","volume":500,"label":" ","price":8.39},{"type":"B","date":"2018-04-04T02:57:26.000Z","volume":500,"label":" ","price":8.39},{"type":"B","date":"2018-04-04T02:57:49.000Z","volume":7500,"label":" ","price":8.39},{"type":"B","date":"2018-04-04T02:57:51.000Z","volume":500,"label":" ","price":8.39},{"type":"B","date":"2018-04-04T02:57:57.000Z","volume":500,"label":" ","price":8.39},{"type":"A","date":"2018-04-04T02:58:18.000Z","volume":1000,"label":" ","price":8.4},{"type":"B","date":"2018-04-04T02:58:19.000Z","volume":7500,"label":" ","price":8.39},{"type":"B","date":"2018-04-04T02:58:21.000Z","volume":500,"label":" ","price":8.39},{"type":"B","date":"2018-04-04T02:58:30.000Z","volume":3000,"label":" ","price":8.39},{"type":"B","date":"2018-04-04T02:58:49.000Z","volume":500,"label":" ","price":8.39},{"type":"B","date":"2018-04-04T02:58:49.000Z","volume":2500,"label":" ","price":8.39},{"type":"B","date":"2018-04-04T02:58:51.000Z","volume":500,"label":" ","price":8.39},{"type":"B","date":"2018-04-04T02:59:19.000Z","volume":8000,"label":" ","price":8.39},{"type":"B","date":"2018-04-04T02:59:21.000Z","volume":4500,"label":" ","price":8.39},{"type":"B","date":"2018-04-04T02:59:21.000Z","volume":500,"label":" ","price":8.39},{"type":"B","date":"2018-04-04T02:59:42.000Z","volume":22500,"label":" ","price":8.39},{"type":"B","date":"2018-04-04T02:59:44.000Z","volume":500,"label":" ","price":8.39},{"type":"B","date":"2018-04-04T02:59:49.000Z","volume":500,"label":" ","price":8.39},{"type":"B","date":"2018-04-04T02:59:49.000Z","volume":5000,"label":" ","price":8.39},{"type":"B","date":"2018-04-04T02:59:50.000Z","volume":2000,"label":" ","price":8.39},{"type":"B","date":"2018-04-04T02:59:50.000Z","volume":500,"label":" ","price":8.39},{"type":"B","date":"2018-04-04T02:59:51.000Z","volume":500,"label":" ","price":8.39},{"type":"B","date":"2018-04-04T03:00:14.000Z","volume":5000,"label":" ","price":8.39},{"type":"B","date":"2018-04-04T03:00:14.000Z","volume":500,"label":" ","price":8.39},{"type":"B","date":"2018-04-04T03:00:16.000Z","volume":500,"label":" ","price":8.39},{"type":"B","date":"2018-04-04T03:00:43.000Z","volume":500,"label":" ","price":8.39},{"type":"B","date":"2018-04-04T03:00:49.000Z","volume":2000,"label":"Y","price":8.39},{"type":"B","date":"2018-04-04T03:00:49.000Z","volume":7000,"label":" ","price":8.39},{"type":"B","date":"2018-04-04T03:00:51.000Z","volume":500,"label":" ","price":8.39},{"type":"B","date":"2018-04-04T03:01:02.000Z","volume":1000,"label":" ","price":8.39},{"type":"B","date":"2018-04-04T03:01:19.000Z","volume":5000,"label":" ","price":8.39},{"type":"B","date":"2018-04-04T03:01:32.000Z","volume":500,"label":" ","price":8.39},{"type":"B","date":"2018-04-04T03:01:35.000Z","volume":1000,"label":" ","price":8.39},{"type":"B","date":"2018-04-04T03:01:36.000Z","volume":500,"label":" ","price":8.39},{"type":"B","date":"2018-04-04T03:01:38.000Z","volume":1500,"label":" ","price":8.39},{"type":"B","date":"2018-04-04T03:01:49.000Z","volume":8000,"label":" ","price":8.39},{"type":"B","date":"2018-04-04T03:01:49.000Z","volume":2000,"label":" ","price":8.39},{"type":"B","date":"2018-04-04T03:01:51.000Z","volume":1000,"label":" ","price":8.38},{"type":"B","date":"2018-04-04T03:02:19.000Z","volume":7500,"label":" ","price":8.38},{"type":"B","date":"2018-04-04T03:02:21.000Z","volume":500,"label":" ","price":8.38},{"type":"A","date":"2018-04-04T03:02:30.000Z","volume":50000,"label":" ","price":8.39},{"type":"A","date":"2018-04-04T03:02:31.000Z","volume":5000,"label":" ","price":8.39},{"type":"A","date":"2018-04-04T03:02:31.000Z","volume":323000,"label":" ","price":8.39},{"type":"U","date":"2018-04-04T03:02:31.000Z","volume":1000,"label":" ","price":8.39},{"type":"B","date":"2018-04-04T03:02:32.000Z","volume":500,"label":" ","price":8.38},{"type":"A","date":"2018-04-04T03:02:32.000Z","volume":1500,"label":" ","price":8.39},{"type":"A","date":"2018-04-04T03:02:47.000Z","volume":4000,"label":" ","price":8.4},{"type":"A","date":"2018-04-04T03:02:47.000Z","volume":2500,"label":" ","price":8.4},{"type":"B","date":"2018-04-04T03:02:59.000Z","volume":4000,"label":" ","price":8.4},{"type":"B","date":"2018-04-04T03:04:18.000Z","volume":500,"label":" ","price":8.4},{"type":"A","date":"2018-04-04T03:05:10.000Z","volume":7000,"label":"Y","price":8.41},{"type":"A","date":"2018-04-04T03:05:10.000Z","volume":31000,"label":" ","price":8.41},{"type":"A","date":"2018-04-04T03:05:11.000Z","volume":12500,"label":" ","price":8.41},{"type":"B","date":"2018-04-04T03:05:12.000Z","volume":1000,"label":" ","price":8.41},{"type":"A","date":"2018-04-04T03:05:16.000Z","volume":28000,"label":" ","price":8.42},{"type":"B","date":"2018-04-04T03:05:16.000Z","volume":500,"label":" ","price":8.41},{"type":"A","date":"2018-04-04T03:05:17.000Z","volume":1000,"label":" ","price":8.42},{"type":"A","date":"2018-04-04T03:05:24.000Z","volume":8500,"label":" ","price":8.43},{"type":"A","date":"2018-04-04T03:05:24.000Z","volume":11500,"label":" ","price":8.43},{"type":"B","date":"2018-04-04T03:05:26.000Z","volume":3000,"label":"Y","price":8.43},{"type":"B","date":"2018-04-04T03:05:26.000Z","volume":1000,"label":" ","price":8.43},{"type":"A","date":"2018-04-04T03:05:27.000Z","volume":1000,"label":" ","price":8.43}