[{"type":"B","date":"2018-04-24T01:30:04.000Z","volume":1000,"label":" ","price":12.38},{"type":"B","date":"2018-04-24T01:30:24.000Z","volume":2000,"label":" ","price":12.48},{"type":"U","date":"2018-04-24T01:32:02.000Z","volume":1000,"label":"X","price":12.447},{"type":"B","date":"2018-04-24T01:32:30.000Z","volume":1000,"label":" ","price":12.44},{"type":"B","date":"2018-04-24T01:33:30.000Z","volume":1000,"label":" ","price":12.44},{"type":"B","date":"2018-04-24T01:33:32.000Z","volume":3000,"label":" ","price":12.44},{"type":"B","date":"2018-04-24T01:36:01.000Z","volume":1000,"label":" ","price":12.48},{"type":"A","date":"2018-04-24T01:38:03.000Z","volume":2000,"label":" ","price":12.5},{"type":"B","date":"2018-04-24T01:38:03.000Z","volume":5000,"label":" ","price":12.48},{"type":"B","date":"2018-04-24T01:38:03.000Z","volume":3000,"label":" ","price":12.48},{"type":"B","date":"2018-04-24T01:38:03.000Z","volume":7000,"label":" ","price":12.48},{"type":"B","date":"2018-04-24T01:38:03.000Z","volume":1000,"label":" ","price":12.48},{"type":"U","date":"2018-04-24T01:38:03.000Z","volume":1000,"label":"X","price":12.48},{"type":"A","date":"2018-04-24T01:38:03.000Z","volume":30000,"label":" ","price":12.5},{"type":"A","date":"2018-04-24T01:38:03.000Z","volume":4000,"label":" ","price":12.5},{"type":"B","date":"2018-04-24T01:38:03.000Z","volume":1000,"label":" ","price":12.48},{"type":"B","date":"2018-04-24T01:38:04.000Z","volume":2000,"label":"Y","price":12.48},{"type":"A","date":"2018-04-24T01:38:06.000Z","volume":14000,"label":" ","price":12.5},{"type":"A","date":"2018-04-24T01:38:07.000Z","volume":2000,"label":" ","price":12.5},{"type":"A","date":"2018-04-24T01:38:14.000Z","volume":1000,"label":" ","price":12.5},{"type":"B","date":"2018-04-24T01:39:16.000Z","volume":6000,"label":" ","price":12.5},{"type":"U","date":"2018-04-24T01:40:01.000Z","volume":1000,"label":"X","price":12.5},{"type":"A","date":"2018-04-24T01:40:29.000Z","volume":2000,"label":" ","price":12.52},{"type":"B","date":"2018-04-24T01:40:29.000Z","volume":4000,"label":"Y","price":12.5},{"type":"B","date":"2018-04-24T01:40:29.000Z","volume":1000,"label":" ","price":12.5},{"type":"U","date":"2018-04-24T01:40:29.000Z","volume":1000,"label":"X","price":12.5},{"type":"B","date":"2018-04-24T01:40:29.000Z","volume":1000,"label":"Y","price":12.5},{"type":"B","date":"2018-04-24T01:40:30.000Z","volume":1000,"label":" ","price":12.5},{"type":"B","date":"2018-04-24T01:40:46.000Z","volume":2000,"label":" ","price":12.5},{"type":"B","date":"2018-04-24T01:41:04.000Z","volume":1000,"label":" ","price":12.5},{"type":"B","date":"2018-04-24T01:41:04.000Z","volume":1000,"label":"Y","price":12.48},{"type":"B","date":"2018-04-24T01:41:04.000Z","volume":1000,"label":" ","price":12.5},{"type":"A","date":"2018-04-24T01:41:16.000Z","volume":4000,"label":" ","price":12.5},{"type":"A","date":"2018-04-24T01:42:12.000Z","volume":1000,"label":" ","price":12.5},{"type":"A","date":"2018-04-24T01:43:20.000Z","volume":1000,"label":" ","price":12.5},{"type":"A","date":"2018-04-24T01:44:20.000Z","volume":1000,"label":" ","price":12.5},{"type":"A","date":"2018-04-24T01:48:20.000Z","volume":1000,"label":" ","price":12.5},{"type":"U","date":"2018-04-24T01:50:31.000Z","volume":1000,"label":"X","price":12.498},{"type":"A","date":"2018-04-24T01:50:45.000Z","volume":2000,"label":"Y","price":12.5},{"type":"A","date":"2018-04-24T01:50:45.000Z","volume":12000,"label":" ","price":12.5},{"type":"A","date":"2018-04-24T01:50:45.000Z","volume":40000,"label":" ","price":12.52},{"type":"B","date":"2018-04-24T01:50:45.000Z","volume":4000,"label":"Y","price":12.5},{"type":"U","date":"2018-04-24T01:50:45.000Z","volume":5000,"label":"X","price":12.5},{"type":"B","date":"2018-04-24T01:50:47.000Z","volume":1000,"label":"Y","price":12.52},{"type":"A","date":"2018-04-24T01:51:47.000Z","volume":6000,"label":" ","price":12.54},{"type":"A","date":"2018-04-24T01:52:44.000Z","volume":1000,"label":" ","price":12.54},{"type":"A","date":"2018-04-24T01:53:28.000Z","volume":11000,"label":" ","price":12.54},{"type":"A","date":"2018-04-24T01:54:07.000Z","volume":29000,"label":" ","price":12.56},{"type":"B","date":"2018-04-24T01:54:07.000Z","volume":2000,"label":" ","price":12.56},{"type":"A","date":"2018-04-24T01:54:16.000Z","volume":1000,"label":" ","price":12.58},{"type":"A","date":"2018-04-24T01:54:16.000Z","volume":5000,"label":" ","price":12.58},{"type":"B","date":"2018-04-24T01:54:16.000Z","volume":1000,"label":" ","price":12.58},{"type":"A","date":"2018-04-24T01:54:30.000Z","volume":16000,"label":" ","price":12.6},{"type":"B","date":"2018-04-24T01:54:42.000Z","volume":23000,"label":" ","price":12.6},{"type":"B","date":"2018-04-24T01:54:42.000Z","volume":1000,"label":"Y","price":12.6},{"type":"B","date":"2018-04-24T01:55:19.000Z","volume":8000,"label":" ","price":12.6},{"type":"B","date":"2018-04-24T01:55:19.000Z","volume":4000,"label":" ","price":12.6},{"type":"U","date":"2018-04-24T01:56:31.000Z","volume":3000,"label":" ","price":12.62},{"type":"A","date":"2018-04-24T01:56:33.000Z","volume":9000,"label":" ","price":12.66},{"type":"B","date":"2018-04-24T01:56:33.000Z","volume":1000,"label":"Y","price":12.6},{"type":"B","date":"2018-04-24T01:58:55.000Z","volume":7000,"label":" ","price":12.62},{"type":"B","date":"2018-04-24T01:58:55.000Z","volume":10000,"label":" ","price":12.62},{"type":"B","date":"2018-04-24T01:58:55.000Z","volume":9000,"label":" ","price":12.62},{"type":"B","date":"2018-04-24T01:58:55.000Z","volume":5000,"label":" ","price":12.62},{"type":"B","date":"2018-04-24T01:58:56.000Z","volume":1000,"label":"Y","price":12.6},{"type":"B","date":"2018-04-24T01:58:56.000Z","volume":1000,"label":" ","price":12.6},{"type":"B","date":"2018-04-24T01:59:47.000Z","volume":1000,"label":" ","price":12.6},{"type":"B","date":"2018-04-24T01:59:48.000Z","volume":1000,"label":" ","price":12.6},{"type":"A","date":"2018-04-24T01:59:48.000Z","volume":1000,"label":" ","price":12.62},{"type":"A","date":"2018-04-24T02:00:41.000Z","volume":4000,"label":" ","price":12.62},{"type":"A","date":"2018-04-24T02:01:21.000Z","volume":10000,"label":" ","price":12.62},{"type":"B","date":"2018-04-24T02:01:22.000Z","volume":1000,"label":"Y","price":12.6},{"type":"A","date":"2018-04-24T02:01:46.000Z","volume":3000,"label":" ","price":12.62},{"type":"A","date":"2018-04-24T02:04:52.000Z","volume":5000,"label":"Y","price":12.64},{"type":"A","date":"2018-04-24T02:04:52.000Z","volume":57000,"label":" ","price":12.64},{"type":"A","date":"2018-04-24T02:04:57.000Z","volume":6000,"label":" ","price":12.66},{"type":"A","date":"2018-04-24T02:04:58.000Z","volume":2000,"label":" ","price":12.66},{"type":"B","date":"2018-04-24T02:05:03.000Z","volume":10000,"label":" ","price":12.64},{"type":"B","date":"2018-04-24T02:05:06.000Z","volume":1000,"label":"Y","price":12.64},{"type":"B","date":"2018-04-24T02:08:26.000Z","volume":49000,"label":" ","price":12.64},{"type":"B","date":"2018-04-24T02:08:26.000Z","volume":2000,"label":" ","price":12.62},{"type":"A","date":"2018-04-24T02:08:26.000Z","volume":5000,"label":" ","price":12.66},{"type":"A","date":"2018-04-24T02:08:27.000Z","volume":1000,"label":" ","price":12.64},{"type":"B","date":"2018-04-24T02:08:27.000Z","volume":1000,"label":" ","price":12.62},{"type":"B","date":"2018-04-24T02:08:27.000Z","volume":10000,"label":" ","price":12.64},{"type":"B","date":"2018-04-24T02:08:40.000Z","volume":11000,"label":" ","price":12.64},{"type":"B","date":"2018-04-24T02:08:40.000Z","volume":1000,"label":"Y","price":12.64},{"type":"A","date":"2018-04-24T02:08:40.000Z","volume":2000,"label":"Y","price":12.66},{"type":"A","date":"2018-04-24T02:08:40.000Z","volume":2000,"label":" ","price":12.66},{"type":"B","date":"2018-04-24T02:09:58.000Z","volume":10000,"label":" ","price":12.64},{"type":"A","date":"2018-04-24T02:10:02.000Z","volume":3000,"label":"Y","price":12.66},{"type":"B","date":"2018-04-24T02:10:03.000Z","volume":1000,"label":"Y","price":12.64},{"type":"U","date":"2018-04-24T02:10:55.000Z","volume":1000,"label":"X","price":12.64},{"type":"B","date":"2018-04-24T02:11:35.000Z","volume":21000,"label":" ","price":12.64},{"type":"B","date":"2018-04-24T02:11:35.000Z","volume":1000,"label":" ","price":12.62},{"type":"A","date":"2018-04-24T02:11:35.000Z","volume":17000,"label":" ","price":12.64},{"type":"B","date":"2018-04-24T02:11:35.000Z","volume":1000,"label":" ","price":12.62},{"type":"A","date":"2018-04-24T02:11:37.000Z","volume":1000,"label":" ","price":12.66},{"type":"B","date":"2018-04-24T02:13:05.000Z","volume":2000,"label":" ","price":12.64},{"type":"B","date":"2018-04-24T02:16:20.000Z","volume":2000,"label":" ","price":12.64},{"type":"A","date":"2018-04-24T02:19:20.000Z","volume":1000,"label":" ","price":12.66},{"type":"A","date":"2018-04-24T02:19:20.000Z","volume":1000,"label":" ","price":12.66},{"type":"A","date":"2018-04-24T02:19:21.000Z","volume":42000,"label":" ","price":12.66},{"type":"U","date":"2018-04-24T02:19:21.000Z","volume":1000,"label":" ","price":12.66},{"type":"A","date":"2018-04-24T02:19:21.000Z","volume":1000,"label":" ","price":12.66},{"type":"A","date":"2018-04-24T02:19:21.000Z","volume":3000,"label":"Y","price":12.68},{"type":"A","date":"2018-04-24T02:19:21.000Z","volume":11000,"label":" ","price":12.68},{"type":"A","date":"2018-04-24T02:19:24.000Z","volume":1000,"label":" ","price":12.7},{"type":"U","date":"2018-04-24T02:20:57.000Z","volume":1000,"label":"X","price":12.67},{"type":"B","date":"2018-04-24T02:21:15.000Z","volume":20000,"label":" ","price":12.66},{"type":"B","date":"2018-04-24T02:21:15.000Z","volume":14000,"label":" ","price":12.66},{"type":"B","date":"2018-04-24T02:21:17.000Z","volume":1000,"label":"Y","price":12.64},{"type":"A","date":"2018-04-24T02:21:47.000Z","volume":2000,"label":" ","price":12.66},{"type":"A","date":"2018-04-24T02:22:24.000Z","volume":16000,"label":" ","price":12.66},{"type":"A","date":"2018-04-24T02:22:25.000Z","volume":6000,"label":" ","price":12.68},{"type":"A","date":"2018-04-24T02:22:39.000Z","volume":5000,"label":"Y","price":12.68},{"type":"A","date":"2018-04-24T02:22:39.000Z","volume":22000,"label":" ","price":12.68},{"type":"A","date":"2018-04-24T02:22:39.000Z","volume":2000,"label":" ","price":12.68},{"type":"A","date":"2018-04-24T02:22:41.000Z","volume":8000,"label":" ","price":12.7},{"type":"B","date":"2018-04-24T02:22:43.000Z","volume":1000,"label":" ","price":12.66},{"type":"A","date":"2018-04-24T02:22:43.000Z","volume":1000,"label":" ","price":12.7},{"type":"A","date":"2018-04-24T02:22:55.000Z","volume":29000,"label":" ","price":12.7},{"type":"A","date":"2018-04-24T02:22:55.000Z","volume":1000,"label":" ","price":12.7},{"type":"B","date":"2018-04-24T02:24:46.000Z","volume":10000,"label":" ","price":12.7},{"type":"B","date":"2018-04-24T02:24:46.000Z","volume":1000,"label":"Y","price":12.7},{"type":"B","date":"2018-04-24T02:24:49.000Z","volume":4000,"label":" ","price":12.7},{"type":"A","date":"2018-04-24T02:24:49.000Z","volume":1000,"label":" ","price":12.7},{"type":"U","date":"2018-04-24T02:24:54.000Z","volume":2000,"label":" ","price":12.7},{"type":"B","date":"2018-04-24T02:26:40.000Z","volume":1000,"label":" ","price":12.7},{"type":"B","date":"2018-04-24T02:27:05.000Z","volume":10000,"label":" ","price":12.7},{"type":"B","date":"2018-04-24T02:27:05.000Z","volume":1000,"label":" ","price":12.7},{"type":"A","date":"2018-04-24T02:27:05.000Z","volume":1000,"label":" ","price":12.7},{"type":"A","date":"2018-04-24T02:27:05.000Z","volume":1000,"label":" ","price":12.7},{"type":"B","date":"2018-04-24T02:27:07.000Z","volume":2000,"label":" ","price":12.7},{"type":"U","date":"2018-04-24T02:27:30.000Z","volume":1000,"label":"X","price":12.678},{"type":"A","date":"2018-04-24T02:27:36.000Z","volume":9000,"label":"Y","price":12.7},{"type":"B","date":"2018-04-24T02:27:37.000Z","volume":1000,"label":" ","price":12.68},{"type":"B","date":"2018-04-24T02:27:42.000Z","volume":3000,"label":" ","price":12.7},{"type":"B","date":"2018-04-24T02:27:42.000Z","volume":1000,"label":" ","price":12.7},{"type":"A","date":"2018-04-24T02:27:50.000Z","volume":10000,"label":" ","price":12.7},{"type":"B","date":"2018-04-24T02:27:50.000Z","volume":1000,"label":" ","price":12.68},{"type":"U","date":"2018-04-24T02:27:51.000Z","volume":4000,"label":" ","price":12.7},{"type":"B","date":"2018-04-24T02:27:52.000Z","volume":1000,"label":" ","price":12.68},{"type":"U","date":"2018-04-24T02:29:20.000Z","volume":5000,"label":" ","price":12.7},{"type":"A","date":"2018-04-24T02:29:22.000Z","volume":2000,"label":" ","price":12.7},{"type":"A","date":"2018-04-24T02:29:24.000Z","volume":1000,"label":" ","price":12.7},{"type":"A","date":"2018-04-24T02:29:24.000Z","volume":2000,"label":" ","price":12.7},{"type":"A","date":"2018-04-24T02:29:24.000Z","volume":1000,"label":" ","price":12.7},{"type":"B","date":"2018-04-24T02:29:24.000Z","volume":1000,"label":" ","price":12.7},{"type":"A","date":"2018-04-24T02:29:36.000Z","volume":30000,"label":" ","price":12.72},{"type":"B","date":"2018-04-24T02:29:38.000Z","volume":2000,"label":"Y","price":12.7},{"type":"B","date":"2018-04-24T02:31:05.000Z","volume":26000,"label":" ","price":12.7},{"type":"B","date":"2018-04-24T02:31:05.000Z","volume":1000,"label":"Y","price":12.7},{"type":"B","date":"2018-04-24T02:31:48.000Z","volume":10000,"label":" ","price":12.7},{"type":"B","date":"2018-04-24T02:31:48.000Z","volume":1000,"label":"Y","price":12.7},{"type":"B","date":"2018-04-24T02:31:48.000Z","volume":7000,"label":" ","price":12.7},{"type":"A","date":"2018-04-24T02:33:28.000Z","volume":1000,"label":" ","price":12.7},{"type":"A","date":"2018-04-24T02:33:32.000Z","volume":2000,"label":" ","price":12.7},{"type":"A","date":"2018-04-24T02:36:13.000Z","volume":5000,"label":" ","price":12.7},{"type":"A","date":"2018-04-24T02:36:13.000Z","volume":1000,"label":" ","price":12.7},{"type":"A","date":"2018-04-24T02:36:23.000Z","volume":1000,"label":"Y","price":12.7},{"type":"B","date":"2018-04-24T02:36:27.000Z","volume":1000,"label":"Y","price":12.68},{"type":"A","date":"2018-04-24T02:37:08.000Z","volume":1000,"label":"Y","price":12.7},{"type":"A","date":"2018-04-24T02:38:12.000Z","volume":1000,"label":" ","price":12.7},{"type":"A","date":"2018-04-24T02:39:08.000Z","volume":1000,"label":" ","price":12.7},{"type":"B","date":"2018-04-24T02:39:12.000Z","volume":10000,"label":" ","price":12.68},{"type":"A","date":"2018-04-24T02:39:48.000Z","volume":1000,"label":" ","price":12.7},{"type":"U","date":"2018-04-24T02:39:49.000Z","volume":783,"label":"D","price":12.72},{"type":"B","date":"2018-04-24T02:40:21.000Z","volume":30000,"label":" ","price":12.68},{"type":"B","date":"2018-04-24T02:40:21.000Z","volume":5000,"label":" ","price":12.68},{"type":"B","date":"2018-04-24T02:40:22.000Z","volume":1000,"label":" ","price":12.66},{"type":"B","date":"2018-04-24T02:40:23.000Z","volume":2000,"label":"Y","price":12.66},{"type":"A","date":"2018-04-24T02:40:39.000Z","volume":7000,"label":" ","price":12.68},{"type":"B","date":"2018-04-24T02:40:39.000Z","volume":1000,"label":"Y","price":12.66},{"type":"A","date":"2018-04-24T02:40:39.000Z","volume":3000,"label":" ","price":12.68},{"type":"B","date":"2018-04-24T02:43:09.000Z","volume":4000,"label":" ","price":12.66},{"type":"U","date":"2018-04-24T02:45:10.000Z","volume":1000,"label":"X","price":12.681},{"type":"B","date":"2018-04-24T02:45:48.000Z","volume":1000,"label":" ","price":12.66},{"type":"B","date":"2018-04-24T02:46:54.000Z","volume":10000,"label":" ","price":12.66},{"type":"B","date":"2018-04-24T02:46:54.000Z","volume":2000,"label":"Y","price":12.66},{"type":"B","date":"2018-04-24T02:46:54.000Z","volume":6000,"label":" ","price":12.66},{"type":"B","date":"2018-04-24T02:46:56.000Z","volume":1000,"label":"Y","price":12.64},{"type":"B","date":"2018-04-24T02:46:56.000Z","volume":1000,"label":" ","price":12.64},{"type":"A","date":"2018-04-24T02:48:36.000Z","volume":3000,"label":" ","price":12.66},{"type":"A","date":"2018-04-24T02:48:40.000Z","volume":1000,"label":" ","price":12.66},{"type":"A","date":"2018-04-24T02:49:18.000Z","volume":6000,"label":" ","price":12.66},{"type":"A","date":"2018-04-24T02:49:18.000Z","volume":3000,"label":" ","price":12.66},{"type":"B","date":"2018-04-24T02:49:21.000Z","volume":1000,"label":"Y","price":12.64},{"type":"A","date":"2018-04-24T02:52:45.000Z","volume":1000,"label":" ","price":12.66},{"type":"B","date":"2018-04-24T02:52:46.000Z","volume":1000,"label":" ","price":12.64},{"type":"A","date":"2018-04-24T02:54:54.000Z","volume":1000,"label":" ","price":12.66},{"type":"A","date":"2018-04-24T02:56:52.000Z","volume":2000,"label":" ","price":12.66},{"type":"A","date":"2018-04-24T02:56:56.000Z","volume":1000,"label":" ","price":12.66},{"type":"B","date":"2018-04-24T02:56:58.000Z","volume":1000,"label":"Y","price":12.64},{"type":"A","date":"2018-04-24T02:57:49.000Z","volume":1000,"label":" ","price":12.66},{"type":"B","date":"2018-04-24T02:58:04.000Z","volume":2000,"label":" ","price":12.64},{"type":"U","date":"2018-04-24T02:58:25.000Z","volume":1000,"label":"X","price":12.656},{"type":"B","date":"2018-04-24T02:58:59.000Z","volume":27000,"label":" ","price":12.64},{"type":"B","date":"2018-04-24T02:58:59.000Z","volume":2000,"label":" ","price":12.62},{"type":"A","date":"2018-04-24T02:58:59.000Z","volume":1000,"label":" ","price":12.64},{"type":"B","date":"2018-04-24T02:58:59.000Z","volume":2000,"label":" ","price":12.62},{"type":"A","date":"2018-04-24T02:58:59.000Z","volume":3000,"label":" ","price":12.64},{"type":"A","date":"2018-04-24T02:59:01.000Z","volume":1000,"label":" ","price":12.64},{"type":"A","date":"2018-04-24T02:59:01.000Z","volume":1000,"label":" ","price":12.64},{"type":"B","date":"2018-04-24T02:59:02.000Z","volume":1000,"label":" ","price":12.64},{"type":"A","date":"2018-04-24T02:59:02.000Z","volume":1000,"label":" ","price":12.66},{"type":"B","date":"2018-04-24T02:59:02.000Z","volume":1000,"label":" ","price":12.64},{"type":"B","date":"2018-04-24T03:00:02.000Z","volume":1000,"label":" ","price":12.64},{"type":"B","date":"2018-04-24T03:00:02.000Z","volume":1000,"label":" ","price":12.64},{"type":"B","date":"2018-04-24T03:00:02.000Z","volume":1000,"label":" ","price":12.64},{"type":"B","date":"2018-04-24T03:00:09.000Z","volume":1000,"label":" ","price":12.64},{"type":"B","date":"2018-04-24T03:00:20.000Z","volume":1000,"label":" ","price":12.64},{"type":"A","date":"2018-04-24T03:01:00.000Z","volume":1000,"label":" ","price":12.66},{"type":"B","date":"2018-04-24T03:04:38.000Z","volume":1000,"label":"Y","price":12.64},{"type":"B","date":"2018-04-24T03:04:39.000Z","volume":1000,"label":"Y","price":12.64},{"type":"B","date":"2018-04-24T03:04:54.000Z","volume":1000,"label":" ","price":12.64},{"type":"B","date":"2018-04-24T03:05:03.000Z","volume":3000,"label":" ","price":12.64},{"type":"B","date":"2018-04-24T03:05:04.000Z","volume":2000,"label":" ","price":12.64},{"type":"A","date":"2018-04-24T03:07:03.000Z","volume":1000,"label":" ","price":12.66},{"type":"B","date":"2018-04-24T03:11:52.000Z","volume":1000,"label":" ","price":12.64},{"type":"B","date":"2018-04-24T03:12:04.000Z","volume":2000,"label":" ","price":12.64},{"type":"B","date":"2018-04-24T03:12:05.000Z","volume":1000,"label":" ","price":12.64},{"type":"B","date":"2018-04-24T03:13:10.000Z","volume":2000,"label":" ","price":12.64},{"type":"A","date":"2018-04-24T03:13:12.000Z","volume":1000,"label":" ","price":12.66},{"type":"A","date":"2018-04-24T03:14:43.000Z","volume":2000,"label":" ","price":12.66},{"type":"B","date":"2018-04-24T03:15:18.000Z","volume":1000,"label":" ","price":12.64},{"type":"A","date":"2018-04-24T03:15:21.000Z","volume":1000,"label":" ","price":12.66},{"type":"B","date":"2018-04-24T03:15:44.000Z","volume":1000,"label":" ","price":12.64},{"type":"B","date":"2018-04-24T03:15:45.000Z","volume":1000,"label":"Y","price":12.64},{"type":"U","date":"2018-04-24T03:15:50.000Z","volume":1000,"label":"X","price":12.647},{"type":"B","date":"2018-04-24T03:16:50.000Z","volume":2000,"label":" ","price":12.64},{"type":"B","date":"2018-04-24T03:16:50.000Z","volume":1000,"label":" ","price":12.64},{"type":"A","date":"2018-04-24T03:17:23.000Z","volume":1000,"label":" ","price":12.66},{"type":"B","date":"2018-04-24T03:18:58.000Z","volume":1000,"label":" ","price":12.64},{"type":"A","date":"2018-04-24T03:19:00.000Z","volume":1000,"label":" ","price":12.66},{"type":"B","date":"2018-04-24T03:20:58.000Z","volume":10000,"label":" ","price":12.64},{"type":"B","date":"2018-04-24T03:20:58.000Z","volume":1000,"label":" ","price":12.64},{"type":"B","date":"2018-04-24T03:20:58.000Z","volume":1000,"label":" ","price":12.64},{"type":"A","date":"2018-04-24T03:21:55.000Z","volume":2000,"label":" ","price":12.66},{"type":"A","date":"2018-04-24T03:21:56.000Z","volume":1000,"label":"Y","price":12.66},{"type":"A","date":"2018-04-24T03:22:50.000Z","volume":1000,"label":" ","price":12.66},{"type":"A","date":"2018-04-24T03:30:25.000Z","volume":1000,"label":" ","price":12.66},{"type":"A","date":"2018-04-24T03:30:28.000Z","volume":1000,"label":" ","price":12.66},{"type":"A","date":"2018-04-24T03:31:25.000Z","volume":1000,"label":"Y","price":12.66},{"type":"A","date":"2018-04-24T03:31:29.000Z","volume":1000,"label":" ","price":12.66},{"type":"A","date":"2018-04-24T03:31:51.000Z","volume":1000,"label":" ","price":12.66},{"type":"B","date":"2018-04-24T03:31:51.000Z","volume":1000,"label":" ","price":12.64},{"type":"B","date":"2018-04-24T03:31:51.000Z","volume":1000,"label":" ","price":12.64},{"type":"A","date":"2018-04-24T03:31:51.000Z","volume":1000,"label":" ","price":12.66},{"type":"A","date":"2018-04-24T03:31:55.000Z","volume":1000,"label":" ","price":12.66},{"type":"A","date":"2018-04-24T03:31:56.000Z","volume":1000,"label":" ","price":12.66},{"type":"A","date":"2018-04-24T03:32:03.000Z","volume":1000,"label":" ","price":12.66},{"type":"A","date":"2018-04-24T03:32:42.000Z","volume":1000,"label":" ","price":12.66},{"type":"B","date":"2018-04-24T03:32:51.000Z","volume":1000,"label":" ","price":12.64},{"type":"A","date":"2018-04-24T03:32:54.000Z","volume":1000,"label":" ","price":12.66},{"type":"B","date":"2018-04-24T03:33:04.000Z","volume":2000,"label":" ","price":12.64},{"type":"B","date":"2018-04-24T03:33:12.000Z","volume":1000,"label":" ","price":12.64},{"type":"B","date":"2018-04-24T03:33:12.000Z","volume":1000,"label":" ","price":12.64},{"type":"A","date":"2018-04-24T03:33:14.000Z","volume":1000,"label":" ","price":12.66},{"type":"U","date":"2018-04-24T03:36:04.000Z","volume":1000,"label":"X","price":12.652},{"type":"A","date":"2018-04-24T03:36:14.000Z","volume":10000,"label":" ","price":12.66},{"type":"B","date":"2018-04-24T03:36:14.000Z","volume":1000,"label":" ","price":12.64},{"type":"A","date":"2018-04-24T03:36:16.000Z","volume":4000,"label":" ","price":12.66},{"type":"B","date":"2018-04-24T03:36:32.000Z","volume":1000,"label":" ","price":12.64},{"type":"B","date":"2018-04-24T03:36:32.000Z","volume":1000,"label":" ","price":12.64},{"type":"A","date":"2018-04-24T03:39:23.000Z","volume":1000,"label":" ","price":12.66},{"type":"B","date":"2018-04-24T03:39:24.000Z","volume":1000,"label":"Y","price":12.64},{"type":"B","date":"2018-04-24T03:40:22.000Z","volume":1000,"label":" ","price":12.64},{"type":"A","date":"2018-04-24T03:40:30.000Z","volume":1000,"label":" ","price":12.66},{"type":"B","date":"2018-04-24T03:40:35.000Z","volume":2000,"label":" ","price":12.64},{"type":"A","date":"2018-04-24T03:41:53.000Z","volume":1000,"label":" ","price":12.66},{"type":"A","date":"2018-04-24T03:43:13.000Z","volume":1000,"label":" ","price":12.66},{"type":"B","date":"2018-04-24T03:43:58.000Z","volume":1000,"label":" ","price":12.64},{"type":"A","date":"2018-04-24T03:44:00.000Z","volume":1000,"label":" ","price":12.66},{"type":"B","date":"2018-04-24T03:44:17.000Z","volume":1000,"label":" ","price":12.64},{"type":"A","date":"2018-04-24T03:45:34.000Z","volume":1000,"label":" ","price":12.66},{"type":"A","date":"2018-04-24T03:47:13.000Z","volume":1000,"label":" ","price":12.66},{"type":"A","date":"2018-04-24T03:47:17.000Z","volume":1000,"label":" ","price":12.66},{"type":"B","date":"2018-04-24T03:47:21.000Z","volume":1000,"label":" ","price":12.64},{"type":"B","date":"2018-04-24T03:47:24.000Z","volume":1000,"label":" ","price":12.64},{"type":"A","date":"2018-04-24T03:47:53.000Z","volume":1000,"label":" ","price":12.66},{"type":"B","date":"2018-04-24T03:48:35.000Z","volume":2000,"label":" ","price":12.64},{"type":"A","date":"2018-04-24T03:48:37.000Z","volume":1000,"label":" ","price":12.66},{"type":"U","date":"2018-04-24T03:48:38.000Z","volume":1000,"label":"X","price":12.66},{"type":"B","date":"2018-04-24T03:48:40.000Z","volume":8000,"label":" ","price":12.64},{"type":"U","date":"2018-04-24T03:48:40.000Z","volume":1000,"label":"X","price":12.64},{"type":"B","date":"2018-04-24T03:48:43.000Z","volume":1000,"label":"Y","price":12.64},{"type":"B","date":"2018-04-24T03:48:47.000Z","volume":1000,"label":" ","price":12.64},{"type":"A","date":"2018-04-24T03:53:04.000Z","volume":1000,"label":"Y","price":12.66},{"type":"B","date":"2018-04-24T03:53:17.000Z","volume":1000,"label":" ","price":12.64},{"type":"B","date":"2018-04-24T03:53:17.000Z","volume":5000,"label":" ","price":12.64},{"type":"B","date":"2018-04-24T03:53:29.000Z","volume":1000,"label":" ","price":12.64},{"type":"A","date":"2018-04-24T03:54:06.000Z","volume":1000,"label":"Y","price":12.66},{"type":"A","date":"2018-04-24T03:54:23.000Z","volume":1000,"label":" ","price":12.66},{"type":"A","date":"2018-04-24T03:54:24.000Z","volume":1000,"label":"Y","price":12.66},{"type":"A","date":"2018-04-24T03:54:24.000Z","volume":1000,"label":" ","price":12.66},{"type":"A","date":"2018-04-24T03:54:26.000Z","volume":1000,"label":" ","price":12.66},{"type":"A","date":"2018-04-24T03:55:04.000Z","volume":1000,"label":" ","price":12.66},{"type":"A","date":"2018-04-24T03:55:05.000Z","volume":1000,"label":"Y","price":12.66},{"type":"A","date":"2018-04-24T03:55:18.000Z","volume":8000,"label":" ","price":12.66},{"type":"A","date":"2018-04-24T03:55:19.000Z","volume":3000,"label":" ","price":12.66},{"type":"A","date":"2018-04-24T03:55:19.000Z","volume":1000,"label":"Y","price":12.66},{"type":"A","date":"2018-04-24T03:55:59.000Z","volume":1000,"label":" ","price":12.66},{"type":"A","date":"2018-04-24T03:55:59.000Z","volume":1000,"label":" ","price":12.66},{"type":"A","date":"2018-04-24T03:55:59.000Z","volume":23000,"label":" ","price":12.66},{"type":"A","date":"2018-04-24T03:55:59.000Z","volume":1000,"label":"Y","price":12.68},{"type":"A","date":"2018-04-24T03:55:59.000Z","volume":7000,"label":" ","price":12.68},{"type":"B","date":"2018-04-24T03:56:03.000Z","volume":2000,"label":" ","price":12.64},{"type":"B","date":"2018-04-24T03:56:03.000Z","volume":1000,"label":" ","price":12.66},{"type":"A","date":"2018-04-24T03:57:42.000Z","volume":2000,"label":" ","price":12.68},{"type":"A","date":"2018-04-24T03:57:43.000Z","volume":1000,"label":" ","price":12.68},{"type":"A","date":"2018-04-24T03:59:19.000Z","volume":2000,"label":" ","price":12.68},{"type":"A","date":"2018-04-24T03:59:21.000Z","volume":1000,"label":" ","price":12.68},{"type":"A","date":"2018-04-24T03:59:24.000Z","volume":7000,"label":" ","price":12.68},{"type":"A","date":"2018-04-24T03:59:24.000Z","volume":3000,"label":" ","price":12.68},{"type":"A","date":"2018-04-24T03:59:24.000Z","volume":18000,"label":" ","price":12.68},{"type":"A","date":"2018-04-24T03:59:25.000Z","volume":1000,"label":"Y","price":12.7},{"type":"A","date":"2018-04-24T03:59:25.000Z","volume":5000,"label":" ","price":12.7},{"type":"B","date":"2018-04-24T03:59:29.000Z","volume":4000,"label":" ","price":12.68},{"type":"A","date":"2018-04-24T03:59:31.000Z","volume":1000,"label":" ","price":12.7},{"type":"A","date":"2018-04-24T03:59:32.000Z","volume":2000,"label":" ","price":12.7},{"type":"A","date":"2018-04-24T03:59:32.000Z","volume":1000,"label":" ","price":12.7},{"type":"A","date":"2018-04-24T05:00:00.000Z","volume":1000,"label":" ","price":12.72},{"type":"B","date":"2018-04-24T05:00:00.000Z","volume":1000,"label":" ","price":12.68},{"type":"A","date":"2018-04-24T05:00:08.000Z","volume":5000,"label":" ","price":12.7},{"type":"A","date":"2018-04-24T05:00:08.000Z","volume":8000,"label":" ","price":12.7},{"type":"A","date":"2018-04-24T05:00:08.000Z","volume":7000,"label":" ","price":12.7},{"type":"B","date":"2018-04-24T05:00:08.000Z","volume":1000,"label":"Y","price":12.68},{"type":"A","date":"2018-04-24T05:00:08.000Z","volume":1000,"label":" ","price":12.7},{"type":"A","date":"2018-04-24T05:00:22.000Z","volume":4000,"label":" ","price":12.72},{"type":"A","date":"2018-04-24T05:02:53.000Z","volume":2000,"label":" ","price":12.72},{"type":"A","date":"2018-04-24T05:04:48.000Z","volume":10000,"label":" ","price":12.72},{"type":"B","date":"2018-04-24T05:04:48.000Z","volume":1000,"label":"Y","price":12.7},{"type":"A","date":"2018-04-24T05:05:18.000Z","volume":1000,"label":" ","price":12.72},{"type":"A","date":"2018-04-24T05:05:34.000Z","volume":1000,"label":" ","price":12.72},{"type":"A","date":"2018-04-24T05:07:06.000Z","volume":1000,"label":" ","price":12.72},{"type":"A","date":"2018-04-24T05:08:11.000Z","volume":18000,"label":" ","price":12.72},{"type":"A","date":"2018-04-24T05:08:11.000Z","volume":16000,"label":" ","price":12.74},{"type":"A","date":"2018-04-24T05:08:11.000Z","volume":2000,"label":" ","price":12.72},{"type":"B","date":"2018-04-24T05:08:11.000Z","volume":1000,"label":" ","price":12.7},{"type":"B","date":"2018-04-24T05:08:37.000Z","volume":14000,"label":" ","price":12.72},{"type":"B","date":"2018-04-24T05:11:55.000Z","volume":10000,"label":" ","price":12.72},{"type":"B","date":"2018-04-24T05:11:56.000Z","volume":1000,"label":" ","price":12.72},{"type":"B","date":"2018-04-24T05:12:02.000Z","volume":1000,"label":" ","price":12.72},{"type":"B","date":"2018-04-24T05:12:02.000Z","volume":7000,"label":" ","price":12.72},{"type":"A","date":"2018-04-24T05:19:04.000Z","volume":1000,"label":" ","price":12.72},{"type":"A","date":"2018-04-24T05:19:52.000Z","volume":1000,"label":" ","price":12.72},{"type":"A","date":"2018-04-24T05:20:25.000Z","volume":2000,"label":" ","price":12.72},{"type":"B","date":"2018-04-24T05:20:31.000Z","volume":1000,"label":" ","price":12.7},{"type":"A","date":"2018-04-24T05:21:34.000Z","volume":1000,"label":" ","price":12.72},{"type":"B","date":"2018-04-24T05:21:35.000Z","volume":1000,"label":" ","price":12.7},{"type":"A","date":"2018-04-24T05:25:11.000Z","volume":7000,"label":" ","price":12.72},{"type":"A","date":"2018-04-24T05:26:58.000Z","volume":1000,"label":" ","price":12.72},{"type":"A","date":"2018-04-24T05:27:21.000Z","volume":3000,"label":" ","price":12.72},{"type":"B","date":"2018-04-24T05:27:58.000Z","volume":20000,"label":" ","price":12.7},{"type":"B","date":"2018-04-24T05:28:00.000Z","volume":1000,"label":"Y","price":12.7},{"type":"A","date":"2018-04-24T05:29:09.000Z","volume":1000,"label":" ","price":12.72},{"type":"B","date":"2018-04-24T05:31:45.000Z","volume":50000,"label":" ","price":12.7},{"type":"B","date":"2018-04-24T05:31:45.000Z","volume":5000,"label":" ","price":12.7},{"type":"B","date":"2018-04-24T05:31:45.000Z","volume":1000,"label":" ","price":12.7},{"type":"B","date":"2018-04-24T05:31:45.000Z","volume":15000,"label":" ","price":12.7},{"type":"B","date":"2018-04-24T05:31:45.000Z","volume":6000,"label":" ","price":12.68},{"type":"B","date":"2018-04-24T05:31:45.000Z","volume":1000,"label":" ","price":12.68},{"type":"A","date":"2018-04-24T05:31:45.000Z","volume":3000,"label":"Y","price":12.7},{"type":"B","date":"2018-04-24T05:32:27.000Z","volume":25000,"label":" ","price":12.68},{"type":"B","date":"2018-04-24T05:32:27.000Z","volume":2000,"label":" ","price":12.68},{"type":"B","date":"2018-04-24T05:32:27.000Z","volume":1000,"label":" ","price":12.68},{"type":"B","date":"2018-04-24T05:32:27.000Z","volume":1000,"label":" ","price":12.68},{"type":"A","date":"2018-04-24T05:32:27.000Z","volume":3000,"label":"Y","price":12.68},{"type":"A","date":"2018-04-24T05:32:27.000Z","volume":1000,"label":" ","price":12.68},{"type":"B","date":"2018-04-24T05:32:32.000Z","volume":1000,"label":" ","price":12.68},{"type":"A","date":"2018-04-24T05:37:35.000Z","volume":3000,"label":" ","price":12.68},{"type":"A","date":"2018-04-24T05:39:44.000Z","volume":2000,"label":" ","price":12.68},{"type":"A","date":"2018-04-24T05:39:47.000Z","volume":1000,"label":"Y","price":12.68},{"type":"B","date":"2018-04-24T05:41:17.000Z","volume":1000,"label":" ","price":12.66},{"type":"B","date":"2018-04-24T05:42:07.000Z","volume":2000,"label":" ","price":12.66},{"type":"A","date":"2018-04-24T05:42:07.000Z","volume":1000,"label":" ","price":12.68},{"type":"A","date":"2018-04-24T05:42:09.000Z","volume":2000,"label":"Y","price":12.68},{"type":"B","date":"2018-04-24T05:42:11.000Z","volume":1000,"label":"Y","price":12.66},{"type":"B","date":"2018-04-24T05:46:01.000Z","volume":2000,"label":" ","price":12.66},{"type":"A","date":"2018-04-24T05:46:04.000Z","volume":1000,"label":"Y","price":12.68},{"type":"A","date":"2018-04-24T05:47:22.000Z","volume":1000,"label":" ","price":12.68},{"type":"B","date":"2018-04-24T05:49:48.000Z","volume":2000,"label":" ","price":12.66},{"type":"A","date":"2018-04-24T05:49:49.000Z","volume":1000,"label":" ","price":12.68},{"type":"A","date":"2018-04-24T05:50:21.000Z","volume":1000,"label":" ","price":12.68},{"type":"A","date":"2018-04-24T05:50:22.000Z","volume":1000,"label":" ","price":12.68},{"type":"B","date":"2018-04-24T05:51:20.000Z","volume":1000,"label":" ","price":12.66},{"type":"B","date":"2018-04-24T05:54:37.000Z","volume":2000,"label":" ","price":12.66},{"type":"A","date":"2018-04-24T05:54:41.000Z","volume":1000,"label":" ","price":12.68},{"type":"B","date":"2018-04-24T05:54:45.000Z","volume":1000,"label":" ","price":12.66},{"type":"A","date":"2018-04-24T05:54:45.000Z","volume":1000,"label":" ","price":12.68},{"type":"A","date":"2018-04-24T05:57:03.000Z","volume":1000,"label":" ","price":12.68},{"type":"A","date":"2018-04-24T05:57:26.000Z","volume":1000,"label":" ","price":12.68},{"type":"A","date":"2018-04-24T05:57:31.000Z","volume":1000,"label":" ","price":12.68},{"type":"B","date":"2018-04-24T05:57:34.000Z","volume":1000,"label":" ","price":12.66},{"type":"B","date":"2018-04-24T05:57:51.000Z","volume":1000,"label":" ","price":12.66},{"type":"A","date":"2018-04-24T05:57:56.000Z","volume":4000,"label":" ","price":12.68},{"type":"A","date":"2018-04-24T05:57:59.000Z","volume":2000,"label":" ","price":12.68},{"type":"A","date":"2018-04-24T05:59:07.000Z","volume":1000,"label":" ","price":12.68},{"type":"A","date":"2018-04-24T05:59:36.000Z","volume":1000,"label":" ","price":12.68},{"type":"A","date":"2018-04-24T06:00:24.000Z","volume":1000,"label":" ","price":12.68},{"type":"A","date":"2018-04-24T06:00:25.000Z","volume":1000,"label":" ","price":12.68},{"type":"A","date":"2018-04-24T06:00:59.000Z","volume":1000,"label":" ","price":12.68},{"type":"B","date":"2018-04-24T06:03:02.000Z","volume":1000,"label":" ","price":12.66},{"type":"B","date":"2018-04-24T06:03:02.000Z","volume":1000,"label":" ","price":12.66},{"type":"B","date":"2018-04-24T06:03:13.000Z","volume":1000,"label":" ","price":12.66},{"type":"A","date":"2018-04-24T06:04:21.000Z","volume":1000,"label":" ","price":12.68},{"type":"A","date":"2018-04-24T06:04:24.000Z","volume":1000,"label":" ","price":12.68},{"type":"A","date":"2018-04-24T06:05:00.000Z","volume":5000,"label":" ","price":12.68},{"type":"A","date":"2018-04-24T06:05:00.000Z","volume":2000,"label":" ","price":12.68},{"type":"B","date":"2018-04-24T06:05:20.000Z","volume":1000,"label":" ","price":12.66},{"type":"A","date":"2018-04-24T06:05:44.000Z","volume":9000,"label":" ","price":12.68},{"type":"A","date":"2018-04-24T06:05:46.000Z","volume":4000,"label":" ","price":12.68},{"type":"A","date":"2018-04-24T06:05:46.000Z","volume":1000,"label":" ","price":12.68},{"type":"A","date":"2018-04-24T06:05:48.000Z","volume":1000,"label":"Y","price":12.68},{"type":"A","date":"2018-04-24T06:05:48.000Z","volume":2000,"label":" ","price":12.68},{"type":"A","date":"2018-04-24T06:05:50.000Z","volume":1000,"label":" ","price":12.68},{"type":"A","date":"2018-04-24T06:05:51.000Z","volume":1000,"label":" ","price":12.68},{"type":"A","date":"2018-04-24T06:05:54.000Z","volume":1000,"label":"Y","price":12.68},{"type":"A","date":"2018-04-24T06:06:37.000Z","volume":1000,"label":" ","price":12.68},{"type":"A","date":"2018-04-24T06:07:20.000Z","volume":1000,"label":" ","price":12.68},{"type":"A","date":"2018-04-24T06:07:22.000Z","volume":1000,"label":" ","price":12.68},{"type":"A","date":"2018-04-24T06:07:25.000Z","volume":1000,"label":" ","price":12.68},{"type":"A","date":"2018-04-24T06:07:26.000Z","volume":1000,"label":" ","price":12.68},{"type":"A","date":"2018-04-24T06:07:28.000Z","volume":1000,"label":" ","price":12.68},{"type":"B","date":"2018-04-24T06:07:29.000Z","volume":1000,"label":" ","price":12.66},{"type":"A","date":"2018-04-24T06:08:11.000Z","volume":1000,"label":" ","price":12.68},{"type":"A","date":"2018-04-24T06:08:34.000Z","volume":1000,"label":" ","price":12.68},{"type":"A","date":"2018-04-24T06:09:11.000Z","volume":1000,"label":" ","price":12.68},{"type":"A","date":"2018-04-24T06:09:13.000Z","volume":1000,"label":" ","price":12.68},{"type":"A","date":"2018-04-24T06:09:59.000Z","volume":1000,"label":" ","price":12.68},{"type":"A","date":"2018-04-24T06:10:27.000Z","volume":1000,"label":" ","price":12.68},{"type":"A","date":"2018-04-24T06:10:28.000Z","volume":1000,"label":" ","price":12.68},{"type":"B","date":"2018-04-24T06:10:29.000Z","volume":1000,"label":" ","price":12.66},{"type":"B","date":"2018-04-24T06:10:49.000Z","volume":2000,"label":" ","price":12.66},{"type":"B","date":"2018-04-24T06:10:49.000Z","volume":4000,"label":" ","price":12.66},{"type":"B","date":"2018-04-24T06:10:51.000Z","volume":5000,"label":"Y","price":12.66},{"type":"B","date":"2018-04-24T06:10:51.000Z","volume":20000,"label":" ","price":12.66},{"type":"B","date":"2018-04-24T06:10:53.000Z","volume":1000,"label":" ","price":12.66},{"type":"A","date":"2018-04-24T06:11:53.000Z","volume":1000,"label":" ","price":12.68},{"type":"A","date":"2018-04-24T06:14:26.000Z","volume":1000,"label":" ","price":12.68},{"type":"A","date":"2018-04-24T06:14:28.000Z","volume":1000,"label":" ","price":12.68},{"type":"B","date":"2018-04-24T06:15:02.000Z","volume":1000,"label":" ","price":12.66},{"type":"B","date":"2018-04-24T06:15:33.000Z","volume":1000,"label":" ","price":12.66},{"type":"B","date":"2018-04-24T06:19:44.000Z","volume":1000,"label":"Y","price":12.66},{"type":"B","date":"2018-04-24T06:20:13.000Z","volume":2000,"label":" ","price":12.66},{"type":"B","date":"2018-04-24T06:20:14.000Z","volume":1000,"label":"Y","price":12.66},{"type":"A","date":"2018-04-24T06:20:24.000Z","volume":3000,"label":" ","price":12.68},{"type":"B","date":"2018-04-24T06:21:08.000Z","volume":2000,"label":" ","price":12.66},{"type":"A","date":"2018-04-24T06:22:20.000Z","volume":2000,"label":" ","price":12.68},{"type":"B","date":"2018-04-24T06:22:20.000Z","volume":1000,"label":" ","price":12.66},{"type":"A","date":"2018-04-24T06:22:20.000Z","volume":1000,"label":" ","price":12.68},{"type":"B","date":"2018-04-24T06:23:47.000Z","volume":1000,"label":" ","price":12.66},{"type":"B","date":"2018-04-24T06:23:47.000Z","volume":1000,"label":" ","price":12.66},{"type":"A","date":"2018-04-24T06:24:15.000Z","volume":1000,"label":" ","price":12.68},{"type":"B","date":"2018-04-24T06:25:10.000Z","volume":1000,"label":" ","price":12.66},{"type":"A","date":"2018-04-24T06:25:13.000Z","volume":50000,"label":" ","price":12.68},{"type":"A","date":"2018-04-24T06:25:14.000Z","volume":8000,"label":" ","price":12.68},{"type":"A","date":"2018-04-24T06:25:14.000Z","volume":15000,"label":" ","price":12.68},{"type":"A","date":"2018-04-24T06:25:14.000Z","volume":4000,"label":" ","price":12.68},{"type":"A","date":"2018-04-24T06:25:14.000Z","volume":5000,"label":" ","price":12.68},{"type":"U","date":"2018-04-24T06:25:14.000Z","volume":1000,"label":"X","price":12.67},{"type":"B","date":"2018-04-24T06:25:14.000Z","volume":6000,"label":" ","price":12.66},{"type":"U","date":"2018-04-24T06:25:14.000Z","volume":1000,"label":"X","price":12.66},{"type":"U","date":"2018-04-24T06:25:14.000Z","volume":1000,"label":" ","price":12.68},{"type":"B","date":"2018-04-24T06:25:14.000Z","volume":1000,"label":"Y","price":12.68},{"type":"A","date":"2018-04-24T06:25:15.000Z","volume":1000,"label":"Y","price":12.7},{"type":"A","date":"2018-04-24T06:25:15.000Z","volume":5000,"label":" ","price":12.7},{"type":"A","date":"2018-04-24T06:25:32.000Z","volume":6000,"label":" ","price":12.7},{"type":"A","date":"2018-04-24T06:25:32.000Z","volume":3000,"label":" ","price":12.7},{"type":"A","date":"2018-04-24T06:25:41.000Z","volume":1000,"label":" ","price":12.7},{"type":"A","date":"2018-04-24T06:25:48.000Z","volume":4000,"label":" ","price":12.7},{"type":"A","date":"2018-04-24T06:25:48.000Z","volume":1000,"label":" ","price":12.7},{"type":"A","date":"2018-04-24T06:27:18.000Z","volume":7000,"label":" ","price":12.7},{"type":"A","date":"2018-04-24T06:27:18.000Z","volume":3000,"label":" ","price":12.7},{"type":"A","date":"2018-04-24T06:27:18.000Z","volume":3000,"label":" ","price":12.7},{"type":"A","date":"2018-04-24T06:27:22.000Z","volume":1000,"label":" ","price":12.7},{"type":"B","date":"2018-04-24T06:27:23.000Z","volume":1000,"label":"Y","price":12.68},{"type":"A","date":"2018-04-24T06:28:09.000Z","volume":1000,"label":" ","price":12.7},{"type":"A","date":"2018-04-24T06:28:58.000Z","volume":3000,"label":" ","price":12.7},{"type":"A","date":"2018-04-24T06:28:58.000Z","volume":3000,"label":" ","price":12.7},{"type":"A","date":"2018-04-24T06:28:58.000Z","volume":1000,"label":"Y","price":12.7},{"type":"A","date":"2018-04-24T06:28:58.000Z","volume":1000,"label":" ","price":12.7},{"type":"A","date":"2018-04-24T06:28:59.000Z","volume":1000,"label":" ","price":12.7},{"type":"A","date":"2018-04-24T06:29:39.000Z","volume":2000,"label":" ","price":12.7},{"type":"A","date":"2018-04-24T06:29:39.000Z","volume":1000,"label":" ","price":12.7},{"type":"A","date":"2018-04-24T06:29:39.000Z","volume":1000,"label":" ","price":12.7},{"type":"A","date":"2018-04-24T06:29:54.000Z","volume":1000,"label":" ","price":12.7},{"type":"A","date":"2018-04-24T06:29:57.000Z","volume":1000,"label":" ","price":12.7},{"type":"A","date":"2018-04-24T06:30:22.000Z","volume":1000,"label":" ","price":12.7},{"type":"A","date":"2018-04-24T06:31:37.000Z","volume":1000,"label":" ","price":12.7},{"type":"A","date":"2018-04-24T06:31:37.000Z","volume":2000,"label":" ","price":12.7},{"type":"B","date":"2018-04-24T06:31:38.000Z","volume":1000,"label":"Y","price":12.68},{"type":"A","date":"2018-04-24T06:32:59.000Z","volume":1000,"label":" ","price":12.7},{"type":"A","date":"2018-04-24T06:32:59.000Z","volume":1000,"label":" ","price":12.7},{"type":"A","date":"2018-04-24T06:33:04.000Z","volume":1000,"label":" ","price":12.7},{"type":"B","date":"2018-04-24T06:33:05.000Z","volume":1000,"label":" ","price":12.7},{"type":"B","date":"2018-04-24T06:33:13.000Z","volume":23000,"label":" ","price":12.7},{"type":"B","date":"2018-04-24T06:33:15.000Z","volume":1000,"label":" ","price":12.7},{"type":"B","date":"2018-04-24T06:33:50.000Z","volume":10000,"label":" ","price":12.7},{"type":"A","date":"2018-04-24T06:33:50.000Z","volume":4000,"label":" ","price":12.72},{"type":"B","date":"2018-04-24T06:33:50.000Z","volume":1000,"label":"Y","price":12.7},{"type":"B","date":"2018-04-24T06:35:50.000Z","volume":11000,"label":" ","price":12.7},{"type":"A","date":"2018-04-24T06:36:31.000Z","volume":1000,"label":" ","price":12.72},{"type":"A","date":"2018-04-24T06:36:31.000Z","volume":10000,"label":" ","price":12.72},{"type":"B","date":"2018-04-24T06:36:33.000Z","volume":1000,"label":"Y","price":12.7},{"type":"A","date":"2018-04-24T06:36:39.000Z","volume":1000,"label":" ","price":12.72},{"type":"A","date":"2018-04-24T06:37:13.000Z","volume":1000,"label":" ","price":12.72},{"type":"A","date":"2018-04-24T06:37:54.000Z","volume":1000,"label":" ","price":12.72},{"type":"A","date":"2018-04-24T06:38:29.000Z","volume":1000,"label":" ","price":12.72},{"type":"A","date":"2018-04-24T06:38:40.000Z","volume":2000,"label":" ","price":12.72},{"type":"A","date":"2018-04-24T06:43:29.000Z","volume":1000,"label":" ","price":12.72},{"type":"A","date":"2018-04-24T06:47:09.000Z","volume":1000,"label":" ","price":12.72},{"type":"A","date":"2018-04-24T06:47:27.000Z","volume":1000,"label":" ","price":12.72},{"type":"A","date":"2018-04-24T06:48:06.000Z","volume":1000,"label":" ","price":12.72},{"type":"A","date":"2018-04-24T06:48:30.000Z","volume":1000,"label":" ","price":12.72},{"type":"A","date":"2018-04-24T06:48:40.000Z","volume":1000,"label":" ","price":12.72},{"type":"B","date":"2018-04-24T06:48:41.000Z","volume":1000,"label":"Y","price":12.7},{"type":"A","date":"2018-04-24T06:49:10.000Z","volume":1000,"label":" ","price":12.72},{"type":"A","date":"2018-04-24T06:49:12.000Z","volume":7000,"label":" ","price":12.72},{"type":"A","date":"2018-04-24T06:49:12.000Z","volume":2000,"label":" ","price":12.72},{"type":"A","date":"2018-04-24T06:49:13.000Z","volume":1000,"label":" ","price":12.72},{"type":"A","date":"2018-04-24T06:49:24.000Z","volume":1000,"label":" ","price":12.72},{"type":"U","date":"2018-04-24T06:49:54.000Z","volume":1000,"label":"X","price":12.72},{"type":"A","date":"2018-04-24T06:49:56.000Z","volume":3000,"label":" ","price":12.72},{"type":"A","date":"2018-04-24T06:49:56.000Z","volume":36000,"label":" ","price":12.74},{"type":"A","date":"2018-04-24T06:49:56.000Z","volume":10000,"label":" ","price":12.74},{"type":"B","date":"2018-04-24T06:49:56.000Z","volume":1000,"label":" ","price":12.74},{"type":"B","date":"2018-04-24T06:49:57.000Z","volume":1000,"label":" ","price":12.74},{"type":"B","date":"2018-04-24T06:50:00.000Z","volume":25000,"label":" ","price":12.74},{"type":"B","date":"2018-04-24T06:50:00.000Z","volume":2000,"label":" ","price":12.74},{"type":"B","date":"2018-04-24T06:50:00.000Z","volume":17000,"label":" ","price":12.74},{"type":"B","date":"2018-04-24T06:50:00.000Z","volume":9000,"label":" ","price":12.74},{"type":"B","date":"2018-04-24T06:50:00.000Z","volume":9000,"label":" ","price":12.74},{"type":"B","date":"2018-04-24T06:50:00.000Z","volume":10000,"label":" ","price":12.74},{"type":"B","date":"2018-04-24T06:50:00.000Z","volume":2000,"label":" ","price":12.74},{"type":"B","date":"2018-04-24T06:50:00.000Z","volume":3000,"label":"Y","price":12.72},{"type":"A","date":"2018-04-24T06:50:47.000Z","volume":4000,"label":" ","price":12.76},{"type":"A","date":"2018-04-24T06:52:26.000Z","volume":20000,"label":" ","price":12.76},{"type":"A","date":"2018-04-24T06:52:26.000Z","volume":8000,"label":" ","price":12.76},{"type":"A","date":"2018-04-24T06:52:40.000Z","volume":1000,"label":" ","price":12.76},{"type":"A","date":"2018-04-24T06:54:35.000Z","volume":5000,"label":" ","price":12.76},{"type":"A","date":"2018-04-24T06:55:18.000Z","volume":2000,"label":" ","price":12.76},{"type":"B","date":"2018-04-24T06:55:19.000Z","volume":1000,"label":" ","price":12.74},{"type":"B","date":"2018-04-24T06:55:54.000Z","volume":8000,"label":" ","price":12.74},{"type":"A","date":"2018-04-24T06:56:40.000Z","volume":1000,"label":" ","price":12.76},{"type":"A","date":"2018-04-24T06:57:12.000Z","volume":7000,"label":" ","price":12.76},{"type":"A","date":"2018-04-24T06:58:30.000Z","volume":1000,"label":" ","price":12.76},{"type":"A","date":"2018-04-24T06:58:32.000Z","volume":6000,"label":" ","price":12.76},{"type":"A","date":"2018-04-24T06:58:54.000Z","volume":4000,"label":" ","price":12.76},{"type":"B","date":"2018-04-24T06:58:54.000Z","volume":1000,"label":" ","price":12.76},{"type":"B","date":"2018-04-24T06:59:00.000Z","volume":1000,"label":" ","price":12.76},{"type":"B","date":"2018-04-24T06:59:32.000Z","volume":1000,"label":" ","price":12.76},{"type":"B","date":"2018-04-24T06:59:38.000Z","volume":1000,"label":" ","price":12.76},{"type":"B","date":"2018-04-24T06:59:47.000Z","volume":9000,"label":" ","price":12.76},{"type":"B","date":"2018-04-24T06:59:49.000Z","volume":1000,"label":" ","price":12.76},{"type":"B","date":"2018-04-24T06:59:52.000Z","volume":17000,"label":" ","price":12.76},{"type":"B","date":"2018-04-24T06:59:52.000Z","volume":13000,"label":" ","price":12.76},{"type":"A","date":"2018-04-24T06:59:53.000Z","volume":1000,"label":"Y","price":12.76},{"type":"B","date":"2018-04-24T06:59:53.000Z","volume":1000,"label":" ","price":12.76},{"type":"B","date":"2018-04-24T07:02:21.000Z","volume":3000,"label":" ","price":12.74},{"type":"B","date":"2018-04-24T07:06:13.000Z","volume":12000,"label":" ","price":12.76},{"type":"B","date":"2018-04-24T07:06:13.000Z","volume":3000,"label":" ","price":12.76},{"type":"B","date":"2018-04-24T07:06:15.000Z","volume":1000,"label":"Y","price":12.76},{"type":"B","date":"2018-04-24T07:06:17.000Z","volume":1000,"label":" ","price":12.76},{"type":"B","date":"2018-04-24T07:06:18.000Z","volume":1000,"label":" ","price":12.76},{"type":"B","date":"2018-04-24T07:06:19.000Z","volume":1000,"label":" ","price":12.74},{"type":"U","date":"2018-04-24T07:06:19.000Z","volume":1000,"label":"X","price":12.74},{"type":"B","date":"2018-04-24T07:06:19.000Z","volume":1000,"label":" ","price":12.74},{"type":"A","date":"2018-04-24T07:08:54.000Z","volume":3000,"label":" ","price":12.76},{"type":"B","date":"2018-04-24T07:08:55.000Z","volume":1000,"label":" ","price":12.74},{"type":"A","date":"2018-04-24T07:10:19.000Z","volume":1000,"label":" ","price":12.76},{"type":"A","date":"2018-04-24T07:10:59.000Z","volume":1000,"label":" ","price":12.76},{"type":"A","date":"2018-04-24T07:11:53.000Z","volume":2000,"label":" ","price":12.76},{"type":"A","date":"2018-04-24T07:12:11.000Z","volume":1000,"label":" ","price":12.76},{"type":"B","date":"2018-04-24T07:12:58.000Z","volume":1000,"label":" ","price":12.74},{"type":"A","date":"2018-04-24T07:18:03.000Z","volume":1000,"label":" ","price":12.76},{"type":"B","date":"2018-04-24T07:18:08.000Z","volume":2000,"label":" ","price":12.74},{"type":"A","date":"2018-04-24T07:20:25.000Z","volume":1000,"label":" ","price":12.76},{"type":"B","date":"2018-04-24T07:21:32.000Z","volume":1000,"label":" ","price":12.74},{"type":"B","date":"2018-04-24T07:21:32.000Z","volume":1000,"label":" ","price":12.74},{"type":"B","date":"2018-04-24T07:21:55.000Z","volume":1000,"label":" ","price":12.74},{"type":"U","date":"2018-04-24T07:21:55.000Z","volume":1000,"label":"X","price":12.74},{"type":"B","date":"2018-04-24T07:22:28.000Z","volume":2000,"label":" ","price":12.74},{"type":"A","date":"2018-04-24T07:22:28.000Z","volume":1000,"label":" ","price":12.76},{"type":"A","date":"2018-04-24T07:22:45.000Z","volume":1000,"label":" ","price":12.76},{"type":"B","date":"2018-04-24T07:22:58.000Z","volume":2000,"label":" ","price":12.74},{"type":"A","date":"2018-04-24T07:22:58.000Z","volume":2000,"label":" ","price":12.76},{"type":"B","date":"2018-04-24T07:22:58.000Z","volume":1000,"label":" ","price":12.74},{"type":"A","date":"2018-04-24T07:23:27.000Z","volume":1000,"label":" ","price":12.76},{"type":"B","date":"2018-04-24T07:23:28.000Z","volume":2000,"label":" ","price":12.74},{"type":"B","date":"2018-04-24T07:23:58.000Z","volume":2000,"label":" ","price":12.74},{"type":"B","date":"2018-04-24T07:24:28.000Z","volume":3000,"label":" ","price":12.74},{"type":"B","date":"2018-04-24T07:24:28.000Z","volume":2000,"label":" ","price":12.74},{"type":"A","date":"2018-04-24T07:24:30.000Z","volume":3000,"label":" ","price":12.76},{"type":"A","date":"2018-04-24T07:25:14.000Z","volume":2000,"label":" ","price":12.76},{"type":"B","date":"2018-04-24T07:25:28.000Z","volume":2000,"label":" ","price":12.74},{"type":"B","date":"2018-04-24T07:25:58.000Z","volume":2000,"label":" ","price":12.74},{"type":"A","date":"2018-04-24T07:26:03.000Z","volume":2000,"label":" ","price":12.76},{"type":"A","date":"2018-04-24T07:26:08.000Z","volume":2000,"label":" ","price":12.76},{"type":"B","date":"2018-04-24T07:26:28.000Z","volume":2000,"label":" ","price":12.74},{"type":"B","date":"2018-04-24T07:26:52.000Z","volume":7000,"label":" ","price":12.74},{"type":"A","date":"2018-04-24T07:26:52.000Z","volume":3000,"label":" ","price":12.76},{"type":"B","date":"2018-04-24T07:26:58.000Z","volume":2000,"label":" ","price":12.74},{"type":"B","date":"2018-04-24T07:27:01.000Z","volume":1000,"label":" ","price":12.74},{"type":"B","date":"2018-04-24T07:27:28.000Z","volume":2000,"label":" ","price":12.74},{"type":"B","date":"2018-04-24T07:27:58.000Z","volume":2000,"label":" ","price":12.74},{"type":"A","date":"2018-04-24T07:27:58.000Z","volume":2000,"label":" ","price":12.76},{"type":"B","date":"2018-04-24T07:28:15.000Z","volume":3000,"label":" ","price":12.74},{"type":"A","date":"2018-04-24T07:28:27.000Z","volume":1000,"label":" ","price":12.76},{"type":"B","date":"2018-04-24T07:28:28.000Z","volume":1000,"label":" ","price":12.74},{"type":"B","date":"2018-04-24T07:28:52.000Z","volume":8000,"label":" ","price":12.74},{"type":"A","date":"2018-04-24T07:28:54.000Z","volume":1000,"label":"Y","price":12.76},{"type":"A","date":"2018-04-24T07:28:54.000Z","volume":3000,"label":" ","price":12.76},{"type":"B","date":"2018-04-24T07:28:56.000Z","volume":1000,"label":" ","price":12.74},{"type":"B","date":"2018-04-24T07:28:58.000Z","volume":2000,"label":" ","price":12.74},{"type":"A","date":"2018-04-24T07:28:59.000Z","volume":1000,"label":" ","price":12.76},{"type":"A","date":"2018-04-24T07:29:09.000Z","volume":1000,"label":" ","price":12.76},{"type":"A","date":"2018-04-24T07:29:19.000Z","volume":1000,"label":"Y","price":12.76},{"type":"B","date":"2018-04-24T07:29:28.000Z","volume":2000,"label":" ","price":12.74},{"type":"A","date":"2018-04-24T07:29:30.000Z","volume":2000,"label":" ","price":12.76},{"type":"B","date":"2018-04-24T07:29:32.000Z","volume":1000,"label":" ","price":12.74},{"type":"B","date":"2018-04-24T07:29:32.000Z","volume":1000,"label":" ","price":12.74},{"type":"A","date":"2018-04-24T07:29:50.000Z","volume":1000,"label":" ","price":12.76},{"type":"A","date":"2018-04-24T07:30:10.000Z","volume":1000,"label":" ","price":12.76},{"type":"A","date":"2018-04-24T07:30:15.000Z","volume":7000,"label":" ","price":12.76},{"type":"A","date":"2018-04-24T07:30:16.000Z","volume":3000,"label":" ","price":12.76},{"type":"A","date":"2018-04-24T07:30:46.000Z","volume":1000,"label":" ","price":12.76},{"type":"B","date":"2018-04-24T07:30:52.000Z","volume":7000,"label":" ","price":12.74},{"type":"A","date":"2018-04-24T07:30:52.000Z","volume":3000,"label":" ","price":12.76},{"type":"A","date":"2018-04-24T07:30:53.000Z","volume":1000,"label":" ","price":12.76},{"type":"B","date":"2018-04-24T07:30:54.000Z","volume":1000,"label":" ","price":12.74},{"type":"A","date":"2018-04-24T07:31:13.000Z","volume":1000,"label":" ","price":12.76},{"type":"A","date":"2018-04-24T07:31:32.000Z","volume":7000,"label":" ","price":12.76},{"type":"A","date":"2018-04-24T07:31:34.000Z","volume":3000,"label":" ","price":12.76},{"type":"A","date":"2018-04-24T07:31:38.000Z","volume":1000,"label":" ","price":12.76},{"type":"A","date":"2018-04-24T07:31:40.000Z","volume":1000,"label":" ","price":12.76},{"type":"A","date":"2018-04-24T07:31:42.000Z","volume":1000,"label":" ","price":12.76},{"type":"A","date":"2018-04-24T07:31:46.000Z","volume":17000,"label":" ","price":12.76},{"type":"A","date":"2018-04-24T07:31:46.000Z","volume":7000,"label":" ","price":12.76},{"type":"A","date":"2018-04-24T07:31:48.000Z","volume":8000,"label":" ","price":12.76},{"type":"A","date":"2018-04-24T07:31:49.000Z","volume":2000,"label":" ","price":12.76},{"type":"A","date":"2018-04-24T07:32:24.000Z","volume":1000,"label":"Y","price":12.76},{"type":"A","date":"2018-04-24T07:32:36.000Z","volume":1000,"label":" ","price":12.76},{"type":"B","date":"2018-04-24T07:32:52.000Z","volume":8000,"label":" ","price":12.74},{"type":"A","date":"2018-04-24T07:32:54.000Z","volume":3000,"label":" ","price":12.76},{"type":"A","date":"2018-04-24T07:33:12.000Z","volume":1000,"label":" ","price":12.76},{"type":"A","date":"2018-04-24T07:33:30.000Z","volume":8000,"label":" ","price":12.76},{"type":"A","date":"2018-04-24T07:33:30.000Z","volume":1000,"label":" ","price":12.76},{"type":"A","date":"2018-04-24T07:33:31.000Z","volume":3000,"label":" ","price":12.76},{"type":"A","date":"2018-04-24T07:33:32.000Z","volume":1000,"label":" ","price":12.76},{"type":"A","date":"2018-04-24T07:33:50.000Z","volume":1000,"label":" ","price":12.76},{"type":"A","date":"2018-04-24T07:34:20.000Z","volume":1000,"label":"Y","price":12.76},{"type":"A","date":"2018-04-24T07:34:30.000Z","volume":1000,"label":" ","price":12.76},{"type":"A","date":"2018-04-24T07:34:51.000Z","volume":2000,"label":" ","price":12.76},{"type":"A","date":"2018-04-24T07:35:02.000Z","volume":1000,"label":" ","price":12.76},{"type":"A","date":"2018-04-24T07:35:03.000Z","volume":2000,"label":" ","price":12.76},{"type":"A","date":"2018-04-24T07:35:16.000Z","volume":3000,"label":" ","price":12.76},{"type":"B","date":"2018-04-24T07:35:17.000Z","volume":1000,"label":" ","price":12.74},{"type":"B","date":"2018-04-24T07:35:17.000Z","volume":1000,"label":" ","price":12.74},{"type":"A","date":"2018-04-24T07:35:21.000Z","volume":1000,"label":"Y","price":12.76},{"type":"A","date":"2018-04-24T07:35:51.000Z","volume":1000,"label":"Y","price":12.76},{"type":"A","date":"2018-04-24T07:35:53.000Z","volume":2000,"label":" ","price":12.76},{"type":"U","date":"2018-04-24T07:36:29.000Z","volume":1000,"label":"X","price":12.74},{"type":"B","date":"2018-04-24T07:36:43.000Z","volume":1000,"label":" ","price":12.74},{"type":"B","date":"2018-04-24T07:36:52.000Z","volume":8000,"label":" ","price":12.74},{"type":"A","date":"2018-04-24T07:36:54.000Z","volume":3000,"label":" ","price":12.76},{"type":"A","date":"2018-04-24T07:37:11.000Z","volume":1000,"label":" ","price":12.76},{"type":"A","date":"2018-04-24T07:37:26.000Z","volume":3000,"label":" ","price":12.76},{"type":"B","date":"2018-04-24T07:37:29.000Z","volume":1000,"label":" ","price":12.74},{"type":"B","date":"2018-04-24T07:37:32.000Z","volume":1000,"label":" ","price":12.74},{"type":"B","date":"2018-04-24T07:37:43.000Z","volume":2000,"label":" ","price":12.74},{"type":"A","date":"2018-04-24T07:37:47.000Z","volume":2000,"label":" ","price":12.76},{"type":"B","date":"2018-04-24T07:37:59.000Z","volume":2000,"label":" ","price":12.74},{"type":"A","date":"2018-04-24T07:37:59.000Z","volume":1000,"label":" ","price":12.76},{"type":"A","date":"2018-04-24T07:38:19.000Z","volume":1000,"label":" ","price":12.76},{"type":"A","date":"2018-04-24T07:38:20.000Z","volume":1000,"label":" ","price":12.76},{"type":"B","date":"2018-04-24T07:38:29.000Z","volume":2000,"label":" ","price":12.74},{"type":"A","date":"2018-04-24T07:38:29.000Z","volume":2000,"label":" ","price":12.76},{"type":"B","date":"2018-04-24T07:38:52.000Z","volume":7000,"label":" ","price":12.74},{"type":"B","date":"2018-04-24T07:38:59.000Z","volume":4000,"label":" ","price":12.74},{"type":"A","date":"2018-04-24T07:38:59.000Z","volume":3000,"label":" ","price":12.76},{"type":"B","date":"2018-04-24T07:39:24.000Z","volume":1000,"label":" ","price":12.74},{"type":"B","date":"2018-04-24T07:39:28.000Z","volume":1000,"label":"Y","price":12.74},{"type":"B","date":"2018-04-24T07:39:29.000Z","volume":2000,"label":" ","price":12.74},{"type":"A","date":"2018-04-24T07:39:59.000Z","volume":1000,"label":" ","price":12.76},{"type":"B","date":"2018-04-24T07:39:59.000Z","volume":5000,"label":" ","price":12.74},{"type":"A","date":"2018-04-24T07:40:01.000Z","volume":3000,"label":" ","price":12.76},{"type":"B","date":"2018-04-24T07:40:29.000Z","volume":1000,"label":" ","price":12.74},{"type":"A","date":"2018-04-24T07:40:32.000Z","volume":1000,"label":" ","price":12.76},{"type":"A","date":"2018-04-24T07:40:46.000Z","volume":16000,"label":" ","price":12.76},{"type":"A","date":"2018-04-24T07:40:47.000Z","volume":1000,"label":" ","price":12.76},{"type":"B","date":"2018-04-24T07:40:48.000Z","volume":1000,"label":" ","price":12.74},{"type":"A","date":"2018-04-24T07:40:48.000Z","volume":6000,"label":" ","price":12.76},{"type":"A","date":"2018-04-24T07:40:51.000Z","volume":3000,"label":" ","price":12.76},{"type":"B","date":"2018-04-24T07:40:52.000Z","volume":8000,"label":" ","price":12.74},{"type":"A","date":"2018-04-24T07:40:52.000Z","volume":3000,"label":" ","price":12.76},{"type":"A","date":"2018-04-24T07:40:52.000Z","volume":1000,"label":" ","price":12.76},{"type":"B","date":"2018-04-24T07:40:54.000Z","volume":1000,"label":" ","price":12.74},{"type":"A","date":"2018-04-24T07:41:18.000Z","volume":1000,"label":" ","price":12.76},{"type":"A","date":"2018-04-24T07:41:40.000Z","volume":2000,"label":" ","price":12.76},{"type":"B","date":"2018-04-24T07:41:47.000Z","volume":1000,"label":" ","price":12.74},{"type":"B","date":"2018-04-24T07:41:47.000Z","volume":1000,"label":" ","price":12.74},{"type":"A","date":"2018-04-24T07:41:49.000Z","volume":2000,"label":" ","price":12.76},{"type":"B","date":"2018-04-24T07:41:51.000Z","volume":1000,"label":"Y","price":12.74},{"type":"B","date":"2018-04-24T07:42:29.000Z","volume":4000,"label":" ","price":12.74},{"type":"U","date":"2018-04-24T07:42:29.000Z","volume":1000,"label":"X","price":12.74},{"type":"U","date":"2018-04-24T07:42:29.000Z","volume":25000,"label":"X","price":12.75},{"type":"U","date":"2018-04-24T07:42:42.000Z","volume":2000,"label":"X","price":12.75},{"type":"B","date":"2018-04-24T07:42:52.000Z","volume":7000,"label":" ","price":12.74},{"type":"A","date":"2018-04-24T07:42:52.000Z","volume":4000,"label":" ","price":12.76},{"type":"U","date":"2018-04-24T07:42:59.000Z","volume":4000,"label":"X","price":12.75},{"type":"U","date":"2018-04-24T07:43:12.000Z","volume":1000,"label":"X","price":12.75},{"type":"B","date":"2018-04-24T07:43:28.000Z","volume":3000,"label":" ","price":12.74},{"type":"U","date":"2018-04-24T07:43:29.000Z","volume":6000,"label":"X","price":12.75},{"type":"A","date":"2018-04-24T07:43:44.000Z","volume":1000,"label":" ","price":12.76},{"type":"U","date":"2018-04-24T07:43:47.000Z","volume":4000,"label":"X","price":12.75},{"type":"U","date":"2018-04-24T07:43:59.000Z","volume":2000,"label":"X","price":12.75},{"type":"U","date":"2018-04-24T07:44:29.000Z","volume":8000,"label":"X","price":12.75},{"type":"B","date":"2018-04-24T07:44:52.000Z","volume":8000,"label":" ","price":12.74},{"type":"U","date":"2018-04-24T07:44:54.000Z","volume":4000,"label":"X","price":12.75},{"type":"A","date":"2018-04-24T07:44:54.000Z","volume":3000,"label":" ","price":12.76},{"type":"U","date":"2018-04-24T07:44:55.000Z","volume":2000,"label":"X","price":12.75},{"type":"U","date":"2018-04-24T07:45:02.000Z","volume":1000,"label":"X","price":12.75},{"type":"A","date":"2018-04-24T07:45:02.000Z","volume":1000,"label":"Y","price":12.76},{"type":"B","date":"2018-04-24T07:45:04.000Z","volume":6000,"label":" ","price":12.74},{"type":"B","date":"2018-04-24T07:45:04.000Z","volume":1000,"label":" ","price":12.74},{"type":"A","date":"2018-04-24T07:45:06.000Z","volume":2000,"label":" ","price":12.76},{"type":"B","date":"2018-04-24T07:45:06.000Z","volume":1000,"label":" ","price":12.74},{"type":"U","date":"2018-04-24T07:45:19.000Z","volume":1000,"label":"X","price":12.75},{"type":"A","date":"2018-04-24T07:45:42.000Z","volume":1000,"label":"Y","price":12.76},{"type":"A","date":"2018-04-24T07:46:12.000Z","volume":1000,"label":"Y","price":12.76},{"type":"A","date":"2018-04-24T07:46:45.000Z","volume":1000,"label":"Y","price":12.76},{"type":"B","date":"2018-04-24T07:46:52.000Z","volume":3000,"label":"Y","price":12.74},{"type":"B","date":"2018-04-24T07:46:52.000Z","volume":5000,"label":" ","price":12.74},{"type":"A","date":"2018-04-24T07:46:52.000Z","volume":3000,"label":" ","price":12.76},{"type":"B","date":"2018-04-24T07:46:52.000Z","volume":1000,"label":" ","price":12.74},{"type":"U","date":"2018-04-24T07:47:28.000Z","volume":1000,"label":"X","price":12.75},{"type":"A","date":"2018-04-24T07:47:41.000Z","volume":1000,"label":"Y","price":12.76},{"type":"B","date":"2018-04-24T07:47:44.000Z","volume":3000,"label":" ","price":12.74},{"type":"B","date":"2018-04-24T07:47:44.000Z","volume":1000,"label":" ","price":12.74},{"type":"B","date":"2018-04-24T07:47:46.000Z","volume":1000,"label":" ","price":12.74},{"type":"A","date":"2018-04-24T07:48:10.000Z","volume":1000,"label":" ","price":12.76},{"type":"B","date":"2018-04-24T07:48:17.000Z","volume":1000,"label":" ","price":12.74},{"type":"B","date":"2018-04-24T07:48:17.000Z","volume":1000,"label":" ","price":12.74},{"type":"B","date":"2018-04-24T07:48:26.000Z","volume":4000,"label":" ","price":12.74},{"type":"A","date":"2018-04-24T07:48:43.000Z","volume":1000,"label":" ","price":12.76},{"type":"A","date":"2018-04-24T07:48:44.000Z","volume":1000,"label":" ","price":12.76},{"type":"B","date":"2018-04-24T07:49:12.000Z","volume":2000,"label":" ","price":12.74},{"type":"U","date":"2018-04-24T07:49:14.000Z","volume":1,"label":"D","price":12.824},{"type":"A","date":"2018-04-24T07:49:15.000Z","volume":1000,"label":" ","price":12.76},{"type":"A","date":"2018-04-24T07:49:49.000Z","volume":1000,"label":" ","price":12.76},{"type":"A","date":"2018-04-24T07:50:02.000Z","volume":4000,"label":" ","price":12.76},{"type":"A","date":"2018-04-24T07:50:03.000Z","volume":1000,"label":"Y","price":12.76},{"type":"A","date":"2018-04-24T07:50:05.000Z","volume":1000,"label":" ","price":12.76},{"type":"A","date":"2018-04-24T07:50:14.000Z","volume":1000,"label":" ","price":12.76},{"type":"A","date":"2018-04-24T07:50:16.000Z","volume":1000,"label":" ","price":12.76},{"type":"A","date":"2018-04-24T07:50:17.000Z","volume":1000,"label":" ","price":12.76},{"type":"A","date":"2018-04-24T07:50:19.000Z","volume":1000,"label":" ","price":12.76},{"type":"A","date":"2018-04-24T07:50:22.000Z","volume":6000,"label":" ","price":12.76},{"type":"A","date":"2018-04-24T07:50:24.000Z","volume":3000,"label":" ","price":12.76},{"type":"B","date":"2018-04-24T07:50:31.000Z","volume":2000,"label":" ","price":12.74},{"type":"U","date":"2018-04-24T07:50:39.000Z","volume":1000,"label":"X","price":12.75},{"type":"A","date":"2018-04-24T07:50:44.000Z","volume":3000,"label":"Y","price":12.76},{"type":"A","date":"2018-04-24T07:50:44.000Z","volume":2000,"label":" ","price":12.76},{"type":"A","date":"2018-04-24T07:50:45.000Z","volume":1000,"label":" ","price":12.76},{"type":"A","date":"2018-04-24T07:51:04.000Z","volume":1000,"label":" ","price":12.76},{"type":"A","date":"2018-04-24T07:51:14.000Z","volume":2000,"label":" ","price":12.76},{"type":"A","date":"2018-04-24T07:51:24.000Z","volume":1000,"label":" ","price":12.76},{"type":"A","date":"2018-04-24T07:51:28.000Z","volume":3000,"label":" ","price":12.76},{"type":"B","date":"2018-04-24T07:51:36.000Z","volume":2000,"label":" ","price":12.74},{"type":"A","date":"2018-04-24T07:51:44.000Z","volume":1000,"label":" ","price":12.76},{"type":"B","date":"2018-04-24T07:52:02.000Z","volume":1000,"label":" ","price":12.74},{"type":"B","date":"2018-04-24T07:52:02.000Z","volume":1000,"label":" ","price":12.74},{"type":"B","date":"2018-04-24T07:52:10.000Z","volume":273000,"label":" ","price":12.74},{"type":"U","date":"2018-04-24T07:52:10.000Z","volume":77000,"label":"X","price":12.75},{"type":"B","date":"2018-04-24T07:52:10.000Z","volume":27000,"label":" ","price":12.74},{"type":"B","date":"2018-04-24T07:52:10.000Z","volume":1000,"label":" ","price":12.74},{"type":"U","date":"2018-04-24T07:52:10.000Z","volume":37000,"label":"X","price":12.75},{"type":"B","date":"2018-04-24T07:52:10.000Z","volume":9000,"label":" ","price":12.74},{"type":"A","date":"2018-04-24T07:52:11.000Z","volume":9000,"label":" ","price":12.74},{"type":"B","date":"2018-04-24T07:52:12.000Z","volume":1000,"label":"Y","price":12.72},{"type":"A","date":"2018-04-24T07:52:14.000Z","volume":1000,"label":" ","price":12.74},{"type":"B","date":"2018-04-24T07:53:00.000Z","volume":2000,"label":" ","price":12.74},{"type":"B","date":"2018-04-24T07:53:17.000Z","volume":2000,"label":" ","price":12.74},{"type":"B","date":"2018-04-24T07:53:21.000Z","volume":1000,"label":" ","price":12.74},{"type":"A","date":"2018-04-24T07:53:31.000Z","volume":5000,"label":" ","price":12.76},{"type":"A","date":"2018-04-24T07:54:01.000Z","volume":1000,"label":" ","price":12.76},{"type":"B","date":"2018-04-24T07:54:37.000Z","volume":2000,"label":" ","price":12.74},{"type":"A","date":"2018-04-24T07:55:04.000Z","volume":19000,"label":" ","price":12.76},{"type":"B","date":"2018-04-24T07:55:04.000Z","volume":2000,"label":" ","price":12.74},{"type":"B","date":"2018-04-24T07:55:05.000Z","volume":1000,"label":" ","price":12.74},{"type":"A","date":"2018-04-24T07:55:19.000Z","volume":7000,"label":" ","price":12.76},{"type":"B","date":"2018-04-24T07:55:22.000Z","volume":1000,"label":" ","price":12.74},{"type":"B","date":"2018-04-24T07:55:25.000Z","volume":1000,"label":" ","price":12.74},{"type":"B","date":"2018-04-24T07:55:43.000Z","volume":2000,"label":" ","price":12.74},{"type":"B","date":"2018-04-24T07:56:02.000Z","volume":1000,"label":" ","price":12.74},{"type":"A","date":"2018-04-24T07:56:42.000Z","volume":4000,"label":" ","price":12.76},{"type":"B","date":"2018-04-24T07:56:45.000Z","volume":1000,"label":" ","price":12.74},{"type":"B","date":"2018-04-24T07:56:47.000Z","volume":1000,"label":" ","price":12.74},{"type":"B","date":"2018-04-24T07:56:48.000Z","volume":133000,"label":" ","price":12.74},{"type":"U","date":"2018-04-24T07:56:48.000Z","volume":67000,"label":"X","price":12.75},{"type":"B","date":"2018-04-24T07:56:48.000Z","volume":12000,"label":" ","price":12.74},{"type":"U","date":"2018-04-24T07:56:49.000Z","volume":7000,"label":"X","price":12.75},{"type":"B","date":"2018-04-24T07:56:49.000Z","volume":7000,"label":" ","price":12.74},{"type":"B","date":"2018-04-24T07:57:22.000Z","volume":2000,"label":" ","price":12.74},{"type":"B","date":"2018-04-24T07:57:39.000Z","volume":2000,"label":" ","price":12.74},{"type":"B","date":"2018-04-24T07:57:47.000Z","volume":1000,"label":" ","price":12.74},{"type":"A","date":"2018-04-24T07:57:57.000Z","volume":1000,"label":" ","price":12.76},{"type":"A","date":"2018-04-24T07:58:05.000Z","volume":1000,"label":" ","price":12.76},{"type":"A","date":"2018-04-24T07:58:07.000Z","volume":1000,"label":" ","price":12.76},{"type":"A","date":"2018-04-24T07:58:10.000Z","volume":1000,"label":" ","price":12.76},{"type":"A","date":"2018-04-24T07:58:13.000Z","volume":1000,"label":"Y","price":12.76},{"type":"A","date":"2018-04-24T07:58:16.000Z","volume":20000,"label":" ","price":12.76},{"type":"A","date":"2018-04-24T07:58:18.000Z","volume":1000,"label":" ","price":12.76},{"type":"U","date":"2018-04-24T07:58:21.000Z","volume":947,"label":"D","price":12.62},{"type":"A","date":"2018-04-24T07:58:22.000Z","volume":1000,"label":" ","price":12.76},{"type":"A","date":"2018-04-24T07:58:26.000Z","volume":1000,"label":" ","price":12.76},{"type":"A","date":"2018-04-24T07:58:29.000Z","volume":1000,"label":" ","price":12.76},{"type":"A","date":"2018-04-24T07:58:34.000Z","volume":1000,"label":" ","price":12.76},{"type":"A","date":"2018-04-24T07:58:37.000Z","volume":1000,"label":" ","price":12.76},{"type":"A","date":"2018-04-24T07:58:40.000Z","volume":1000,"label":" ","price":12.76},{"type":"A","date":"2018-04-24T07:58:43.000Z","volume":1000,"label":" ","price":12.76},{"type":"A","date":"2018-04-24T07:58:46.000Z","volume":1000,"label":" ","price":12.76},{"type":"A","date":"2018-04-24T07:58:50.000Z","volume":1000,"label":" ","price":12.76},{"type":"A","date":"2018-04-24T07:58:53.000Z","volume":1000,"label":" ","price":12.76},{"type":"A","date":"2018-04-24T07:58:58.000Z","volume":1000,"label":" ","price":12.76},{"type":"B","date":"2018-04-24T07:59:01.000Z","volume":1000,"label":" ","price":12.74},{"type":"B","date":"2018-04-24T07:59:01.000Z","volume":3000,"label":" ","price":12.74},{"type":"B","date":"2018-04-24T07:59:01.000Z","volume":1000,"label":" ","price":12.74},{"type":"A","date":"2018-04-24T07:59:02.000Z","volume":1000,"label":" ","price":12.76},{"type":"A","date":"2018-04-24T07:59:05.000Z","volume":1000,"label":" ","price":12.76},{"type":"A","date":"2018-04-24T07:59:07.000Z","volume":1000,"label":" ","price":12.76},{"type":"B","date":"2018-04-24T07:59:09.000Z","volume":2000,"label":" ","price":12.74},{"type":"A","date":"2018-04-24T07:59:09.000Z","volume":1000,"label":"Y","price":12.76},{"type":"U","date":"2018-04-24T07:59:10.000Z","volume":1000,"label":"X","price":12.75},{"type":"B","date":"2018-04-24T07:59:10.000Z","volume":1000,"label":" ","price":12.74},{"type":"A","date":"2018-04-24T07:59:11.000Z","volume":3000,"label":" ","price":12.76},{"type":"A","date":"2018-04-24T07:59:20.000Z","volume":2000,"label":" ","price":12.76},{"type":"B","date":"2018-04-24T07:59:25.000Z","volume":1000,"label":" ","price":12.74},{"type":"A","date":"2018-04-24T07:59:26.000Z","volume":1000,"label":" ","price":12.76},{"type":"A","date":"2018-04-24T07:59:26.000Z","volume":1000,"label":" ","price":12.76},{"type":"A","date":"2018-04-24T07:59:30.000Z","volume":1000,"label":" ","price":12.76},{"type":"A","date":"2018-04-24T07:59:31.000Z","volume":4000,"label":" ","price":12.76},{"type":"B","date":"2018-04-24T07:59:31.000Z","volume":2000,"label":" ","price":12.74},{"type":"B","date":"2018-04-24T07:59:36.000Z","volume":1000,"label":" ","price":12.74},{"type":"A","date":"2018-04-24T07:59:42.000Z","volume":2000,"label":" ","price":12.76},{"type":"A","date":"2018-04-24T07:59:45.000Z","volume":1000,"label":" ","price":12.76},{"type":"B","date":"2018-04-24T07:59:55.000Z","volume":2000,"label":" ","price":12.74},{"type":"A","date":"2018-04-24T07:59:55.000Z","volume":1000,"label":" ","price":12.76},{"type":"A","date":"2018-04-24T07:59:55.000Z","volume":1000,"label":" ","price":12.76},{"type":"A","date":"2018-04-24T07:59:58.000Z","volume":1000,"label":" ","price":12.76},{"type":"U","date":"2018-04-24T08:08:02.000Z","volume":173000,"label":"U","price":12.76}]