[{"type":"U","date":"2018-04-10T01:00:00.000Z","volume":5166,"label":"P","price":7.46},{"type":"U","date":"2018-04-10T01:00:00.000Z","volume":9834,"label":"P","price":7.459},{"type":"U","date":"2018-04-10T01:20:00.000Z","volume":5000,"label":"U","price":7.42},{"type":"B","date":"2018-04-10T01:30:01.000Z","volume":1000,"label":" ","price":7.42},{"type":"B","date":"2018-04-10T01:30:01.000Z","volume":1000,"label":"Y","price":7.42},{"type":"U","date":"2018-04-10T01:30:05.000Z","volume":3000,"label":"X","price":7.43},{"type":"U","date":"2018-04-10T01:30:05.000Z","volume":12000,"label":"X","price":7.43},{"type":"B","date":"2018-04-10T01:30:10.000Z","volume":1000,"label":" ","price":7.42},{"type":"A","date":"2018-04-10T01:32:49.000Z","volume":4000,"label":" ","price":7.44},{"type":"A","date":"2018-04-10T01:32:49.000Z","volume":1000,"label":" ","price":7.44},{"type":"U","date":"2018-04-10T01:32:49.000Z","volume":1000,"label":" ","price":7.43},{"type":"A","date":"2018-04-10T01:32:49.000Z","volume":1000,"label":" ","price":7.45},{"type":"A","date":"2018-04-10T01:32:49.000Z","volume":20000,"label":" ","price":7.45},{"type":"A","date":"2018-04-10T01:32:49.000Z","volume":1000,"label":" ","price":7.44},{"type":"A","date":"2018-04-10T01:32:49.000Z","volume":3000,"label":" ","price":7.46},{"type":"A","date":"2018-04-10T01:32:49.000Z","volume":1000,"label":"Y","price":7.44},{"type":"A","date":"2018-04-10T01:32:49.000Z","volume":2000,"label":"Y","price":7.44},{"type":"U","date":"2018-04-10T01:32:50.000Z","volume":2000,"label":" ","price":7.43},{"type":"A","date":"2018-04-10T01:32:50.000Z","volume":1000,"label":"Y","price":7.45},{"type":"A","date":"2018-04-10T01:32:54.000Z","volume":3000,"label":" ","price":7.45},{"type":"A","date":"2018-04-10T01:33:04.000Z","volume":8000,"label":" ","price":7.48},{"type":"A","date":"2018-04-10T01:33:47.000Z","volume":6000,"label":" ","price":7.48},{"type":"A","date":"2018-04-10T01:33:49.000Z","volume":1000,"label":"Y","price":7.48},{"type":"A","date":"2018-04-10T01:33:49.000Z","volume":1000,"label":"Y","price":7.48},{"type":"A","date":"2018-04-10T01:33:54.000Z","volume":1000,"label":" ","price":7.49},{"type":"A","date":"2018-04-10T01:33:54.000Z","volume":2000,"label":" ","price":7.49},{"type":"B","date":"2018-04-10T01:34:02.000Z","volume":4000,"label":" ","price":7.49},{"type":"A","date":"2018-04-10T01:35:16.000Z","volume":1000,"label":" ","price":7.5},{"type":"B","date":"2018-04-10T01:36:02.000Z","volume":8000,"label":" ","price":7.49},{"type":"B","date":"2018-04-10T01:36:02.000Z","volume":1000,"label":" ","price":7.49},{"type":"B","date":"2018-04-10T01:36:03.000Z","volume":1000,"label":" ","price":7.49},{"type":"B","date":"2018-04-10T01:36:31.000Z","volume":4000,"label":" ","price":7.49},{"type":"A","date":"2018-04-10T01:36:31.000Z","volume":1000,"label":" ","price":7.5},{"type":"B","date":"2018-04-10T01:36:32.000Z","volume":1000,"label":" ","price":7.49},{"type":"B","date":"2018-04-10T01:36:32.000Z","volume":1000,"label":" ","price":7.49},{"type":"U","date":"2018-04-10T01:36:49.000Z","volume":1000,"label":"X","price":7.495},{"type":"B","date":"2018-04-10T01:37:00.000Z","volume":3000,"label":" ","price":7.49},{"type":"B","date":"2018-04-10T01:37:40.000Z","volume":20000,"label":" ","price":7.49},{"type":"B","date":"2018-04-10T01:37:40.000Z","volume":1000,"label":" ","price":7.49},{"type":"U","date":"2018-04-10T01:37:40.000Z","volume":5000,"label":"X","price":7.495},{"type":"B","date":"2018-04-10T01:37:42.000Z","volume":1000,"label":" ","price":7.49},{"type":"B","date":"2018-04-10T01:37:42.000Z","volume":4000,"label":" ","price":7.49},{"type":"U","date":"2018-04-10T01:37:42.000Z","volume":1000,"label":"Y","price":7.49},{"type":"B","date":"2018-04-10T01:37:42.000Z","volume":1000,"label":" ","price":7.48},{"type":"B","date":"2018-04-10T01:37:43.000Z","volume":1000,"label":" ","price":7.48},{"type":"B","date":"2018-04-10T01:37:43.000Z","volume":8000,"label":" ","price":7.48},{"type":"B","date":"2018-04-10T01:37:43.000Z","volume":5000,"label":" ","price":7.47},{"type":"B","date":"2018-04-10T01:39:09.000Z","volume":8000,"label":" ","price":7.46},{"type":"A","date":"2018-04-10T01:41:15.000Z","volume":1000,"label":" ","price":7.48},{"type":"A","date":"2018-04-10T01:41:15.000Z","volume":9000,"label":" ","price":7.48},{"type":"A","date":"2018-04-10T01:41:37.000Z","volume":13000,"label":" ","price":7.49},{"type":"A","date":"2018-04-10T01:41:37.000Z","volume":2000,"label":" ","price":7.5},{"type":"A","date":"2018-04-10T01:41:37.000Z","volume":1000,"label":" ","price":7.49},{"type":"B","date":"2018-04-10T01:41:38.000Z","volume":2000,"label":" ","price":7.49},{"type":"U","date":"2018-04-10T01:41:49.000Z","volume":1000,"label":"X","price":7.495},{"type":"A","date":"2018-04-10T01:42:54.000Z","volume":1000,"label":" ","price":7.5},{"type":"A","date":"2018-04-10T01:43:06.000Z","volume":1000,"label":" ","price":7.5},{"type":"A","date":"2018-04-10T01:43:21.000Z","volume":1000,"label":" ","price":7.5},{"type":"A","date":"2018-04-10T01:43:28.000Z","volume":1000,"label":" ","price":7.5},{"type":"A","date":"2018-04-10T01:43:28.000Z","volume":14000,"label":" ","price":7.5},{"type":"A","date":"2018-04-10T01:43:28.000Z","volume":2000,"label":" ","price":7.51},{"type":"A","date":"2018-04-10T01:43:28.000Z","volume":4000,"label":" ","price":7.51},{"type":"A","date":"2018-04-10T01:43:29.000Z","volume":1000,"label":" ","price":7.52},{"type":"A","date":"2018-04-10T01:43:29.000Z","volume":11000,"label":" ","price":7.52},{"type":"B","date":"2018-04-10T01:43:30.000Z","volume":1000,"label":" ","price":7.52},{"type":"B","date":"2018-04-10T01:43:31.000Z","volume":1000,"label":" ","price":7.52},{"type":"B","date":"2018-04-10T01:44:39.000Z","volume":2000,"label":" ","price":7.52},{"type":"A","date":"2018-04-10T01:45:00.000Z","volume":1000,"label":" ","price":7.53},{"type":"U","date":"2018-04-10T01:45:04.000Z","volume":1000,"label":"X","price":7.525},{"type":"A","date":"2018-04-10T01:45:09.000Z","volume":1000,"label":" ","price":7.53},{"type":"A","date":"2018-04-10T01:45:12.000Z","volume":13000,"label":" ","price":7.53},{"type":"A","date":"2018-04-10T01:45:12.000Z","volume":8000,"label":" ","price":7.53},{"type":"A","date":"2018-04-10T01:45:13.000Z","volume":1000,"label":" ","price":7.55},{"type":"U","date":"2018-04-10T01:45:13.000Z","volume":3000,"label":"X","price":7.54},{"type":"U","date":"2018-04-10T01:45:13.000Z","volume":2000,"label":"X","price":7.54},{"type":"B","date":"2018-04-10T01:45:13.000Z","volume":1000,"label":" ","price":7.53},{"type":"A","date":"2018-04-10T01:45:13.000Z","volume":4000,"label":" ","price":7.55},{"type":"U","date":"2018-04-10T01:45:29.000Z","volume":2000,"label":" ","price":7.55},{"type":"A","date":"2018-04-10T01:45:36.000Z","volume":1000,"label":" ","price":7.56},{"type":"A","date":"2018-04-10T01:45:36.000Z","volume":5000,"label":" ","price":7.56},{"type":"A","date":"2018-04-10T01:45:38.000Z","volume":3000,"label":" ","price":7.56},{"type":"B","date":"2018-04-10T01:45:44.000Z","volume":5000,"label":"Y","price":7.55},{"type":"B","date":"2018-04-10T01:45:44.000Z","volume":17000,"label":" ","price":7.55},{"type":"B","date":"2018-04-10T01:45:44.000Z","volume":1000,"label":" ","price":7.55},{"type":"A","date":"2018-04-10T01:45:44.000Z","volume":1000,"label":" ","price":7.56},{"type":"A","date":"2018-04-10T01:45:44.000Z","volume":1000,"label":" ","price":7.56},{"type":"B","date":"2018-04-10T01:45:45.000Z","volume":1000,"label":" ","price":7.54},{"type":"B","date":"2018-04-10T01:45:45.000Z","volume":4000,"label":" ","price":7.54},{"type":"B","date":"2018-04-10T01:45:47.000Z","volume":6000,"label":" ","price":7.54},{"type":"B","date":"2018-04-10T01:45:47.000Z","volume":8000,"label":" ","price":7.53},{"type":"B","date":"2018-04-10T01:45:47.000Z","volume":5000,"label":" ","price":7.52},{"type":"B","date":"2018-04-10T01:45:47.000Z","volume":2000,"label":" ","price":7.52},{"type":"B","date":"2018-04-10T01:45:48.000Z","volume":1000,"label":" ","price":7.51},{"type":"B","date":"2018-04-10T01:45:48.000Z","volume":2000,"label":" ","price":7.51},{"type":"B","date":"2018-04-10T01:45:48.000Z","volume":1000,"label":" ","price":7.5},{"type":"A","date":"2018-04-10T01:46:04.000Z","volume":2000,"label":" ","price":7.51},{"type":"A","date":"2018-04-10T01:46:16.000Z","volume":1000,"label":" ","price":7.53},{"type":"B","date":"2018-04-10T01:47:26.000Z","volume":1000,"label":" ","price":7.52},{"type":"A","date":"2018-04-10T01:47:52.000Z","volume":1000,"label":" ","price":7.53},{"type":"B","date":"2018-04-10T01:47:59.000Z","volume":6000,"label":" ","price":7.52},{"type":"A","date":"2018-04-10T01:48:15.000Z","volume":1000,"label":" ","price":7.53},{"type":"A","date":"2018-04-10T01:48:15.000Z","volume":4000,"label":" ","price":7.54},{"type":"A","date":"2018-04-10T01:48:38.000Z","volume":1000,"label":" ","price":7.55},{"type":"A","date":"2018-04-10T01:49:12.000Z","volume":1000,"label":" ","price":7.55},{"type":"A","date":"2018-04-10T01:49:17.000Z","volume":1000,"label":" ","price":7.55},{"type":"A","date":"2018-04-10T01:49:32.000Z","volume":4000,"label":" ","price":7.55},{"type":"A","date":"2018-04-10T01:49:32.000Z","volume":1000,"label":" ","price":7.55},{"type":"A","date":"2018-04-10T01:49:48.000Z","volume":1000,"label":" ","price":7.56},{"type":"B","date":"2018-04-10T01:50:45.000Z","volume":1000,"label":" ","price":7.55},{"type":"B","date":"2018-04-10T01:50:54.000Z","volume":12000,"label":" ","price":7.55},{"type":"B","date":"2018-04-10T01:50:56.000Z","volume":1000,"label":" ","price":7.55},{"type":"B","date":"2018-04-10T01:50:56.000Z","volume":2000,"label":" ","price":7.55},{"type":"B","date":"2018-04-10T01:50:56.000Z","volume":2000,"label":" ","price":7.55},{"type":"U","date":"2018-04-10T01:51:04.000Z","volume":1000,"label":"X","price":7.55},{"type":"U","date":"2018-04-10T01:51:06.000Z","volume":5000,"label":"X","price":7.55},{"type":"B","date":"2018-04-10T01:51:08.000Z","volume":6000,"label":" ","price":7.54},{"type":"B","date":"2018-04-10T01:51:11.000Z","volume":4000,"label":" ","price":7.54},{"type":"B","date":"2018-04-10T01:51:33.000Z","volume":1000,"label":" ","price":7.53},{"type":"B","date":"2018-04-10T01:51:35.000Z","volume":1000,"label":" ","price":7.53},{"type":"B","date":"2018-04-10T01:51:36.000Z","volume":1000,"label":" ","price":7.53},{"type":"A","date":"2018-04-10T01:51:47.000Z","volume":1000,"label":" ","price":7.54},{"type":"B","date":"2018-04-10T01:52:34.000Z","volume":1000,"label":" ","price":7.53},{"type":"B","date":"2018-04-10T01:52:39.000Z","volume":4000,"label":" ","price":7.53},{"type":"B","date":"2018-04-10T01:52:39.000Z","volume":2000,"label":" ","price":7.53},{"type":"B","date":"2018-04-10T01:52:46.000Z","volume":2000,"label":" ","price":7.53},{"type":"U","date":"2018-04-10T01:52:57.000Z","volume":1000,"label":" ","price":7.54},{"type":"U","date":"2018-04-10T01:52:57.000Z","volume":1000,"label":" ","price":7.54},{"type":"B","date":"2018-04-10T01:53:06.000Z","volume":6000,"label":" ","price":7.54},{"type":"B","date":"2018-04-10T01:53:06.000Z","volume":2000,"label":" ","price":7.53},{"type":"B","date":"2018-04-10T01:53:06.000Z","volume":5000,"label":" ","price":7.53},{"type":"B","date":"2018-04-10T01:53:06.000Z","volume":3000,"label":" ","price":7.54},{"type":"B","date":"2018-04-10T01:53:07.000Z","volume":1000,"label":" ","price":7.52},{"type":"A","date":"2018-04-10T01:54:29.000Z","volume":9000,"label":" ","price":7.55},{"type":"B","date":"2018-04-10T01:54:30.000Z","volume":2000,"label":" ","price":7.53},{"type":"A","date":"2018-04-10T01:54:30.000Z","volume":5000,"label":" ","price":7.55},{"type":"A","date":"2018-04-10T01:54:30.000Z","volume":12000,"label":" ","price":7.55},{"type":"B","date":"2018-04-10T01:54:30.000Z","volume":2000,"label":" ","price":7.54},{"type":"B","date":"2018-04-10T01:54:31.000Z","volume":1000,"label":" ","price":7.53},{"type":"U","date":"2018-04-10T01:55:52.000Z","volume":1000,"label":" ","price":7.55},{"type":"A","date":"2018-04-10T01:56:17.000Z","volume":2000,"label":" ","price":7.56},{"type":"A","date":"2018-04-10T01:56:17.000Z","volume":4000,"label":" ","price":7.56},{"type":"U","date":"2018-04-10T01:56:44.000Z","volume":1000,"label":"X","price":7.56},{"type":"B","date":"2018-04-10T01:57:12.000Z","volume":19000,"label":" ","price":7.56},{"type":"B","date":"2018-04-10T01:57:12.000Z","volume":14000,"label":" ","price":7.55},{"type":"B","date":"2018-04-10T01:57:13.000Z","volume":1000,"label":" ","price":7.54},{"type":"B","date":"2018-04-10T01:57:13.000Z","volume":6000,"label":" ","price":7.54},{"type":"B","date":"2018-04-10T01:57:14.000Z","volume":2000,"label":" ","price":7.53},{"type":"B","date":"2018-04-10T01:57:16.000Z","volume":1000,"label":" ","price":7.53},{"type":"B","date":"2018-04-10T01:57:21.000Z","volume":1000,"label":" ","price":7.53},{"type":"B","date":"2018-04-10T01:57:25.000Z","volume":8000,"label":" ","price":7.52},{"type":"B","date":"2018-04-10T01:57:25.000Z","volume":5000,"label":" ","price":7.52},{"type":"B","date":"2018-04-10T01:57:26.000Z","volume":1000,"label":" ","price":7.51},{"type":"B","date":"2018-04-10T01:59:53.000Z","volume":2000,"label":" ","price":7.51},{"type":"A","date":"2018-04-10T02:00:07.000Z","volume":1000,"label":" ","price":7.53},{"type":"A","date":"2018-04-10T02:00:17.000Z","volume":5000,"label":" ","price":7.53},{"type":"A","date":"2018-04-10T02:00:17.000Z","volume":1000,"label":" ","price":7.53},{"type":"A","date":"2018-04-10T02:00:17.000Z","volume":1000,"label":" ","price":7.53},{"type":"B","date":"2018-04-10T02:00:22.000Z","volume":1000,"label":" ","price":7.53},{"type":"B","date":"2018-04-10T02:00:22.000Z","volume":2000,"label":" ","price":7.53},{"type":"B","date":"2018-04-10T02:01:24.000Z","volume":20000,"label":" ","price":7.53},{"type":"B","date":"2018-04-10T02:01:25.000Z","volume":1000,"label":" ","price":7.52},{"type":"B","date":"2018-04-10T02:03:15.000Z","volume":1000,"label":" ","price":7.52},{"type":"A","date":"2018-04-10T02:03:46.000Z","volume":9000,"label":" ","price":7.53},{"type":"A","date":"2018-04-10T02:03:46.000Z","volume":7000,"label":" ","price":7.53},{"type":"A","date":"2018-04-10T02:03:49.000Z","volume":5000,"label":" ","price":7.54},{"type":"A","date":"2018-04-10T02:03:49.000Z","volume":4000,"label":" ","price":7.54},{"type":"U","date":"2018-04-10T02:03:49.000Z","volume":5000,"label":"X","price":7.54},{"type":"U","date":"2018-04-10T02:04:46.000Z","volume":1000,"label":" ","price":7.54},{"type":"U","date":"2018-04-10T02:04:46.000Z","volume":1000,"label":" ","price":7.54},{"type":"B","date":"2018-04-10T02:04:46.000Z","volume":1000,"label":" ","price":7.54},{"type":"U","date":"2018-04-10T02:04:49.000Z","volume":1000,"label":"X","price":7.545},{"type":"B","date":"2018-04-10T02:05:19.000Z","volume":3000,"label":" ","price":7.54},{"type":"B","date":"2018-04-10T02:05:21.000Z","volume":2000,"label":" ","price":7.54},{"type":"B","date":"2018-04-10T02:06:00.000Z","volume":2000,"label":" ","price":7.54},{"type":"B","date":"2018-04-10T02:06:04.000Z","volume":1000,"label":" ","price":7.54},{"type":"B","date":"2018-04-10T02:06:25.000Z","volume":6000,"label":"Y","price":7.54},{"type":"B","date":"2018-04-10T02:06:25.000Z","volume":16000,"label":" ","price":7.54},{"type":"B","date":"2018-04-10T02:06:25.000Z","volume":3000,"label":" ","price":7.54},{"type":"B","date":"2018-04-10T02:06:26.000Z","volume":2000,"label":" ","price":7.54},{"type":"B","date":"2018-04-10T02:06:28.000Z","volume":3000,"label":" ","price":7.54},{"type":"A","date":"2018-04-10T02:07:52.000Z","volume":1000,"label":" ","price":7.54},{"type":"A","date":"2018-04-10T02:07:56.000Z","volume":5000,"label":" ","price":7.54},{"type":"A","date":"2018-04-10T02:08:14.000Z","volume":1000,"label":" ","price":7.54},{"type":"A","date":"2018-04-10T02:08:30.000Z","volume":1000,"label":" ","price":7.54},{"type":"A","date":"2018-04-10T02:08:33.000Z","volume":1000,"label":" ","price":7.54},{"type":"A","date":"2018-04-10T02:08:33.000Z","volume":13000,"label":" ","price":7.54},{"type":"A","date":"2018-04-10T02:08:36.000Z","volume":1000,"label":" ","price":7.54},{"type":"A","date":"2018-04-10T02:08:45.000Z","volume":1000,"label":" ","price":7.54},{"type":"B","date":"2018-04-10T02:08:55.000Z","volume":2000,"label":" ","price":7.53},{"type":"A","date":"2018-04-10T02:08:56.000Z","volume":5000,"label":" ","price":7.54},{"type":"B","date":"2018-04-10T02:08:56.000Z","volume":2000,"label":" ","price":7.53},{"type":"A","date":"2018-04-10T02:09:32.000Z","volume":1000,"label":" ","price":7.54},{"type":"A","date":"2018-04-10T02:09:33.000Z","volume":1000,"label":" ","price":7.54},{"type":"A","date":"2018-04-10T02:09:46.000Z","volume":1000,"label":" ","price":7.54},{"type":"A","date":"2018-04-10T02:09:59.000Z","volume":1000,"label":" ","price":7.54},{"type":"A","date":"2018-04-10T02:10:18.000Z","volume":5000,"label":" ","price":7.54},{"type":"A","date":"2018-04-10T02:10:19.000Z","volume":1000,"label":" ","price":7.54},{"type":"B","date":"2018-04-10T02:10:19.000Z","volume":1000,"label":" ","price":7.53},{"type":"A","date":"2018-04-10T02:10:27.000Z","volume":1000,"label":" ","price":7.54},{"type":"A","date":"2018-04-10T02:10:31.000Z","volume":1000,"label":" ","price":7.54},{"type":"A","date":"2018-04-10T02:10:48.000Z","volume":1000,"label":" ","price":7.54},{"type":"B","date":"2018-04-10T02:10:49.000Z","volume":10000,"label":" ","price":7.53},{"type":"B","date":"2018-04-10T02:10:56.000Z","volume":10000,"label":" ","price":7.53},{"type":"B","date":"2018-04-10T02:10:56.000Z","volume":2000,"label":" ","price":7.53},{"type":"B","date":"2018-04-10T02:10:57.000Z","volume":2000,"label":" ","price":7.53},{"type":"B","date":"2018-04-10T02:10:58.000Z","volume":10000,"label":" ","price":7.53},{"type":"B","date":"2018-04-10T02:10:58.000Z","volume":2000,"label":" ","price":7.53},{"type":"B","date":"2018-04-10T02:10:58.000Z","volume":2000,"label":"Y","price":7.53},{"type":"B","date":"2018-04-10T02:10:59.000Z","volume":2000,"label":" ","price":7.53},{"type":"B","date":"2018-04-10T02:10:59.000Z","volume":1000,"label":"Y","price":7.53},{"type":"B","date":"2018-04-10T02:10:59.000Z","volume":1000,"label":" ","price":7.53},{"type":"A","date":"2018-04-10T02:12:02.000Z","volume":62000,"label":" ","price":7.54},{"type":"A","date":"2018-04-10T02:12:02.000Z","volume":1000,"label":" ","price":7.54},{"type":"A","date":"2018-04-10T02:12:03.000Z","volume":2000,"label":" ","price":7.54},{"type":"U","date":"2018-04-10T02:12:03.000Z","volume":5000,"label":"X","price":7.54},{"type":"A","date":"2018-04-10T02:12:03.000Z","volume":2000,"label":" ","price":7.54},{"type":"B","date":"2018-04-10T02:12:03.000Z","volume":7000,"label":" ","price":7.54},{"type":"B","date":"2018-04-10T02:12:03.000Z","volume":1000,"label":" ","price":7.54},{"type":"A","date":"2018-04-10T02:12:04.000Z","volume":1000,"label":" ","price":7.54},{"type":"U","date":"2018-04-10T02:12:06.000Z","volume":3000,"label":"X","price":7.54},{"type":"U","date":"2018-04-10T02:12:06.000Z","volume":2000,"label":"X","price":7.54},{"type":"B","date":"2018-04-10T02:12:18.000Z","volume":4000,"label":" ","price":7.54},{"type":"B","date":"2018-04-10T02:12:18.000Z","volume":1000,"label":" ","price":7.54},{"type":"B","date":"2018-04-10T02:12:18.000Z","volume":1000,"label":" ","price":7.54},{"type":"B","date":"2018-04-10T02:12:19.000Z","volume":1000,"label":" ","price":7.54},{"type":"B","date":"2018-04-10T02:12:19.000Z","volume":2000,"label":" ","price":7.54},{"type":"B","date":"2018-04-10T02:12:19.000Z","volume":1000,"label":" ","price":7.54},{"type":"A","date":"2018-04-10T02:12:26.000Z","volume":6000,"label":" ","price":7.55},{"type":"B","date":"2018-04-10T02:12:27.000Z","volume":1000,"label":" ","price":7.53},{"type":"A","date":"2018-04-10T02:12:47.000Z","volume":1000,"label":" ","price":7.55},{"type":"A","date":"2018-04-10T02:13:45.000Z","volume":41000,"label":" ","price":7.55},{"type":"B","date":"2018-04-10T02:13:45.000Z","volume":2000,"label":" ","price":7.54},{"type":"B","date":"2018-04-10T02:13:45.000Z","volume":10000,"label":" ","price":7.54},{"type":"B","date":"2018-04-10T02:13:45.000Z","volume":2000,"label":" ","price":7.54},{"type":"B","date":"2018-04-10T02:13:46.000Z","volume":2000,"label":" ","price":7.53},{"type":"B","date":"2018-04-10T02:13:46.000Z","volume":1000,"label":" ","price":7.54},{"type":"U","date":"2018-04-10T02:13:46.000Z","volume":7000,"label":"X","price":7.54},{"type":"B","date":"2018-04-10T02:13:46.000Z","volume":2000,"label":" ","price":7.54},{"type":"B","date":"2018-04-10T02:13:47.000Z","volume":6000,"label":" ","price":7.54},{"type":"B","date":"2018-04-10T02:13:47.000Z","volume":1000,"label":" ","price":7.54},{"type":"B","date":"2018-04-10T02:13:50.000Z","volume":2000,"label":"Y","price":7.54},{"type":"B","date":"2018-04-10T02:13:50.000Z","volume":1000,"label":" ","price":7.54},{"type":"U","date":"2018-04-10T02:14:39.000Z","volume":1000,"label":"X","price":7.545},{"type":"B","date":"2018-04-10T02:14:44.000Z","volume":1000,"label":" ","price":7.53},{"type":"U","date":"2018-04-10T02:15:28.000Z","volume":1000,"label":"X","price":7.54},{"type":"U","date":"2018-04-10T02:15:29.000Z","volume":6000,"label":"X","price":7.54},{"type":"B","date":"2018-04-10T02:15:29.000Z","volume":12000,"label":" ","price":7.54},{"type":"B","date":"2018-04-10T02:15:29.000Z","volume":2000,"label":" ","price":7.54},{"type":"B","date":"2018-04-10T02:15:30.000Z","volume":1000,"label":" ","price":7.54},{"type":"B","date":"2018-04-10T02:15:32.000Z","volume":8000,"label":" ","price":7.54},{"type":"B","date":"2018-04-10T02:15:32.000Z","volume":4000,"label":" ","price":7.54},{"type":"A","date":"2018-04-10T02:17:12.000Z","volume":1000,"label":" ","price":7.55},{"type":"B","date":"2018-04-10T02:17:12.000Z","volume":2000,"label":" ","price":7.53},{"type":"A","date":"2018-04-10T02:17:26.000Z","volume":3000,"label":" ","price":7.54},{"type":"B","date":"2018-04-10T02:17:27.000Z","volume":1000,"label":" ","price":7.53},{"type":"B","date":"2018-04-10T02:17:38.000Z","volume":2000,"label":" ","price":7.54},{"type":"U","date":"2018-04-10T02:17:39.000Z","volume":2000,"label":"X","price":7.54},{"type":"A","date":"2018-04-10T02:17:52.000Z","volume":1000,"label":" ","price":7.55},{"type":"A","date":"2018-04-10T02:18:28.000Z","volume":1000,"label":" ","price":7.55},{"type":"A","date":"2018-04-10T02:18:28.000Z","volume":3000,"label":" ","price":7.55},{"type":"B","date":"2018-04-10T02:18:28.000Z","volume":1000,"label":" ","price":7.55},{"type":"U","date":"2018-04-10T02:18:31.000Z","volume":2000,"label":"X","price":7.55},{"type":"B","date":"2018-04-10T02:18:44.000Z","volume":1000,"label":" ","price":7.55},{"type":"B","date":"2018-04-10T02:18:45.000Z","volume":1000,"label":" ","price":7.55},{"type":"B","date":"2018-04-10T02:18:45.000Z","volume":1000,"label":" ","price":7.55},{"type":"B","date":"2018-04-10T02:18:45.000Z","volume":1000,"label":" ","price":7.55},{"type":"B","date":"2018-04-10T02:18:45.000Z","volume":1000,"label":" ","price":7.55},{"type":"B","date":"2018-04-10T02:18:45.000Z","volume":1000,"label":" ","price":7.55},{"type":"B","date":"2018-04-10T02:18:45.000Z","volume":1000,"label":" ","price":7.55},{"type":"B","date":"2018-04-10T02:18:45.000Z","volume":1000,"label":" ","price":7.55},{"type":"B","date":"2018-04-10T02:18:50.000Z","volume":23000,"label":" ","price":7.55},{"type":"B","date":"2018-04-10T02:18:51.000Z","volume":1000,"label":" ","price":7.54},{"type":"U","date":"2018-04-10T02:18:53.000Z","volume":4000,"label":"X","price":7.54},{"type":"B","date":"2018-04-10T02:18:53.000Z","volume":7000,"label":" ","price":7.54},{"type":"B","date":"2018-04-10T02:19:26.000Z","volume":13000,"label":" ","price":7.54},{"type":"B","date":"2018-04-10T02:20:38.000Z","volume":12000,"label":" ","price":7.53},{"type":"B","date":"2018-04-10T02:20:38.000Z","volume":3000,"label":" ","price":7.53},{"type":"B","date":"2018-04-10T02:20:39.000Z","volume":1000,"label":" ","price":7.52},{"type":"B","date":"2018-04-10T02:23:51.000Z","volume":4000,"label":" ","price":7.53},{"type":"B","date":"2018-04-10T02:24:14.000Z","volume":6000,"label":"Y","price":7.53},{"type":"B","date":"2018-04-10T02:24:14.000Z","volume":31000,"label":" ","price":7.53},{"type":"B","date":"2018-04-10T02:24:15.000Z","volume":2000,"label":" ","price":7.53},{"type":"U","date":"2018-04-10T02:24:16.000Z","volume":2000,"label":" ","price":7.53},{"type":"B","date":"2018-04-10T02:24:24.000Z","volume":1000,"label":" ","price":7.53},{"type":"B","date":"2018-04-10T02:24:26.000Z","volume":1000,"label":" ","price":7.53},{"type":"B","date":"2018-04-10T02:25:07.000Z","volume":1000,"label":"Y","price":7.53},{"type":"B","date":"2018-04-10T02:25:07.000Z","volume":8000,"label":" ","price":7.53},{"type":"A","date":"2018-04-10T02:26:11.000Z","volume":27000,"label":" ","price":7.54},{"type":"U","date":"2018-04-10T02:26:12.000Z","volume":2000,"label":" ","price":7.54},{"type":"B","date":"2018-04-10T02:26:13.000Z","volume":9000,"label":" ","price":7.54},{"type":"B","date":"2018-04-10T02:26:13.000Z","volume":2000,"label":" ","price":7.54},{"type":"B","date":"2018-04-10T02:26:13.000Z","volume":1000,"label":" ","price":7.54},{"type":"B","date":"2018-04-10T02:26:14.000Z","volume":2000,"label":" ","price":7.54},{"type":"B","date":"2018-04-10T02:26:17.000Z","volume":4000,"label":" ","price":7.54},{"type":"A","date":"2018-04-10T02:27:55.000Z","volume":2000,"label":" ","price":7.54},{"type":"A","date":"2018-04-10T02:27:55.000Z","volume":16000,"label":" ","price":7.54},{"type":"A","date":"2018-04-10T02:27:55.000Z","volume":3000,"label":" ","price":7.54},{"type":"B","date":"2018-04-10T02:27:55.000Z","volume":2000,"label":" ","price":7.54},{"type":"B","date":"2018-04-10T02:27:55.000Z","volume":4000,"label":" ","price":7.54},{"type":"B","date":"2018-04-10T02:27:57.000Z","volume":9000,"label":" ","price":7.54},{"type":"U","date":"2018-04-10T02:28:04.000Z","volume":1000,"label":"X","price":7.545},{"type":"U","date":"2018-04-10T02:28:14.000Z","volume":1000,"label":"X","price":7.545},{"type":"B","date":"2018-04-10T02:28:16.000Z","volume":5000,"label":"Y","price":7.54},{"type":"B","date":"2018-04-10T02:28:16.000Z","volume":22000,"label":" ","price":7.54},{"type":"B","date":"2018-04-10T02:28:16.000Z","volume":1000,"label":"Y","price":7.54},{"type":"B","date":"2018-04-10T02:28:17.000Z","volume":2000,"label":" ","price":7.54},{"type":"B","date":"2018-04-10T02:28:18.000Z","volume":1000,"label":" ","price":7.54},{"type":"B","date":"2018-04-10T02:28:18.000Z","volume":4000,"label":" ","price":7.54},{"type":"A","date":"2018-04-10T02:28:37.000Z","volume":1000,"label":" ","price":7.55},{"type":"U","date":"2018-04-10T02:29:30.000Z","volume":2000,"label":" ","price":7.54},{"type":"U","date":"2018-04-10T02:29:30.000Z","volume":2000,"label":" ","price":7.54},{"type":"B","date":"2018-04-10T02:29:30.000Z","volume":2000,"label":" ","price":7.54},{"type":"B","date":"2018-04-10T02:29:30.000Z","volume":2000,"label":" ","price":7.54},{"type":"B","date":"2018-04-10T02:29:30.000Z","volume":1000,"label":" ","price":7.54},{"type":"B","date":"2018-04-10T02:29:30.000Z","volume":2000,"label":" ","price":7.54},{"type":"B","date":"2018-04-10T02:29:31.000Z","volume":2000,"label":" ","price":7.54},{"type":"B","date":"2018-04-10T02:29:32.000Z","volume":1000,"label":"Y","price":7.54},{"type":"B","date":"2018-04-10T02:29:32.000Z","volume":2000,"label":" ","price":7.54},{"type":"B","date":"2018-04-10T02:29:56.000Z","volume":1000,"label":" ","price":7.54},{"type":"B","date":"2018-04-10T02:29:56.000Z","volume":1000,"label":" ","price":7.54},{"type":"B","date":"2018-04-10T02:29:56.000Z","volume":1000,"label":" ","price":7.54},{"type":"B","date":"2018-04-10T02:29:56.000Z","volume":1000,"label":" ","price":7.54},{"type":"B","date":"2018-04-10T02:29:57.000Z","volume":2000,"label":" ","price":7.54},{"type":"B","date":"2018-04-10T02:30:01.000Z","volume":2000,"label":" ","price":7.54},{"type":"B","date":"2018-04-10T02:30:13.000Z","volume":1000,"label":" ","price":7.54},{"type":"B","date":"2018-04-10T02:30:35.000Z","volume":1000,"label":"Y","price":7.54},{"type":"B","date":"2018-04-10T02:30:35.000Z","volume":8000,"label":" ","price":7.54},{"type":"B","date":"2018-04-10T02:30:42.000Z","volume":2000,"label":" ","price":7.54},{"type":"B","date":"2018-04-10T02:30:42.000Z","volume":2000,"label":" ","price":7.54},{"type":"A","date":"2018-04-10T02:31:15.000Z","volume":1000,"label":" ","price":7.55},{"type":"U","date":"2018-04-10T02:32:14.000Z","volume":1000,"label":"X","price":7.545},{"type":"A","date":"2018-04-10T02:32:42.000Z","volume":1000,"label":" ","price":7.55},{"type":"A","date":"2018-04-10T02:32:42.000Z","volume":34000,"label":" ","price":7.55},{"type":"A","date":"2018-04-10T02:32:43.000Z","volume":1000,"label":" ","price":7.55},{"type":"U","date":"2018-04-10T02:32:43.000Z","volume":2000,"label":" ","price":7.55},{"type":"A","date":"2018-04-10T02:32:43.000Z","volume":5000,"label":" ","price":7.56},{"type":"B","date":"2018-04-10T02:32:44.000Z","volume":2000,"label":" ","price":7.55},{"type":"B","date":"2018-04-10T02:32:44.000Z","volume":5000,"label":" ","price":7.55},{"type":"B","date":"2018-04-10T02:33:17.000Z","volume":1000,"label":" ","price":7.55},{"type":"B","date":"2018-04-10T02:33:26.000Z","volume":1000,"label":" ","price":7.55},{"type":"B","date":"2018-04-10T02:33:45.000Z","volume":1000,"label":"Y","price":7.55},{"type":"B","date":"2018-04-10T02:33:45.000Z","volume":27000,"label":" ","price":7.55},{"type":"B","date":"2018-04-10T02:33:49.000Z","volume":12000,"label":" ","price":7.55},{"type":"B","date":"2018-04-10T02:34:00.000Z","volume":4000,"label":" ","price":7.55},{"type":"A","date":"2018-04-10T02:34:15.000Z","volume":4000,"label":" ","price":7.55},{"type":"B","date":"2018-04-10T02:34:45.000Z","volume":1000,"label":" ","price":7.54},{"type":"B","date":"2018-04-10T02:35:18.000Z","volume":1000,"label":" ","price":7.54},{"type":"U","date":"2018-04-10T02:37:24.000Z","volume":1000,"label":"X","price":7.545},{"type":"A","date":"2018-04-10T02:37:28.000Z","volume":1000,"label":" ","price":7.55},{"type":"A","date":"2018-04-10T02:37:37.000Z","volume":1000,"label":" ","price":7.55},{"type":"A","date":"2018-04-10T02:37:40.000Z","volume":5000,"label":" ","price":7.55},{"type":"A","date":"2018-04-10T02:37:40.000Z","volume":39000,"label":" ","price":7.55},{"type":"A","date":"2018-04-10T02:37:40.000Z","volume":1000,"label":" ","price":7.55},{"type":"A","date":"2018-04-10T02:37:40.000Z","volume":1000,"label":" ","price":7.55},{"type":"A","date":"2018-04-10T02:37:41.000Z","volume":1000,"label":" ","price":7.56},{"type":"A","date":"2018-04-10T02:37:42.000Z","volume":5000,"label":" ","price":7.56},{"type":"A","date":"2018-04-10T02:37:42.000Z","volume":1000,"label":" ","price":7.56},{"type":"B","date":"2018-04-10T02:37:42.000Z","volume":12000,"label":" ","price":7.55},{"type":"B","date":"2018-04-10T02:37:45.000Z","volume":3000,"label":" ","price":7.55},{"type":"A","date":"2018-04-10T02:38:51.000Z","volume":1000,"label":" ","price":7.56},{"type":"A","date":"2018-04-10T02:39:48.000Z","volume":1000,"label":" ","price":7.56},{"type":"A","date":"2018-04-10T02:40:05.000Z","volume":1000,"label":" ","price":7.56},{"type":"A","date":"2018-04-10T02:40:17.000Z","volume":1000,"label":"Y","price":7.56},{"type":"B","date":"2018-04-10T02:40:19.000Z","volume":1000,"label":" ","price":7.55},{"type":"A","date":"2018-04-10T02:40:21.000Z","volume":1000,"label":" ","price":7.56},{"type":"B","date":"2018-04-10T02:40:28.000Z","volume":1000,"label":" ","price":7.55},{"type":"A","date":"2018-04-10T02:40:39.000Z","volume":1000,"label":" ","price":7.56},{"type":"A","date":"2018-04-10T02:40:57.000Z","volume":1000,"label":" ","price":7.56},{"type":"B","date":"2018-04-10T02:40:58.000Z","volume":1000,"label":" ","price":7.55},{"type":"A","date":"2018-04-10T02:41:00.000Z","volume":1000,"label":" ","price":7.56},{"type":"A","date":"2018-04-10T02:41:20.000Z","volume":1000,"label":" ","price":7.56},{"type":"A","date":"2018-04-10T02:41:39.000Z","volume":1000,"label":" ","price":7.56},{"type":"B","date":"2018-04-10T02:41:45.000Z","volume":1000,"label":" ","price":7.55},{"type":"A","date":"2018-04-10T02:42:04.000Z","volume":74000,"label":" ","price":7.56},{"type":"A","date":"2018-04-10T02:42:04.000Z","volume":4000,"label":" ","price":7.56},{"type":"A","date":"2018-04-10T02:42:04.000Z","volume":1000,"label":" ","price":7.56},{"type":"A","date":"2018-04-10T02:42:04.000Z","volume":1000,"label":" ","price":7.56},{"type":"A","date":"2018-04-10T02:42:04.000Z","volume":2000,"label":" ","price":7.56},{"type":"B","date":"2018-04-10T02:42:05.000Z","volume":2000,"label":" ","price":7.56},{"type":"B","date":"2018-04-10T02:42:05.000Z","volume":1000,"label":"Y","price":7.56},{"type":"B","date":"2018-04-10T02:42:05.000Z","volume":1000,"label":" ","price":7.56},{"type":"B","date":"2018-04-10T02:42:08.000Z","volume":1000,"label":" ","price":7.56},{"type":"B","date":"2018-04-10T02:42:09.000Z","volume":14000,"label":" ","price":7.56},{"type":"B","date":"2018-04-10T02:42:10.000Z","volume":2000,"label":" ","price":7.56},{"type":"B","date":"2018-04-10T02:42:11.000Z","volume":2000,"label":" ","price":7.56},{"type":"B","date":"2018-04-10T02:42:15.000Z","volume":2000,"label":" ","price":7.56},{"type":"B","date":"2018-04-10T02:43:16.000Z","volume":3000,"label":" ","price":7.56},{"type":"B","date":"2018-04-10T02:43:22.000Z","volume":1000,"label":" ","price":7.56},{"type":"B","date":"2018-04-10T02:43:22.000Z","volume":2000,"label":" ","price":7.56},{"type":"B","date":"2018-04-10T02:43:22.000Z","volume":2000,"label":" ","price":7.56},{"type":"B","date":"2018-04-10T02:43:23.000Z","volume":2000,"label":" ","price":7.56},{"type":"A","date":"2018-04-10T02:43:25.000Z","volume":4000,"label":" ","price":7.57},{"type":"B","date":"2018-04-10T02:43:28.000Z","volume":5000,"label":" ","price":7.56},{"type":"B","date":"2018-04-10T02:43:46.000Z","volume":2000,"label":" ","price":7.56},{"type":"B","date":"2018-04-10T02:43:47.000Z","volume":2000,"label":" ","price":7.56},{"type":"B","date":"2018-04-10T02:44:02.000Z","volume":1000,"label":" ","price":7.56},{"type":"A","date":"2018-04-10T02:44:58.000Z","volume":1000,"label":" ","price":7.57},{"type":"B","date":"2018-04-10T02:45:04.000Z","volume":1000,"label":" ","price":7.56},{"type":"B","date":"2018-04-10T02:45:27.000Z","volume":3000,"label":" ","price":7.56},{"type":"B","date":"2018-04-10T02:45:28.000Z","volume":1000,"label":" ","price":7.56},{"type":"B","date":"2018-04-10T02:45:42.000Z","volume":1000,"label":" ","price":7.56},{"type":"A","date":"2018-04-10T02:46:15.000Z","volume":2000,"label":" ","price":7.57},{"type":"A","date":"2018-04-10T02:46:17.000Z","volume":1000,"label":" ","price":7.57},{"type":"B","date":"2018-04-10T02:46:18.000Z","volume":1000,"label":" ","price":7.56},{"type":"B","date":"2018-04-10T02:46:18.000Z","volume":1000,"label":" ","price":7.56},{"type":"A","date":"2018-04-10T02:46:19.000Z","volume":1000,"label":" ","price":7.57},{"type":"B","date":"2018-04-10T02:46:19.000Z","volume":1000,"label":" ","price":7.56},{"type":"B","date":"2018-04-10T02:46:23.000Z","volume":1000,"label":" ","price":7.56},{"type":"U","date":"2018-04-10T02:46:29.000Z","volume":1000,"label":"X","price":7.565},{"type":"A","date":"2018-04-10T02:46:32.000Z","volume":1000,"label":" ","price":7.57},{"type":"A","date":"2018-04-10T02:46:48.000Z","volume":1000,"label":" ","price":7.57},{"type":"A","date":"2018-04-10T02:46:57.000Z","volume":1000,"label":" ","price":7.57},{"type":"B","date":"2018-04-10T02:46:58.000Z","volume":1000,"label":" ","price":7.56},{"type":"B","date":"2018-04-10T02:46:58.000Z","volume":1000,"label":" ","price":7.56},{"type":"A","date":"2018-04-10T02:47:00.000Z","volume":1000,"label":" ","price":7.57},{"type":"A","date":"2018-04-10T02:47:16.000Z","volume":1000,"label":" ","price":7.57},{"type":"B","date":"2018-04-10T02:47:17.000Z","volume":1000,"label":" ","price":7.56},{"type":"A","date":"2018-04-10T02:47:18.000Z","volume":2000,"label":" ","price":7.57},{"type":"B","date":"2018-04-10T02:47:18.000Z","volume":1000,"label":" ","price":7.56},{"type":"A","date":"2018-04-10T02:47:22.000Z","volume":1000,"label":" ","price":7.57},{"type":"A","date":"2018-04-10T02:47:24.000Z","volume":1000,"label":" ","price":7.57},{"type":"B","date":"2018-04-10T02:47:28.000Z","volume":1000,"label":" ","price":7.56},{"type":"B","date":"2018-04-10T02:47:30.000Z","volume":1000,"label":" ","price":7.56},{"type":"A","date":"2018-04-10T02:47:40.000Z","volume":1000,"label":" ","price":7.57},{"type":"A","date":"2018-04-10T02:47:48.000Z","volume":1000,"label":" ","price":7.57},{"type":"B","date":"2018-04-10T02:47:56.000Z","volume":7000,"label":"Y","price":7.56},{"type":"B","date":"2018-04-10T02:47:56.000Z","volume":78000,"label":" ","price":7.56},{"type":"B","date":"2018-04-10T02:47:56.000Z","volume":2000,"label":" ","price":7.56},{"type":"B","date":"2018-04-10T02:47:57.000Z","volume":2000,"label":" ","price":7.56},{"type":"B","date":"2018-04-10T02:47:57.000Z","volume":23000,"label":" ","price":7.55},{"type":"B","date":"2018-04-10T02:47:58.000Z","volume":7000,"label":" ","price":7.55},{"type":"U","date":"2018-04-10T02:48:02.000Z","volume":1000,"label":"X","price":7.55},{"type":"B","date":"2018-04-10T02:48:02.000Z","volume":1000,"label":" ","price":7.55},{"type":"B","date":"2018-04-10T02:48:09.000Z","volume":2000,"label":" ","price":7.54},{"type":"B","date":"2018-04-10T02:48:27.000Z","volume":2000,"label":" ","price":7.54},{"type":"U","date":"2018-04-10T02:48:37.000Z","volume":5000,"label":"X","price":7.54},{"type":"B","date":"2018-04-10T02:49:26.000Z","volume":2000,"label":" ","price":7.54},{"type":"U","date":"2018-04-10T02:50:19.000Z","volume":1000,"label":"X","price":7.55},{"type":"B","date":"2018-04-10T02:50:25.000Z","volume":6000,"label":" ","price":7.54},{"type":"B","date":"2018-04-10T02:50:30.000Z","volume":5000,"label":" ","price":7.54},{"type":"B","date":"2018-04-10T02:50:30.000Z","volume":8000,"label":" ","price":7.54},{"type":"B","date":"2018-04-10T02:50:33.000Z","volume":2000,"label":" ","price":7.54},{"type":"B","date":"2018-04-10T02:51:10.000Z","volume":16000,"label":" ","price":7.53},{"type":"B","date":"2018-04-10T02:52:20.000Z","volume":1000,"label":" ","price":7.53},{"type":"B","date":"2018-04-10T02:55:02.000Z","volume":1000,"label":" ","price":7.53},{"type":"B","date":"2018-04-10T02:55:12.000Z","volume":1000,"label":" ","price":7.53},{"type":"A","date":"2018-04-10T02:55:12.000Z","volume":3000,"label":" ","price":7.54},{"type":"A","date":"2018-04-10T02:55:12.000Z","volume":13000,"label":" ","price":7.54},{"type":"A","date":"2018-04-10T02:55:12.000Z","volume":2000,"label":" ","price":7.54},{"type":"B","date":"2018-04-10T02:56:11.000Z","volume":2000,"label":" ","price":7.54},{"type":"U","date":"2018-04-10T02:56:49.000Z","volume":1000,"label":"X","price":7.545},{"type":"A","date":"2018-04-10T02:57:07.000Z","volume":1000,"label":" ","price":7.55},{"type":"A","date":"2018-04-10T02:57:36.000Z","volume":1000,"label":" ","price":7.55},{"type":"A","date":"2018-04-10T02:57:49.000Z","volume":1000,"label":" ","price":7.55},{"type":"A","date":"2018-04-10T02:58:02.000Z","volume":1000,"label":" ","price":7.55},{"type":"A","date":"2018-04-10T02:58:07.000Z","volume":1000,"label":" ","price":7.55},{"type":"A","date":"2018-04-10T02:58:16.000Z","volume":1000,"label":" ","price":7.55},{"type":"A","date":"2018-04-10T02:58:27.000Z","volume":1000,"label":" ","price":7.55},{"type":"A","date":"2018-04-10T02:58:28.000Z","volume":1000,"label":" ","price":7.55},{"type":"A","date":"2018-04-10T02:58:41.000Z","volume":1000,"label":" ","price":7.55},{"type":"A","date":"2018-04-10T02:58:47.000Z","volume":1000,"label":" ","price":7.55},{"type":"A","date":"2018-04-10T02:58:47.000Z","volume":1000,"label":" ","price":7.55},{"type":"A","date":"2018-04-10T02:58:52.000Z","volume":1000,"label":" ","price":7.55},{"type":"A","date":"2018-04-10T02:58:56.000Z","volume":1000,"label":" ","price":7.55},{"type":"A","date":"2018-04-10T02:58:56.000Z","volume":1000,"label":" ","price":7.55},{"type":"A","date":"2018-04-10T02:58:57.000Z","volume":1000,"label":" ","price":7.55},{"type":"A","date":"2018-04-10T02:59:02.000Z","volume":1000,"label":" ","price":7.55},{"type":"A","date":"2018-04-10T02:59:02.000Z","volume":5000,"label":" ","price":7.55},{"type":"B","date":"2018-04-10T02:59:02.000Z","volume":6000,"label":"Y","price":7.54},{"type":"B","date":"2018-04-10T02:59:02.000Z","volume":51000,"label":" ","price":7.54},{"type":"B","date":"2018-04-10T02:59:03.000Z","volume":3000,"label":" ","price":7.54},{"type":"B","date":"2018-04-10T02:59:03.000Z","volume":2000,"label":" ","price":7.54},{"type":"U","date":"2018-04-10T02:59:05.000Z","volume":5000,"label":"X","price":7.54},{"type":"B","date":"2018-04-10T02:59:25.000Z","volume":16000,"label":" ","price":7.53},{"type":"B","date":"2018-04-10T02:59:25.000Z","volume":3000,"label":" ","price":7.53},{"type":"B","date":"2018-04-10T02:59:49.000Z","volume":3000,"label":" ","price":7.53},{"type":"B","date":"2018-04-10T03:00:32.000Z","volume":1000,"label":" ","price":7.52},{"type":"A","date":"2018-04-10T03:02:44.000Z","volume":2000,"label":" ","price":7.53},{"type":"A","date":"2018-04-10T03:02:44.000Z","volume":13000,"label":" ","price":7.53},{"type":"B","date":"2018-04-10T03:02:44.000Z","volume":1000,"label":" ","price":7.53},{"type":"B","date":"2018-04-10T03:02:44.000Z","volume":1000,"label":" ","price":7.53},{"type":"U","date":"2018-04-10T03:02:44.000Z","volume":5000,"label":"X","price":7.535},{"type":"U","date":"2018-04-10T03:02:49.000Z","volume":1000,"label":"X","price":7.535},{"type":"A","date":"2018-04-10T03:02:50.000Z","volume":1000,"label":" ","price":7.54},{"type":"B","date":"2018-04-10T03:03:22.000Z","volume":1000,"label":" ","price":7.53},{"type":"A","date":"2018-04-10T03:04:02.000Z","volume":1000,"label":" ","price":7.54},{"type":"A","date":"2018-04-10T03:04:32.000Z","volume":1000,"label":" ","price":7.54},{"type":"A","date":"2018-04-10T03:05:02.000Z","volume":1000,"label":" ","price":7.54},{"type":"B","date":"2018-04-10T03:05:18.000Z","volume":1000,"label":"Y","price":7.53},{"type":"U","date":"2018-04-10T03:05:54.000Z","volume":1000,"label":"X","price":7.535},{"type":"A","date":"2018-04-10T03:06:02.000Z","volume":1000,"label":" ","price":7.54},{"type":"A","date":"2018-04-10T03:06:58.000Z","volume":1000,"label":" ","price":7.54},{"type":"A","date":"2018-04-10T03:07:22.000Z","volume":1000,"label":" ","price":7.54},{"type":"A","date":"2018-04-10T03:07:34.000Z","volume":6000,"label":" ","price":7.54},{"type":"A","date":"2018-04-10T03:07:34.000Z","volume":1000,"label":"Y","price":7.54},{"type":"A","date":"2018-04-10T03:07:34.000Z","volume":4000,"label":" ","price":7.54},{"type":"A","date":"2018-04-10T03:07:34.000Z","volume":1000,"label":" ","price":7.54},{"type":"A","date":"2018-04-10T03:07:34.000Z","volume":5000,"label":" ","price":7.54},{"type":"A","date":"2018-04-10T03:07:34.000Z","volume":3000,"label":" ","price":7.54},{"type":"A","date":"2018-04-10T03:07:34.000Z","volume":1000,"label":" ","price":7.54},{"type":"A","date":"2018-04-10T03:09:12.000Z","volume":1000,"label":" ","price":7.55},{"type":"A","date":"2018-04-10T03:09:13.000Z","volume":12000,"label":" ","price":7.55},{"type":"A","date":"2018-04-10T03:09:16.000Z","volume":8000,"label":" ","price":7.55},{"type":"A","date":"2018-04-10T03:09:34.000Z","volume":4000,"label":" ","price":7.55},{"type":"A","date":"2018-04-10T03:09:34.000Z","volume":9000,"label":" ","price":7.55},{"type":"A","date":"2018-04-10T03:09:34.000Z","volume":13000,"label":" ","price":7.55},{"type":"A","date":"2018-04-10T03:09:34.000Z","volume":13000,"label":" ","price":7.55},{"type":"A","date":"2018-04-10T03:09:34.000Z","volume":8000,"label":" ","price":7.55},{"type":"U","date":"2018-04-10T03:09:36.000Z","volume":5000,"label":"X","price":7.55},{"type":"B","date":"2018-04-10T03:10:04.000Z","volume":5000,"label":"Y","price":7.54},{"type":"B","date":"2018-04-10T03:10:04.000Z","volume":52000,"label":" ","price":7.54},{"type":"B","date":"2018-04-10T03:10:04.000Z","volume":1000,"label":" ","price":7.54},{"type":"B","date":"2018-04-10T03:10:04.000Z","volume":3000,"label":" ","price":7.54},{"type":"B","date":"2018-04-10T03:10:17.000Z","volume":1000,"label":"Y","price":7.53},{"type":"U","date":"2018-04-10T03:10:20.000Z","volume":1000,"label":" ","price":7.54},{"type":"B","date":"2018-04-10T03:10:20.000Z","volume":1000,"label":" ","price":7.54},{"type":"U","date":"2018-04-10T03:11:44.000Z","volume":1000,"label":"X","price":7.545},{"type":"B","date":"2018-04-10T03:12:39.000Z","volume":10000,"label":" ","price":7.54},{"type":"A","date":"2018-04-10T03:13:48.000Z","volume":1000,"label":"Y","price":7.55},{"type":"B","date":"2018-04-10T03:14:27.000Z","volume":1000,"label":" ","price":7.54},{"type":"U","date":"2018-04-10T03:15:01.000Z","volume":3000,"label":"X","price":7.545},{"type":"U","date":"2018-04-10T03:15:01.000Z","volume":3000,"label":"X","price":7.545},{"type":"B","date":"2018-04-10T03:15:02.000Z","volume":1000,"label":"Y","price":7.54},{"type":"B","date":"2018-04-10T03:15:02.000Z","volume":23000,"label":" ","price":7.54},{"type":"B","date":"2018-04-10T03:15:02.000Z","volume":2000,"label":" ","price":7.54},{"type":"B","date":"2018-04-10T03:15:03.000Z","volume":24000,"label":" ","price":7.53},{"type":"B","date":"2018-04-10T03:15:13.000Z","volume":20000,"label":" ","price":7.52},{"type":"B","date":"2018-04-10T03:15:15.000Z","volume":1000,"label":" ","price":7.51},{"type":"U","date":"2018-04-10T03:19:14.000Z","volume":5000,"label":"X","price":7.53},{"type":"U","date":"2018-04-10T03:19:21.000Z","volume":1000,"label":"X","price":7.53},{"type":"B","date":"2018-04-10T03:20:16.000Z","volume":1000,"label":" ","price":7.53},{"type":"U","date":"2018-04-10T03:20:16.000Z","volume":1000,"label":"X","price":7.535},{"type":"U","date":"2018-04-10T03:20:16.000Z","volume":1000,"label":"X","price":7.535},{"type":"U","date":"2018-04-10T03:20:19.000Z","volume":1000,"label":"X","price":7.535},{"type":"A","date":"2018-04-10T03:20:26.000Z","volume":1000,"label":" ","price":7.54},{"type":"U","date":"2018-04-10T03:20:41.000Z","volume":1000,"label":"X","price":7.535},{"type":"A","date":"2018-04-10T03:20:52.000Z","volume":1000,"label":" ","price":7.54},{"type":"A","date":"2018-04-10T03:21:17.000Z","volume":1000,"label":" ","price":7.54},{"type":"U","date":"2018-04-10T03:21:26.000Z","volume":1000,"label":"X","price":7.535},{"type":"U","date":"2018-04-10T03:21:49.000Z","volume":1000,"label":"X","price":7.535},{"type":"A","date":"2018-04-10T03:21:57.000Z","volume":1000,"label":" ","price":7.54},{"type":"U","date":"2018-04-10T03:22:11.000Z","volume":1000,"label":"X","price":7.535},{"type":"U","date":"2018-04-10T03:22:56.000Z","volume":1000,"label":"X","price":7.535},{"type":"A","date":"2018-04-10T03:23:12.000Z","volume":1000,"label":" ","price":7.54},{"type":"U","date":"2018-04-10T03:23:41.000Z","volume":1000,"label":"X","price":7.535},{"type":"A","date":"2018-04-10T03:24:07.000Z","volume":1000,"label":" ","price":7.54},{"type":"A","date":"2018-04-10T03:24:24.000Z","volume":1000,"label":" ","price":7.54},{"type":"U","date":"2018-04-10T03:24:25.000Z","volume":1000,"label":"X","price":7.535},{"type":"A","date":"2018-04-10T03:24:47.000Z","volume":1000,"label":" ","price":7.54},{"type":"U","date":"2018-04-10T03:25:11.000Z","volume":1000,"label":"X","price":7.535},{"type":"A","date":"2018-04-10T03:25:22.000Z","volume":1000,"label":" ","price":7.54},{"type":"B","date":"2018-04-10T03:25:29.000Z","volume":1000,"label":" ","price":7.53},{"type":"U","date":"2018-04-10T03:25:56.000Z","volume":1000,"label":"X","price":7.535},{"type":"U","date":"2018-04-10T03:26:31.000Z","volume":1000,"label":"X","price":7.53},{"type":"U","date":"2018-04-10T03:26:41.000Z","volume":1000,"label":"X","price":7.535},{"type":"A","date":"2018-04-10T03:26:57.000Z","volume":2000,"label":" ","price":7.54},{"type":"B","date":"2018-04-10T03:27:03.000Z","volume":1000,"label":" ","price":7.53},{"type":"A","date":"2018-04-10T03:27:15.000Z","volume":1000,"label":" ","price":7.54},{"type":"U","date":"2018-04-10T03:27:26.000Z","volume":1000,"label":"X","price":7.535},{"type":"U","date":"2018-04-10T03:27:46.000Z","volume":1000,"label":"X","price":7.535},{"type":"U","date":"2018-04-10T03:27:46.000Z","volume":1000,"label":"X","price":7.535},{"type":"U","date":"2018-04-10T03:27:47.000Z","volume":2000,"label":"X","price":7.535},{"type":"U","date":"2018-04-10T03:27:47.000Z","volume":1000,"label":"X","price":7.535},{"type":"U","date":"2018-04-10T03:27:47.000Z","volume":1000,"label":"X","price":7.535},{"type":"U","date":"2018-04-10T03:27:47.000Z","volume":1000,"label":"X","price":7.535},{"type":"U","date":"2018-04-10T03:27:49.000Z","volume":1000,"label":"X","price":7.535},{"type":"B","date":"2018-04-10T03:27:57.000Z","volume":11000,"label":"Y","price":7.53},{"type":"B","date":"2018-04-10T03:27:57.000Z","volume":34000,"label":" ","price":7.53},{"type":"U","date":"2018-04-10T03:28:11.000Z","volume":1000,"label":"X","price":7.535},{"type":"U","date":"2018-04-10T03:28:56.000Z","volume":1000,"label":"X","price":7.535},{"type":"U","date":"2018-04-10T03:29:05.000Z","volume":1000,"label":"X","price":7.535},{"type":"U","date":"2018-04-10T03:29:25.000Z","volume":1000,"label":"X","price":7.535},{"type":"U","date":"2018-04-10T03:29:41.000Z","volume":1000,"label":"X","price":7.535},{"type":"U","date":"2018-04-10T03:30:11.000Z","volume":1000,"label":"X","price":7.535},{"type":"U","date":"2018-04-10T03:30:26.000Z","volume":5000,"label":"X","price":7.535},{"type":"U","date":"2018-04-10T03:30:49.000Z","volume":1000,"label":"X","price":7.535},{"type":"U","date":"2018-04-10T03:30:56.000Z","volume":1000,"label":"X","price":7.535},{"type":"B","date":"2018-04-10T03:31:03.000Z","volume":1000,"label":" ","price":7.53},{"type":"B","date":"2018-04-10T03:31:18.000Z","volume":1000,"label":" ","price":7.53},{"type":"B","date":"2018-04-10T03:31:33.000Z","volume":2000,"label":"Y","price":7.53},{"type":"B","date":"2018-04-10T03:31:33.000Z","volume":1000,"label":" ","price":7.53},{"type":"U","date":"2018-04-10T03:31:40.000Z","volume":1000,"label":"X","price":7.535},{"type":"U","date":"2018-04-10T03:31:42.000Z","volume":1000,"label":"X","price":7.535},{"type":"U","date":"2018-04-10T03:32:05.000Z","volume":1000,"label":"X","price":7.535},{"type":"U","date":"2018-04-10T03:32:21.000Z","volume":1000,"label":"X","price":7.535},{"type":"U","date":"2018-04-10T03:33:02.000Z","volume":1000,"label":"X","price":7.535},{"type":"U","date":"2018-04-10T03:33:06.000Z","volume":1000,"label":"X","price":7.535},{"type":"U","date":"2018-04-10T03:33:09.000Z","volume":1000,"label":"X","price":7.535},{"type":"A","date":"2018-04-10T03:33:40.000Z","volume":1000,"label":" ","price":7.54},{"type":"B","date":"2018-04-10T03:33:50.000Z","volume":2000,"label":" ","price":7.53},{"type":"U","date":"2018-04-10T03:33:51.000Z","volume":1000,"label":"X","price":7.535},{"type":"A","date":"2018-04-10T03:33:54.000Z","volume":12000,"label":" ","price":7.54},{"type":"U","date":"2018-04-10T03:33:57.000Z","volume":1000,"label":"X","price":7.535},{"type":"U","date":"2018-04-10T03:34:17.000Z","volume":1000,"label":"X","price":7.535},{"type":"U","date":"2018-04-10T03:34:39.000Z","volume":1000,"label":"X","price":7.535},{"type":"U","date":"2018-04-10T03:35:02.000Z","volume":1000,"label":"X","price":7.535},{"type":"B","date":"2018-04-10T03:35:03.000Z","volume":1000,"label":" ","price":7.53},{"type":"B","date":"2018-04-10T03:35:03.000Z","volume":2000,"label":" ","price":7.53},{"type":"U","date":"2018-04-10T03:35:14.000Z","volume":1000,"label":"X","price":7.535},{"type":"U","date":"2018-04-10T03:35:46.000Z","volume":1000,"label":"X","price":7.535},{"type":"B","date":"2018-04-10T03:36:01.000Z","volume":1000,"label":" ","price":7.53},{"type":"B","date":"2018-04-10T03:36:18.000Z","volume":5000,"label":"Y","price":7.53},{"type":"B","date":"2018-04-10T03:36:18.000Z","volume":42000,"label":" ","price":7.53},{"type":"B","date":"2018-04-10T03:36:18.000Z","volume":2000,"label":" ","price":7.53},{"type":"B","date":"2018-04-10T03:36:22.000Z","volume":6000,"label":" ","price":7.52},{"type":"B","date":"2018-04-10T03:36:22.000Z","volume":24000,"label":" ","price":7.52},{"type":"B","date":"2018-04-10T03:36:26.000Z","volume":2000,"label":" ","price":7.51},{"type":"B","date":"2018-04-10T03:36:26.000Z","volume":7000,"label":" ","price":7.51},{"type":"B","date":"2018-04-10T03:36:27.000Z","volume":9000,"label":" ","price":7.5},{"type":"B","date":"2018-04-10T03:36:30.000Z","volume":4000,"label":" ","price":7.48},{"type":"B","date":"2018-04-10T03:36:31.000Z","volume":1000,"label":" ","price":7.49},{"type":"B","date":"2018-04-10T03:36:34.000Z","volume":4000,"label":" ","price":7.48},{"type":"A","date":"2018-04-10T03:36:38.000Z","volume":7000,"label":" ","price":7.5},{"type":"B","date":"2018-04-10T03:36:38.000Z","volume":4000,"label":" ","price":7.5},{"type":"U","date":"2018-04-10T03:36:38.000Z","volume":1000,"label":" ","price":7.5},{"type":"B","date":"2018-04-10T03:36:38.000Z","volume":1000,"label":" ","price":7.48},{"type":"U","date":"2018-04-10T03:37:12.000Z","volume":1000,"label":"X","price":7.49},{"type":"A","date":"2018-04-10T03:37:29.000Z","volume":7000,"label":" ","price":7.5},{"type":"B","date":"2018-04-10T03:37:29.000Z","volume":2000,"label":" ","price":7.49},{"type":"A","date":"2018-04-10T03:37:29.000Z","volume":1000,"label":" ","price":7.51},{"type":"U","date":"2018-04-10T03:38:35.000Z","volume":1000,"label":"X","price":7.5},{"type":"U","date":"2018-04-10T03:40:00.000Z","volume":1000,"label":"X","price":7.5},{"type":"U","date":"2018-04-10T03:40:31.000Z","volume":5000,"label":"X","price":7.5},{"type":"U","date":"2018-04-10T03:40:31.000Z","volume":2000,"label":"X","price":7.5},{"type":"A","date":"2018-04-10T03:41:16.000Z","volume":1000,"label":" ","price":7.51},{"type":"A","date":"2018-04-10T03:41:16.000Z","volume":1000,"label":" ","price":7.51},{"type":"A","date":"2018-04-10T03:41:16.000Z","volume":1000,"label":" ","price":7.51},{"type":"B","date":"2018-04-10T03:41:19.000Z","volume":2000,"label":" ","price":7.5},{"type":"A","date":"2018-04-10T03:41:31.000Z","volume":1000,"label":"Y","price":7.51},{"type":"A","date":"2018-04-10T03:41:31.000Z","volume":1000,"label":" ","price":7.51},{"type":"A","date":"2018-04-10T03:41:32.000Z","volume":1000,"label":" ","price":7.51},{"type":"A","date":"2018-04-10T03:41:46.000Z","volume":1000,"label":" ","price":7.51},{"type":"U","date":"2018-04-10T03:41:59.000Z","volume":1000,"label":"X","price":7.505},{"type":"U","date":"2018-04-10T03:42:28.000Z","volume":1000,"label":"X","price":7.505},{"type":"A","date":"2018-04-10T03:42:29.000Z","volume":1000,"label":" ","price":7.51},{"type":"A","date":"2018-04-10T03:42:29.000Z","volume":1000,"label":" ","price":7.51},{"type":"A","date":"2018-04-10T03:42:29.000Z","volume":1000,"label":" ","price":7.51},{"type":"A","date":"2018-04-10T03:42:31.000Z","volume":1000,"label":" ","price":7.52},{"type":"U","date":"2018-04-10T03:43:40.000Z","volume":1000,"label":"X","price":7.51},{"type":"U","date":"2018-04-10T03:44:20.000Z","volume":1000,"label":"X","price":7.51},{"type":"U","date":"2018-04-10T03:45:13.000Z","volume":1000,"label":"X","price":7.51},{"type":"U","date":"2018-04-10T03:46:06.000Z","volume":1000,"label":"X","price":7.515},{"type":"A","date":"2018-04-10T03:46:40.000Z","volume":1000,"label":" ","price":7.52},{"type":"B","date":"2018-04-10T03:46:53.000Z","volume":3000,"label":" ","price":7.51},{"type":"B","date":"2018-04-10T03:46:59.000Z","volume":2000,"label":" ","price":7.51},{"type":"A","date":"2018-04-10T03:47:01.000Z","volume":1000,"label":" ","price":7.52},{"type":"A","date":"2018-04-10T03:47:01.000Z","volume":1000,"label":" ","price":7.52},{"type":"B","date":"2018-04-10T03:47:05.000Z","volume":1000,"label":" ","price":7.51},{"type":"A","date":"2018-04-10T03:47:09.000Z","volume":1000,"label":" ","price":7.52},{"type":"B","date":"2018-04-10T03:47:09.000Z","volume":2000,"label":" ","price":7.51},{"type":"U","date":"2018-04-10T03:48:00.000Z","volume":1000,"label":"X","price":7.515},{"type":"U","date":"2018-04-10T03:49:09.000Z","volume":1000,"label":"X","price":7.515},{"type":"A","date":"2018-04-10T03:49:15.000Z","volume":1000,"label":" ","price":7.52},{"type":"A","date":"2018-04-10T03:49:16.000Z","volume":1000,"label":" ","price":7.52},{"type":"U","date":"2018-04-10T03:49:37.000Z","volume":1000,"label":"X","price":7.515},{"type":"B","date":"2018-04-10T03:50:29.000Z","volume":3000,"label":"Y","price":7.51},{"type":"B","date":"2018-04-10T03:50:29.000Z","volume":18000,"label":" ","price":7.51},{"type":"B","date":"2018-04-10T03:50:29.000Z","volume":2000,"label":" ","price":7.51},{"type":"B","date":"2018-04-10T03:50:29.000Z","volume":1000,"label":" ","price":7.51},{"type":"A","date":"2018-04-10T03:50:29.000Z","volume":1000,"label":" ","price":7.52},{"type":"B","date":"2018-04-10T03:50:29.000Z","volume":2000,"label":" ","price":7.51},{"type":"B","date":"2018-04-10T03:50:29.000Z","volume":16000,"label":" ","price":7.5},{"type":"B","date":"2018-04-10T03:50:33.000Z","volume":5000,"label":" ","price":7.49},{"type":"U","date":"2018-04-10T03:50:33.000Z","volume":2000,"label":"X","price":7.505},{"type":"A","date":"2018-04-10T03:50:34.000Z","volume":1000,"label":" ","price":7.52},{"type":"U","date":"2018-04-10T03:50:34.000Z","volume":3000,"label":"X","price":7.505},{"type":"U","date":"2018-04-10T03:51:20.000Z","volume":1000,"label":"X","price":7.5},{"type":"A","date":"2018-04-10T03:52:01.000Z","volume":1000,"label":"Y","price":7.5},{"type":"A","date":"2018-04-10T03:52:01.000Z","volume":1000,"label":" ","price":7.5},{"type":"A","date":"2018-04-10T03:52:01.000Z","volume":1000,"label":" ","price":7.5},{"type":"U","date":"2018-04-10T03:52:09.000Z","volume":1000,"label":"X","price":7.495},{"type":"B","date":"2018-04-10T03:52:33.000Z","volume":1000,"label":" ","price":7.49},{"type":"A","date":"2018-04-10T03:53:01.000Z","volume":1000,"label":" ","price":7.5},{"type":"U","date":"2018-04-10T03:53:14.000Z","volume":1000,"label":"X","price":7.495},{"type":"A","date":"2018-04-10T03:53:31.000Z","volume":1000,"label":" ","price":7.5},{"type":"A","date":"2018-04-10T03:53:31.000Z","volume":1000,"label":" ","price":7.51},{"type":"A","date":"2018-04-10T03:53:34.000Z","volume":1000,"label":" ","price":7.51},{"type":"U","date":"2018-04-10T03:53:44.000Z","volume":1000,"label":"X","price":7.51},{"type":"U","date":"2018-04-10T03:53:44.000Z","volume":1000,"label":" ","price":7.51},{"type":"A","date":"2018-04-10T03:54:04.000Z","volume":1000,"label":" ","price":7.51},{"type":"U","date":"2018-04-10T03:55:25.000Z","volume":1000,"label":"X","price":7.515},{"type":"U","date":"2018-04-10T03:56:40.000Z","volume":1000,"label":"X","price":7.515},{"type":"A","date":"2018-04-10T03:56:48.000Z","volume":1000,"label":" ","price":7.52},{"type":"A","date":"2018-04-10T03:56:50.000Z","volume":1000,"label":" ","price":7.52},{"type":"U","date":"2018-04-10T03:56:59.000Z","volume":1000,"label":"X","price":7.515},{"type":"B","date":"2018-04-10T03:57:14.000Z","volume":1000,"label":" ","price":7.51},{"type":"U","date":"2018-04-10T03:57:35.000Z","volume":1000,"label":"X","price":7.515},{"type":"A","date":"2018-04-10T03:57:46.000Z","volume":1000,"label":" ","price":7.52},{"type":"A","date":"2018-04-10T03:57:46.000Z","volume":2000,"label":" ","price":7.52},{"type":"A","date":"2018-04-10T03:57:47.000Z","volume":1000,"label":" ","price":7.52},{"type":"A","date":"2018-04-10T03:57:47.000Z","volume":1000,"label":" ","price":7.52},{"type":"B","date":"2018-04-10T03:57:48.000Z","volume":1000,"label":" ","price":7.51},{"type":"B","date":"2018-04-10T03:58:09.000Z","volume":1000,"label":" ","price":7.51},{"type":"U","date":"2018-04-10T03:58:49.000Z","volume":1000,"label":"X","price":7.515},{"type":"A","date":"2018-04-10T03:59:01.000Z","volume":1000,"label":" ","price":7.52},{"type":"U","date":"2018-04-10T03:59:14.000Z","volume":1000,"label":"X","price":7.515},{"type":"U","date":"2018-04-10T03:59:15.000Z","volume":1000,"label":"X","price":7.515},{"type":"A","date":"2018-04-10T03:59:16.000Z","volume":1000,"label":" ","price":7.52},{"type":"B","date":"2018-04-10T03:59:25.000Z","volume":1000,"label":"Y","price":7.51},{"type":"U","date":"2018-04-10T05:00:01.000Z","volume":4000,"label":"X","price":7.515},{"type":"A","date":"2018-04-10T05:00:02.000Z","volume":2000,"label":" ","price":7.52},{"type":"A","date":"2018-04-10T05:00:03.000Z","volume":6000,"label":" ","price":7.52},{"type":"B","date":"2018-04-10T05:00:03.000Z","volume":3000,"label":" ","price":7.51},{"type":"U","date":"2018-04-10T05:00:03.000Z","volume":1000,"label":"X","price":7.515},{"type":"U","date":"2018-04-10T05:00:03.000Z","volume":1000,"label":"X","price":7.515},{"type":"A","date":"2018-04-10T05:00:04.000Z","volume":1000,"label":" ","price":7.52},{"type":"U","date":"2018-04-10T05:00:10.000Z","volume":3000,"label":"X","price":7.515},{"type":"A","date":"2018-04-10T05:00:21.000Z","volume":1000,"label":" ","price":7.52},{"type":"A","date":"2018-04-10T05:00:23.000Z","volume":1000,"label":" ","price":7.52},{"type":"U","date":"2018-04-10T05:00:41.000Z","volume":1000,"label":"X","price":7.515},{"type":"U","date":"2018-04-10T05:00:51.000Z","volume":2000,"label":"X","price":7.515},{"type":"U","date":"2018-04-10T05:00:51.000Z","volume":3000,"label":"X","price":7.515},{"type":"A","date":"2018-04-10T05:01:01.000Z","volume":1000,"label":" ","price":7.52},{"type":"U","date":"2018-04-10T05:01:09.000Z","volume":1000,"label":"X","price":7.515},{"type":"A","date":"2018-04-10T05:01:40.000Z","volume":1000,"label":" ","price":7.52},{"type":"U","date":"2018-04-10T05:01:47.000Z","volume":1000,"label":"X","price":7.515},{"type":"B","date":"2018-04-10T05:02:07.000Z","volume":19000,"label":"Y","price":7.51},{"type":"B","date":"2018-04-10T05:02:07.000Z","volume":50000,"label":" ","price":7.51},{"type":"B","date":"2018-04-10T05:02:07.000Z","volume":3000,"label":" ","price":7.51},{"type":"A","date":"2018-04-10T05:02:07.000Z","volume":1000,"label":" ","price":7.51},{"type":"A","date":"2018-04-10T05:02:07.000Z","volume":1000,"label":" ","price":7.51},{"type":"U","date":"2018-04-10T05:02:11.000Z","volume":2000,"label":"X","price":7.505},{"type":"B","date":"2018-04-10T05:02:11.000Z","volume":4000,"label":" ","price":7.5},{"type":"U","date":"2018-04-10T05:02:11.000Z","volume":3000,"label":"X","price":7.505},{"type":"A","date":"2018-04-10T05:02:12.000Z","volume":1000,"label":" ","price":7.51},{"type":"B","date":"2018-04-10T05:02:17.000Z","volume":1000,"label":" ","price":7.5},{"type":"B","date":"2018-04-10T05:02:24.000Z","volume":1000,"label":" ","price":7.5},{"type":"B","date":"2018-04-10T05:03:21.000Z","volume":25000,"label":" ","price":7.5},{"type":"B","date":"2018-04-10T05:03:21.000Z","volume":2000,"label":" ","price":7.5},{"type":"B","date":"2018-04-10T05:03:21.000Z","volume":6000,"label":" ","price":7.49},{"type":"B","date":"2018-04-10T05:03:21.000Z","volume":11000,"label":" ","price":7.49},{"type":"U","date":"2018-04-10T05:04:31.000Z","volume":1000,"label":"X","price":7.485},{"type":"U","date":"2018-04-10T05:05:18.000Z","volume":1000,"label":"X","price":7.485},{"type":"B","date":"2018-04-10T05:05:24.000Z","volume":1000,"label":" ","price":7.48},{"type":"B","date":"2018-04-10T05:05:24.000Z","volume":2000,"label":" ","price":7.48},{"type":"A","date":"2018-04-10T05:05:28.000Z","volume":1000,"label":" ","price":7.49},{"type":"U","date":"2018-04-10T05:05:42.000Z","volume":1000,"label":"X","price":7.485},{"type":"U","date":"2018-04-10T05:06:13.000Z","volume":1000,"label":"X","price":7.485},{"type":"U","date":"2018-04-10T05:06:58.000Z","volume":1000,"label":"X","price":7.485},{"type":"A","date":"2018-04-10T05:07:41.000Z","volume":1000,"label":" ","price":7.49},{"type":"A","date":"2018-04-10T05:07:41.000Z","volume":5000,"label":" ","price":7.49},{"type":"A","date":"2018-04-10T05:07:41.000Z","volume":1000,"label":"Y","price":7.49},{"type":"A","date":"2018-04-10T05:07:41.000Z","volume":8000,"label":" ","price":7.49},{"type":"A","date":"2018-04-10T05:07:41.000Z","volume":1000,"label":" ","price":7.49},{"type":"A","date":"2018-04-10T05:07:42.000Z","volume":1000,"label":" ","price":7.49},{"type":"A","date":"2018-04-10T05:07:47.000Z","volume":1000,"label":" ","price":7.49},{"type":"A","date":"2018-04-10T05:07:47.000Z","volume":1000,"label":" ","price":7.5},{"type":"A","date":"2018-04-10T05:07:47.000Z","volume":1000,"label":" ","price":7.5},{"type":"U","date":"2018-04-10T05:07:47.000Z","volume":3000,"label":"X","price":7.495},{"type":"U","date":"2018-04-10T05:07:48.000Z","volume":2000,"label":"X","price":7.495},{"type":"A","date":"2018-04-10T05:07:48.000Z","volume":3000,"label":" ","price":7.5},{"type":"U","date":"2018-04-10T05:08:10.000Z","volume":1000,"label":"X","price":7.495},{"type":"U","date":"2018-04-10T05:08:48.000Z","volume":1000,"label":"X","price":7.495},{"type":"B","date":"2018-04-10T05:09:12.000Z","volume":1000,"label":" ","price":7.49},{"type":"A","date":"2018-04-10T05:09:17.000Z","volume":1000,"label":"Y","price":7.5},{"type":"A","date":"2018-04-10T05:09:17.000Z","volume":1000,"label":" ","price":7.5},{"type":"A","date":"2018-04-10T05:09:17.000Z","volume":1000,"label":" ","price":7.5},{"type":"B","date":"2018-04-10T05:09:50.000Z","volume":1000,"label":"Y","price":7.49},{"type":"A","date":"2018-04-10T05:09:53.000Z","volume":1000,"label":" ","price":7.5},{"type":"U","date":"2018-04-10T05:10:21.000Z","volume":1000,"label":"X","price":7.495},{"type":"A","date":"2018-04-10T05:10:48.000Z","volume":1000,"label":" ","price":7.5},{"type":"U","date":"2018-04-10T05:11:53.000Z","volume":1000,"label":"X","price":7.495},{"type":"A","date":"2018-04-10T05:12:17.000Z","volume":1000,"label":" ","price":7.5},{"type":"A","date":"2018-04-10T05:12:17.000Z","volume":1000,"label":" ","price":7.5},{"type":"A","date":"2018-04-10T05:12:17.000Z","volume":1000,"label":" ","price":7.5},{"type":"U","date":"2018-04-10T05:12:25.000Z","volume":1000,"label":"X","price":7.495},{"type":"U","date":"2018-04-10T05:13:10.000Z","volume":1000,"label":"X","price":7.495},{"type":"B","date":"2018-04-10T05:13:12.000Z","volume":2000,"label":" ","price":7.49},{"type":"B","date":"2018-04-10T05:13:16.000Z","volume":1000,"label":" ","price":7.49},{"type":"B","date":"2018-04-10T05:13:19.000Z","volume":1000,"label":" ","price":7.49},{"type":"B","date":"2018-04-10T05:13:35.000Z","volume":1000,"label":" ","price":7.49},{"type":"A","date":"2018-04-10T05:13:36.000Z","volume":1000,"label":" ","price":7.5},{"type":"U","date":"2018-04-10T05:14:01.000Z","volume":1000,"label":"X","price":7.495},{"type":"A","date":"2018-04-10T05:14:01.000Z","volume":2000,"label":" ","price":7.5},{"type":"U","date":"2018-04-10T05:14:25.000Z","volume":1000,"label":"X","price":7.495},{"type":"U","date":"2018-04-10T05:15:03.000Z","volume":1000,"label":"X","price":7.495},{"type":"A","date":"2018-04-10T05:15:11.000Z","volume":1000,"label":" ","price":7.5},{"type":"U","date":"2018-04-10T05:15:40.000Z","volume":1000,"label":"X","price":7.495},{"type":"U","date":"2018-04-10T05:16:02.000Z","volume":1000,"label":"X","price":7.495},{"type":"A","date":"2018-04-10T05:16:28.000Z","volume":2000,"label":" ","price":7.5},{"type":"B","date":"2018-04-10T05:16:28.000Z","volume":4000,"label":" ","price":7.49},{"type":"A","date":"2018-04-10T05:16:29.000Z","volume":1000,"label":" ","price":7.5},{"type":"U","date":"2018-04-10T05:16:59.000Z","volume":1000,"label":"X","price":7.495},{"type":"A","date":"2018-04-10T05:17:02.000Z","volume":1000,"label":" ","price":7.5},{"type":"A","date":"2018-04-10T05:17:02.000Z","volume":1000,"label":" ","price":7.5},{"type":"A","date":"2018-04-10T05:17:02.000Z","volume":1000,"label":" ","price":7.5},{"type":"U","date":"2018-04-10T05:17:28.000Z","volume":1000,"label":"X","price":7.495},{"type":"A","date":"2018-04-10T05:17:53.000Z","volume":2000,"label":" ","price":7.5},{"type":"A","date":"2018-04-10T05:18:05.000Z","volume":34000,"label":" ","price":7.5},{"type":"B","date":"2018-04-10T05:18:05.000Z","volume":3000,"label":" ","price":7.49},{"type":"A","date":"2018-04-10T05:18:05.000Z","volume":3000,"label":" ","price":7.5},{"type":"A","date":"2018-04-10T05:18:05.000Z","volume":1000,"label":" ","price":7.51},{"type":"U","date":"2018-04-10T05:18:31.000Z","volume":1000,"label":"X","price":7.505},{"type":"U","date":"2018-04-10T05:18:40.000Z","volume":1000,"label":"X","price":7.505},{"type":"B","date":"2018-04-10T05:19:12.000Z","volume":40000,"label":" ","price":7.5},{"type":"B","date":"2018-04-10T05:19:12.000Z","volume":5000,"label":" ","price":7.5},{"type":"B","date":"2018-04-10T05:19:12.000Z","volume":3000,"label":" ","price":7.5},{"type":"B","date":"2018-04-10T05:19:12.000Z","volume":1000,"label":" ","price":7.5},{"type":"A","date":"2018-04-10T05:19:12.000Z","volume":3000,"label":" ","price":7.51},{"type":"U","date":"2018-04-10T05:19:12.000Z","volume":1000,"label":"X","price":7.5},{"type":"A","date":"2018-04-10T05:19:12.000Z","volume":1000,"label":" ","price":7.5},{"type":"U","date":"2018-04-10T05:19:12.000Z","volume":1000,"label":"X","price":7.495},{"type":"U","date":"2018-04-10T05:19:12.000Z","volume":1000,"label":"X","price":7.495},{"type":"A","date":"2018-04-10T05:19:12.000Z","volume":2000,"label":" ","price":7.5},{"type":"U","date":"2018-04-10T05:19:12.000Z","volume":1000,"label":"X","price":7.495},{"type":"U","date":"2018-04-10T05:19:13.000Z","volume":1000,"label":"X","price":7.495},{"type":"A","date":"2018-04-10T05:19:13.000Z","volume":1000,"label":" ","price":7.5},{"type":"B","date":"2018-04-10T05:19:16.000Z","volume":4000,"label":" ","price":7.49},{"type":"A","date":"2018-04-10T05:19:17.000Z","volume":1000,"label":" ","price":7.5},{"type":"A","date":"2018-04-10T05:19:17.000Z","volume":1000,"label":" ","price":7.5},{"type":"A","date":"2018-04-10T05:19:22.000Z","volume":1000,"label":" ","price":7.51},{"type":"B","date":"2018-04-10T05:19:39.000Z","volume":2000,"label":" ","price":7.49},{"type":"B","date":"2018-04-10T05:19:44.000Z","volume":1000,"label":" ","price":7.49},{"type":"B","date":"2018-04-10T05:19:45.000Z","volume":1000,"label":"Y","price":7.49},{"type":"B","date":"2018-04-10T05:19:45.000Z","volume":26000,"label":" ","price":7.49},{"type":"B","date":"2018-04-10T05:19:45.000Z","volume":12000,"label":" ","price":7.49},{"type":"B","date":"2018-04-10T05:19:45.000Z","volume":7000,"label":" ","price":7.48},{"type":"B","date":"2018-04-10T05:19:45.000Z","volume":4000,"label":" ","price":7.47},{"type":"B","date":"2018-04-10T05:19:49.000Z","volume":6000,"label":" ","price":7.43},{"type":"B","date":"2018-04-10T05:19:53.000Z","volume":2000,"label":" ","price":7.43},{"type":"B","date":"2018-04-10T05:20:05.000Z","volume":2000,"label":" ","price":7.44},{"type":"U","date":"2018-04-10T05:20:14.000Z","volume":5000,"label":"X","price":7.45},{"type":"U","date":"2018-04-10T05:20:40.000Z","volume":5000,"label":"X","price":7.45},{"type":"U","date":"2018-04-10T05:21:09.000Z","volume":1000,"label":"X","price":7.45},{"type":"U","date":"2018-04-10T05:21:30.000Z","volume":1000,"label":"X","price":7.45},{"type":"U","date":"2018-04-10T05:21:44.000Z","volume":1000,"label":"X","price":7.43},{"type":"A","date":"2018-04-10T05:22:40.000Z","volume":1000,"label":" ","price":7.47},{"type":"A","date":"2018-04-10T05:22:47.000Z","volume":1000,"label":" ","price":7.45},{"type":"A","date":"2018-04-10T05:22:47.000Z","volume":1000,"label":" ","price":7.45},{"type":"A","date":"2018-04-10T05:22:47.000Z","volume":1000,"label":" ","price":7.45},{"type":"B","date":"2018-04-10T05:22:55.000Z","volume":8000,"label":" ","price":7.45},{"type":"U","date":"2018-04-10T05:23:10.000Z","volume":1000,"label":"X","price":7.445},{"type":"U","date":"2018-04-10T05:23:10.000Z","volume":1000,"label":"X","price":7.445},{"type":"U","date":"2018-04-10T05:23:45.000Z","volume":1000,"label":"X","price":7.45},{"type":"A","date":"2018-04-10T05:24:02.000Z","volume":1000,"label":"Y","price":7.45},{"type":"A","date":"2018-04-10T05:24:02.000Z","volume":1000,"label":" ","price":7.45},{"type":"U","date":"2018-04-10T05:24:20.000Z","volume":1000,"label":"X","price":7.45},{"type":"A","date":"2018-04-10T05:25:05.000Z","volume":1000,"label":" ","price":7.46},{"type":"U","date":"2018-04-10T05:25:10.000Z","volume":1000,"label":"X","price":7.45},{"type":"A","date":"2018-04-10T05:25:11.000Z","volume":1000,"label":" ","price":7.46},{"type":"U","date":"2018-04-10T05:25:50.000Z","volume":1000,"label":"X","price":7.45},{"type":"B","date":"2018-04-10T05:26:12.000Z","volume":2000,"label":" ","price":7.44},{"type":"A","date":"2018-04-10T05:26:12.000Z","volume":1000,"label":" ","price":7.46},{"type":"B","date":"2018-04-10T05:26:17.000Z","volume":1000,"label":" ","price":7.44},{"type":"U","date":"2018-04-10T05:26:22.000Z","volume":4000,"label":"X","price":7.45},{"type":"U","date":"2018-04-10T05:26:45.000Z","volume":1000,"label":"X","price":7.45},{"type":"U","date":"2018-04-10T05:27:05.000Z","volume":1000,"label":"X","price":7.45},{"type":"B","date":"2018-04-10T05:27:15.000Z","volume":6000,"label":" ","price":7.45},{"type":"B","date":"2018-04-10T05:27:15.000Z","volume":1000,"label":" ","price":7.45},{"type":"B","date":"2018-04-10T05:27:15.000Z","volume":2000,"label":" ","price":7.44},{"type":"A","date":"2018-04-10T05:27:15.000Z","volume":1000,"label":" ","price":7.45},{"type":"A","date":"2018-04-10T05:27:47.000Z","volume":1000,"label":" ","price":7.46},{"type":"A","date":"2018-04-10T05:27:47.000Z","volume":1000,"label":" ","price":7.46},{"type":"A","date":"2018-04-10T05:27:47.000Z","volume":1000,"label":" ","price":7.46},{"type":"A","date":"2018-04-10T05:27:47.000Z","volume":2000,"label":" ","price":7.46},{"type":"U","date":"2018-04-10T05:28:34.000Z","volume":1000,"label":"X","price":7.455},{"type":"U","date":"2018-04-10T05:28:40.000Z","volume":1000,"label":"X","price":7.455},{"type":"U","date":"2018-04-10T05:29:24.000Z","volume":1000,"label":"X","price":7.455},{"type":"U","date":"2018-04-10T05:29:49.000Z","volume":1000,"label":"X","price":7.455},{"type":"A","date":"2018-04-10T05:29:55.000Z","volume":1000,"label":" ","price":7.46},{"type":"B","date":"2018-04-10T05:29:57.000Z","volume":9000,"label":"Y","price":7.45},{"type":"B","date":"2018-04-10T05:29:57.000Z","volume":17000,"label":" ","price":7.45},{"type":"B","date":"2018-04-10T05:29:57.000Z","volume":2000,"label":" ","price":7.45},{"type":"A","date":"2018-04-10T05:29:57.000Z","volume":1000,"label":" ","price":7.45},{"type":"A","date":"2018-04-10T05:29:57.000Z","volume":1000,"label":" ","price":7.46},{"type":"B","date":"2018-04-10T05:30:01.000Z","volume":3000,"label":" ","price":7.45},{"type":"A","date":"2018-04-10T05:30:01.000Z","volume":1000,"label":" ","price":7.46},{"type":"B","date":"2018-04-10T05:30:04.000Z","volume":2000,"label":"Y","price":7.44},{"type":"B","date":"2018-04-10T05:30:04.000Z","volume":15000,"label":" ","price":7.44},{"type":"B","date":"2018-04-10T05:30:04.000Z","volume":2000,"label":" ","price":7.44},{"type":"B","date":"2018-04-10T05:30:07.000Z","volume":9000,"label":" ","price":7.43},{"type":"A","date":"2018-04-10T05:30:07.000Z","volume":1000,"label":" ","price":7.43},{"type":"A","date":"2018-04-10T05:30:08.000Z","volume":1000,"label":" ","price":7.43},{"type":"B","date":"2018-04-10T05:30:08.000Z","volume":1000,"label":" ","price":7.42},{"type":"A","date":"2018-04-10T05:30:08.000Z","volume":1000,"label":" ","price":7.43},{"type":"B","date":"2018-04-10T05:30:08.000Z","volume":4000,"label":" ","price":7.42},{"type":"B","date":"2018-04-10T05:30:12.000Z","volume":3000,"label":" ","price":7.42},{"type":"A","date":"2018-04-10T05:30:12.000Z","volume":1000,"label":" ","price":7.44},{"type":"B","date":"2018-04-10T05:30:16.000Z","volume":2000,"label":" ","price":7.42},{"type":"B","date":"2018-04-10T05:30:19.000Z","volume":1000,"label":" ","price":7.42},{"type":"B","date":"2018-04-10T05:30:20.000Z","volume":1000,"label":" ","price":7.42},{"type":"A","date":"2018-04-10T05:30:20.000Z","volume":1000,"label":" ","price":7.43},{"type":"U","date":"2018-04-10T05:30:30.000Z","volume":1000,"label":"X","price":7.42},{"type":"B","date":"2018-04-10T05:30:49.000Z","volume":1000,"label":" ","price":7.41},{"type":"U","date":"2018-04-10T05:30:57.000Z","volume":1000,"label":"X","price":7.42},{"type":"B","date":"2018-04-10T05:31:21.000Z","volume":8000,"label":" ","price":7.41},{"type":"A","date":"2018-04-10T05:31:21.000Z","volume":3000,"label":" ","price":7.41},{"type":"B","date":"2018-04-10T05:31:21.000Z","volume":2000,"label":" ","price":7.4},{"type":"B","date":"2018-04-10T05:31:22.000Z","volume":2000,"label":" ","price":7.4},{"type":"A","date":"2018-04-10T05:31:26.000Z","volume":30000,"label":" ","price":7.41},{"type":"A","date":"2018-04-10T05:31:26.000Z","volume":5000,"label":" ","price":7.41},{"type":"B","date":"2018-04-10T05:31:26.000Z","volume":5000,"label":" ","price":7.4},{"type":"B","date":"2018-04-10T05:31:26.000Z","volume":1000,"label":" ","price":7.39},{"type":"A","date":"2018-04-10T05:31:26.000Z","volume":2000,"label":" ","price":7.43},{"type":"B","date":"2018-04-10T05:31:28.000Z","volume":5000,"label":" ","price":7.41},{"type":"U","date":"2018-04-10T05:31:28.000Z","volume":5000,"label":"X","price":7.405},{"type":"A","date":"2018-04-10T05:31:29.000Z","volume":1000,"label":" ","price":7.41},{"type":"U","date":"2018-04-10T05:31:42.000Z","volume":1000,"label":"X","price":7.4},{"type":"A","date":"2018-04-10T05:31:45.000Z","volume":10000,"label":" ","price":7.41},{"type":"A","date":"2018-04-10T05:31:45.000Z","volume":2000,"label":" ","price":7.42},{"type":"B","date":"2018-04-10T05:31:45.000Z","volume":2000,"label":" ","price":7.41},{"type":"A","date":"2018-04-10T05:31:47.000Z","volume":1000,"label":" ","price":7.42},{"type":"B","date":"2018-04-10T05:32:02.000Z","volume":1000,"label":" ","price":7.42},{"type":"B","date":"2018-04-10T05:32:09.000Z","volume":1000,"label":" ","price":7.42},{"type":"A","date":"2018-04-10T05:32:10.000Z","volume":1000,"label":" ","price":7.43},{"type":"B","date":"2018-04-10T05:32:17.000Z","volume":1000,"label":"Y","price":7.42},{"type":"A","date":"2018-04-10T05:32:21.000Z","volume":1000,"label":" ","price":7.43},{"type":"U","date":"2018-04-10T05:32:22.000Z","volume":5000,"label":"X","price":7.425},{"type":"U","date":"2018-04-10T05:32:27.000Z","volume":1000,"label":"X","price":7.425},{"type":"B","date":"2018-04-10T05:32:30.000Z","volume":1000,"label":" ","price":7.42},{"type":"U","date":"2018-04-10T05:32:47.000Z","volume":1000,"label":"X","price":7.425},{"type":"U","date":"2018-04-10T05:33:12.000Z","volume":1000,"label":"X","price":7.425},{"type":"A","date":"2018-04-10T05:33:55.000Z","volume":10000,"label":" ","price":7.43},{"type":"A","date":"2018-04-10T05:33:56.000Z","volume":1000,"label":" ","price":7.43},{"type":"A","date":"2018-04-10T05:33:56.000Z","volume":21000,"label":" ","price":7.43},{"type":"B","date":"2018-04-10T05:33:56.000Z","volume":2000,"label":" ","price":7.42},{"type":"A","date":"2018-04-10T05:33:56.000Z","volume":2000,"label":" ","price":7.44},{"type":"B","date":"2018-04-10T05:33:57.000Z","volume":2000,"label":" ","price":7.42},{"type":"A","date":"2018-04-10T05:33:58.000Z","volume":1000,"label":" ","price":7.44},{"type":"A","date":"2018-04-10T05:34:00.000Z","volume":1000,"label":" ","price":7.44},{"type":"U","date":"2018-04-10T05:34:00.000Z","volume":1000,"label":"X","price":7.445},{"type":"U","date":"2018-04-10T05:34:02.000Z","volume":1000,"label":"X","price":7.45},{"type":"B","date":"2018-04-10T05:34:02.000Z","volume":1000,"label":" ","price":7.44},{"type":"B","date":"2018-04-10T05:34:02.000Z","volume":2000,"label":" ","price":7.44},{"type":"U","date":"2018-04-10T05:34:12.000Z","volume":1000,"label":"X","price":7.45},{"type":"U","date":"2018-04-10T05:34:37.000Z","volume":1000,"label":"X","price":7.45},{"type":"U","date":"2018-04-10T05:34:40.000Z","volume":1000,"label":"X","price":7.45},{"type":"A","date":"2018-04-10T05:34:41.000Z","volume":1000,"label":" ","price":7.46},{"type":"U","date":"2018-04-10T05:35:20.000Z","volume":1000,"label":"X","price":7.455},{"type":"U","date":"2018-04-10T05:35:23.000Z","volume":1000,"label":"X","price":7.44},{"type":"U","date":"2018-04-10T05:35:32.000Z","volume":1000,"label":"X","price":7.455},{"type":"A","date":"2018-04-10T05:35:32.000Z","volume":2000,"label":" ","price":7.47},{"type":"A","date":"2018-04-10T05:35:32.000Z","volume":1000,"label":" ","price":7.47},{"type":"U","date":"2018-04-10T05:36:17.000Z","volume":1000,"label":"X","price":7.47},{"type":"U","date":"2018-04-10T05:36:35.000Z","volume":1000,"label":"X","price":7.47},{"type":"U","date":"2018-04-10T05:37:03.000Z","volume":1000,"label":"X","price":7.47},{"type":"U","date":"2018-04-10T05:37:17.000Z","volume":1000,"label":"X","price":7.465},{"type":"A","date":"2018-04-10T05:37:34.000Z","volume":1000,"label":" ","price":7.48},{"type":"U","date":"2018-04-10T05:37:35.000Z","volume":1000,"label":"X","price":7.465},{"type":"U","date":"2018-04-10T05:37:47.000Z","volume":1000,"label":"X","price":7.465},{"type":"U","date":"2018-04-10T05:38:05.000Z","volume":1000,"label":"X","price":7.465},{"type":"A","date":"2018-04-10T05:38:23.000Z","volume":5000,"label":" ","price":7.48},{"type":"A","date":"2018-04-10T05:38:32.000Z","volume":1000,"label":" ","price":7.47},{"type":"U","date":"2018-04-10T05:38:32.000Z","volume":1000,"label":" ","price":7.47},{"type":"B","date":"2018-04-10T05:38:32.000Z","volume":1000,"label":" ","price":7.47},{"type":"U","date":"2018-04-10T05:38:32.000Z","volume":6000,"label":"X","price":7.47},{"type":"U","date":"2018-04-10T05:38:32.000Z","volume":1000,"label":"X","price":7.475},{"type":"A","date":"2018-04-10T05:38:32.000Z","volume":1000,"label":" ","price":7.48},{"type":"U","date":"2018-04-10T05:38:36.000Z","volume":5000,"label":"X","price":7.475},{"type":"U","date":"2018-04-10T05:39:17.000Z","volume":1000,"label":"X","price":7.475},{"type":"U","date":"2018-04-10T05:39:23.000Z","volume":1000,"label":"X","price":7.475},{"type":"U","date":"2018-04-10T05:40:02.000Z","volume":1000,"label":"X","price":7.475},{"type":"U","date":"2018-04-10T05:40:15.000Z","volume":1000,"label":"X","price":7.475},{"type":"U","date":"2018-04-10T05:40:35.000Z","volume":1000,"label":"X","price":7.475},{"type":"U","date":"2018-04-10T05:40:47.000Z","volume":1000,"label":"X","price":7.475},{"type":"B","date":"2018-04-10T05:41:03.000Z","volume":1000,"label":" ","price":7.47},{"type":"A","date":"2018-04-10T05:41:06.000Z","volume":1000,"label":" ","price":7.48},{"type":"B","date":"2018-04-10T05:41:08.000Z","volume":1000,"label":" ","price":7.47},{"type":"B","date":"2018-04-10T05:41:09.000Z","volume":30000,"label":" ","price":7.47},{"type":"B","date":"2018-04-10T05:41:09.000Z","volume":5000,"label":" ","price":7.46},{"type":"A","date":"2018-04-10T05:41:09.000Z","volume":1000,"label":" ","price":7.47},{"type":"A","date":"2018-04-10T05:41:09.000Z","volume":1000,"label":" ","price":7.48},{"type":"A","date":"2018-04-10T05:41:09.000Z","volume":1000,"label":" ","price":7.48},{"type":"A","date":"2018-04-10T05:41:30.000Z","volume":1000,"label":" ","price":7.47},{"type":"U","date":"2018-04-10T05:41:31.000Z","volume":1000,"label":"X","price":7.465},{"type":"U","date":"2018-04-10T05:41:38.000Z","volume":1000,"label":"X","price":7.465},{"type":"U","date":"2018-04-10T05:41:47.000Z","volume":1000,"label":"X","price":7.465},{"type":"B","date":"2018-04-10T05:41:53.000Z","volume":1000,"label":" ","price":7.46},{"type":"B","date":"2018-04-10T05:41:53.000Z","volume":15000,"label":" ","price":7.46},{"type":"B","date":"2018-04-10T05:41:53.000Z","volume":2000,"label":" ","price":7.45},{"type":"U","date":"2018-04-10T05:41:55.000Z","volume":5000,"label":"X","price":7.46},{"type":"A","date":"2018-04-10T05:41:55.000Z","volume":1000,"label":" ","price":7.47},{"type":"U","date":"2018-04-10T05:42:17.000Z","volume":1000,"label":"X","price":7.46},{"type":"U","date":"2018-04-10T05:42:58.000Z","volume":1000,"label":"X","price":7.46},{"type":"A","date":"2018-04-10T05:43:02.000Z","volume":34000,"label":" ","price":7.47},{"type":"B","date":"2018-04-10T05:43:02.000Z","volume":5000,"label":" ","price":7.45},{"type":"A","date":"2018-04-10T05:43:02.000Z","volume":3000,"label":" ","price":7.47},{"type":"A","date":"2018-04-10T05:43:04.000Z","volume":1000,"label":" ","price":7.48},{"type":"U","date":"2018-04-10T05:43:19.000Z","volume":1000,"label":"X","price":7.465},{"type":"U","date":"2018-04-10T05:43:47.000Z","volume":1000,"label":"X","price":7.465},{"type":"U","date":"2018-04-10T05:44:04.000Z","volume":1000,"label":"X","price":7.465},{"type":"A","date":"2018-04-10T05:44:04.000Z","volume":3000,"label":" ","price":7.48},{"type":"U","date":"2018-04-10T05:44:32.000Z","volume":1000,"label":"X","price":7.47},{"type":"U","date":"2018-04-10T05:44:41.000Z","volume":1000,"label":"X","price":7.47},{"type":"U","date":"2018-04-10T05:44:44.000Z","volume":1000,"label":"X","price":7.47},{"type":"U","date":"2018-04-10T05:45:11.000Z","volume":5000,"label":"X","price":7.47},{"type":"U","date":"2018-04-10T05:45:12.000Z","volume":1000,"label":"X","price":7.47},{"type":"U","date":"2018-04-10T05:45:13.000Z","volume":1000,"label":" ","price":7.47},{"type":"B","date":"2018-04-10T05:45:16.000Z","volume":1000,"label":" ","price":7.46},{"type":"A","date":"2018-04-10T05:45:16.000Z","volume":1000,"label":" ","price":7.47},{"type":"U","date":"2018-04-10T05:45:17.000Z","volume":1000,"label":"X","price":7.465},{"type":"A","date":"2018-04-10T05:45:17.000Z","volume":1000,"label":" ","price":7.47},{"type":"U","date":"2018-04-10T05:45:21.000Z","volume":1000,"label":"X","price":7.47},{"type":"U","date":"2018-04-10T05:45:42.000Z","volume":1000,"label":"X","price":7.47},{"type":"U","date":"2018-04-10T05:45:57.000Z","volume":1000,"label":"X","price":7.47},{"type":"U","date":"2018-04-10T05:45:57.000Z","volume":1000,"label":"X","price":7.47},{"type":"U","date":"2018-04-10T05:45:59.000Z","volume":1000,"label":"X","price":7.47},{"type":"U","date":"2018-04-10T05:46:42.000Z","volume":1000,"label":"X","price":7.475},{"type":"U","date":"2018-04-10T05:46:56.000Z","volume":1000,"label":"X","price":7.475},{"type":"A","date":"2018-04-10T05:46:56.000Z","volume":5000,"label":" ","price":7.48},{"type":"U","date":"2018-04-10T05:47:27.000Z","volume":1000,"label":"X","price":7.475},{"type":"U","date":"2018-04-10T05:47:38.000Z","volume":1000,"label":"X","price":7.475},{"type":"U","date":"2018-04-10T05:48:10.000Z","volume":1000,"label":"X","price":7.475},{"type":"U","date":"2018-04-10T05:48:11.000Z","volume":1000,"label":"X","price":7.475},{"type":"U","date":"2018-04-10T05:48:52.000Z","volume":1000,"label":"X","price":7.475},{"type":"U","date":"2018-04-10T05:49:04.000Z","volume":1000,"label":"X","price":7.475},{"type":"A","date":"2018-04-10T05:49:17.000Z","volume":1000,"label":" ","price":7.48},{"type":"A","date":"2018-04-10T05:49:25.000Z","volume":1000,"label":"Y","price":7.48},{"type":"A","date":"2018-04-10T05:49:31.000Z","volume":3000,"label":" ","price":7.48},{"type":"U","date":"2018-04-10T05:49:37.000Z","volume":1000,"label":"X","price":7.475},{"type":"U","date":"2018-04-10T05:49:53.000Z","volume":1000,"label":"X","price":7.475},{"type":"U","date":"2018-04-10T05:50:21.000Z","volume":1000,"label":"X","price":7.475},{"type":"U","date":"2018-04-10T05:50:27.000Z","volume":1000,"label":"X","price":7.475},{"type":"U","date":"2018-04-10T05:50:32.000Z","volume":1000,"label":"X","price":7.475},{"type":"U","date":"2018-04-10T05:51:10.000Z","volume":1000,"label":"X","price":7.475},{"type":"U","date":"2018-04-10T05:51:17.000Z","volume":1000,"label":"X","price":7.475},{"type":"U","date":"2018-04-10T05:51:48.000Z","volume":1000,"label":"X","price":7.475},{"type":"U","date":"2018-04-10T05:52:02.000Z","volume":1000,"label":"X","price":7.475},{"type":"U","date":"2018-04-10T05:52:07.000Z","volume":1000,"label":"X","price":7.475},{"type":"B","date":"2018-04-10T05:52:13.000Z","volume":6000,"label":"Y","price":7.47},{"type":"B","date":"2018-04-10T05:52:13.000Z","volume":51000,"label":" ","price":7.47},{"type":"B","date":"2018-04-10T05:52:13.000Z","volume":2000,"label":" ","price":7.47},{"type":"A","date":"2018-04-10T05:52:14.000Z","volume":1000,"label":" ","price":7.47},{"type":"B","date":"2018-04-10T05:52:17.000Z","volume":4000,"label":" ","price":7.47},{"type":"U","date":"2018-04-10T05:52:19.000Z","volume":5000,"label":"X","price":7.465},{"type":"U","date":"2018-04-10T05:52:19.000Z","volume":1000,"label":"X","price":7.465},{"type":"A","date":"2018-04-10T05:52:20.000Z","volume":1000,"label":" ","price":7.47},{"type":"B","date":"2018-04-10T05:52:22.000Z","volume":1000,"label":" ","price":7.46},{"type":"B","date":"2018-04-10T05:52:26.000Z","volume":1000,"label":" ","price":7.46},{"type":"U","date":"2018-04-10T05:52:47.000Z","volume":1000,"label":"X","price":7.47},{"type":"U","date":"2018-04-10T05:53:04.000Z","volume":1000,"label":"X","price":7.47},{"type":"U","date":"2018-04-10T05:53:20.000Z","volume":1000,"label":"X","price":7.47},{"type":"U","date":"2018-04-10T05:53:32.000Z","volume":1000,"label":"X","price":7.47},{"type":"U","date":"2018-04-10T05:53:57.000Z","volume":1000,"label":"X","price":7.47},{"type":"U","date":"2018-04-10T05:53:59.000Z","volume":1000,"label":"X","price":7.47},{"type":"A","date":"2018-04-10T05:54:17.000Z","volume":1000,"label":"Y","price":7.47},{"type":"A","date":"2018-04-10T05:54:17.000Z","volume":2000,"label":" ","price":7.47},{"type":"A","date":"2018-04-10T05:54:17.000Z","volume":1000,"label":"Y","price":7.47},{"type":"U","date":"2018-04-10T05:54:17.000Z","volume":1000,"label":"X","price":7.465},{"type":"A","date":"2018-04-10T05:54:17.000Z","volume":1000,"label":" ","price":7.47},{"type":"U","date":"2018-04-10T05:54:57.000Z","volume":1000,"label":"X","price":7.475},{"type":"U","date":"2018-04-10T05:55:15.000Z","volume":1000,"label":"X","price":7.475},{"type":"B","date":"2018-04-10T05:55:16.000Z","volume":1000,"label":" ","price":7.47},{"type":"A","date":"2018-04-10T05:55:22.000Z","volume":2000,"label":" ","price":7.48},{"type":"U","date":"2018-04-10T05:55:27.000Z","volume":1000,"label":"X","price":7.475},{"type":"B","date":"2018-04-10T05:55:32.000Z","volume":1000,"label":" ","price":7.47},{"type":"U","date":"2018-04-10T05:55:45.000Z","volume":1000,"label":"X","price":7.475},{"type":"U","date":"2018-04-10T05:56:12.000Z","volume":1000,"label":"X","price":7.475},{"type":"U","date":"2018-04-10T05:56:35.000Z","volume":1000,"label":"X","price":7.475},{"type":"U","date":"2018-04-10T05:56:57.000Z","volume":1000,"label":"X","price":7.475},{"type":"U","date":"2018-04-10T05:57:12.000Z","volume":1000,"label":"X","price":7.475},{"type":"U","date":"2018-04-10T05:57:42.000Z","volume":1000,"label":"X","price":7.475},{"type":"U","date":"2018-04-10T05:57:42.000Z","volume":1000,"label":"X","price":7.475},{"type":"A","date":"2018-04-10T05:57:58.000Z","volume":3000,"label":" ","price":7.48},{"type":"A","date":"2018-04-10T05:57:59.000Z","volume":2000,"label":" ","price":7.48},{"type":"A","date":"2018-04-10T05:58:19.000Z","volume":2000,"label":" ","price":7.48},{"type":"U","date":"2018-04-10T05:58:22.000Z","volume":1000,"label":"X","price":7.475},{"type":"U","date":"2018-04-10T05:58:23.000Z","volume":1000,"label":"X","price":7.475},{"type":"U","date":"2018-04-10T05:58:35.000Z","volume":1000,"label":"X","price":7.475},{"type":"U","date":"2018-04-10T05:59:02.000Z","volume":1000,"label":"X","price":7.475},{"type":"U","date":"2018-04-10T05:59:08.000Z","volume":1000,"label":"X","price":7.475},{"type":"U","date":"2018-04-10T05:59:34.000Z","volume":1000,"label":"X","price":7.475},{"type":"U","date":"2018-04-10T05:59:51.000Z","volume":1000,"label":"X","price":7.475},{"type":"U","date":"2018-04-10T05:59:53.000Z","volume":1000,"label":"X","price":7.475},{"type":"A","date":"2018-04-10T06:00:22.000Z","volume":3000,"label":" ","price":7.48},{"type":"U","date":"2018-04-10T06:00:27.000Z","volume":1000,"label":"X","price":7.475},{"type":"A","date":"2018-04-10T06:00:35.000Z","volume":1000,"label":" ","price":7.48},{"type":"A","date":"2018-04-10T06:00:35.000Z","volume":5000,"label":" ","price":7.48},{"type":"A","date":"2018-04-10T06:00:39.000Z","volume":1000,"label":" ","price":7.48},{"type":"B","date":"2018-04-10T06:00:39.000Z","volume":2000,"label":" ","price":7.47},{"type":"A","date":"2018-04-10T06:00:50.000Z","volume":1000,"label":" ","price":7.48},{"type":"U","date":"2018-04-10T06:00:57.000Z","volume":1000,"label":"X","price":7.475},{"type":"U","date":"2018-04-10T06:01:02.000Z","volume":1000,"label":"X","price":7.475},{"type":"A","date":"2018-04-10T06:01:22.000Z","volume":1000,"label":" ","price":7.48},{"type":"U","date":"2018-04-10T06:01:27.000Z","volume":1000,"label":"X","price":7.475},{"type":"U","date":"2018-04-10T06:01:42.000Z","volume":1000,"label":"X","price":7.475},{"type":"U","date":"2018-04-10T06:02:17.000Z","volume":1000,"label":"X","price":7.475},{"type":"U","date":"2018-04-10T06:02:22.000Z","volume":1000,"label":"X","price":7.475},{"type":"A","date":"2018-04-10T06:02:33.000Z","volume":4000,"label":" ","price":7.48},{"type":"A","date":"2018-04-10T06:02:37.000Z","volume":1000,"label":" ","price":7.48},{"type":"U","date":"2018-04-10T06:03:04.000Z","volume":1000,"label":"X","price":7.475},{"type":"U","date":"2018-04-10T06:03:07.000Z","volume":1000,"label":"X","price":7.475},{"type":"A","date":"2018-04-10T06:03:12.000Z","volume":1000,"label":" ","price":7.48},{"type":"B","date":"2018-04-10T06:03:12.000Z","volume":2000,"label":" ","price":7.47},{"type":"U","date":"2018-04-10T06:03:27.000Z","volume":1000,"label":"X","price":7.475},{"type":"U","date":"2018-04-10T06:03:27.000Z","volume":1000,"label":"X","price":7.475},{"type":"A","date":"2018-04-10T06:03:28.000Z","volume":1000,"label":"Y","price":7.48},{"type":"A","date":"2018-04-10T06:03:28.000Z","volume":1000,"label":" ","price":7.48},{"type":"B","date":"2018-04-10T06:03:30.000Z","volume":1000,"label":" ","price":7.47},{"type":"A","date":"2018-04-10T06:03:30.000Z","volume":4000,"label":" ","price":7.48},{"type":"A","date":"2018-04-10T06:03:32.000Z","volume":1000,"label":" ","price":7.48},{"type":"A","date":"2018-04-10T06:03:43.000Z","volume":1000,"label":" ","price":7.48},{"type":"U","date":"2018-04-10T06:03:52.000Z","volume":1000,"label":"X","price":7.475},{"type":"U","date":"2018-04-10T06:04:18.000Z","volume":1000,"label":"X","price":7.475},{"type":"U","date":"2018-04-10T06:04:37.000Z","volume":1000,"label":"X","price":7.475},{"type":"U","date":"2018-04-10T06:05:20.000Z","volume":1000,"label":"X","price":7.475},{"type":"B","date":"2018-04-10T06:05:28.000Z","volume":80000,"label":" ","price":7.47},{"type":"B","date":"2018-04-10T06:05:28.000Z","volume":1000,"label":" ","price":7.47},{"type":"B","date":"2018-04-10T06:05:28.000Z","volume":3000,"label":" ","price":7.47},{"type":"B","date":"2018-04-10T06:05:28.000Z","volume":1000,"label":" ","price":7.47},{"type":"A","date":"2018-04-10T06:05:31.000Z","volume":1000,"label":" ","price":7.48},{"type":"B","date":"2018-04-10T06:05:32.000Z","volume":6000,"label":" ","price":7.47},{"type":"A","date":"2018-04-10T06:05:32.000Z","volume":2000,"label":" ","price":7.47},{"type":"U","date":"2018-04-10T06:05:33.000Z","volume":5000,"label":"X","price":7.465},{"type":"A","date":"2018-04-10T06:05:34.000Z","volume":1000,"label":" ","price":7.47},{"type":"U","date":"2018-04-10T06:05:34.000Z","volume":1000,"label":"X","price":7.465},{"type":"B","date":"2018-04-10T06:05:36.000Z","volume":4000,"label":" ","price":7.46},{"type":"U","date":"2018-04-10T06:05:41.000Z","volume":1000,"label":"X","price":7.465},{"type":"U","date":"2018-04-10T06:06:01.000Z","volume":1000,"label":"X","price":7.465},{"type":"U","date":"2018-04-10T06:06:17.000Z","volume":1000,"label":"X","price":7.465},{"type":"B","date":"2018-04-10T06:06:26.000Z","volume":2000,"label":" ","price":7.46},{"type":"B","date":"2018-04-10T06:06:32.000Z","volume":1000,"label":" ","price":7.46},{"type":"B","date":"2018-04-10T06:06:35.000Z","volume":40000,"label":" ","price":7.46},{"type":"B","date":"2018-04-10T06:06:35.000Z","volume":1000,"label":" ","price":7.46},{"type":"B","date":"2018-04-10T06:06:35.000Z","volume":1000,"label":" ","price":7.46},{"type":"B","date":"2018-04-10T06:06:35.000Z","volume":2000,"label":" ","price":7.45},{"type":"U","date":"2018-04-10T06:06:35.000Z","volume":1000,"label":"X","price":7.455},{"type":"U","date":"2018-04-10T06:06:35.000Z","volume":5000,"label":"X","price":7.455},{"type":"A","date":"2018-04-10T06:06:35.000Z","volume":1000,"label":" ","price":7.46},{"type":"U","date":"2018-04-10T06:06:35.000Z","volume":4000,"label":"X","price":7.46},{"type":"B","date":"2018-04-10T06:06:39.000Z","volume":6000,"label":" ","price":7.45},{"type":"B","date":"2018-04-10T06:06:40.000Z","volume":6000,"label":" ","price":7.45},{"type":"B","date":"2018-04-10T06:06:43.000Z","volume":3000,"label":" ","price":7.44},{"type":"B","date":"2018-04-10T06:06:43.000Z","volume":4000,"label":" ","price":7.43},{"type":"B","date":"2018-04-10T06:06:43.000Z","volume":1000,"label":" ","price":7.42},{"type":"A","date":"2018-04-10T06:06:43.000Z","volume":1000,"label":" ","price":7.42},{"type":"B","date":"2018-04-10T06:06:54.000Z","volume":4000,"label":" ","price":7.41},{"type":"A","date":"2018-04-10T06:06:58.000Z","volume":3000,"label":" ","price":7.41},{"type":"B","date":"2018-04-10T06:06:58.000Z","volume":5000,"label":" ","price":7.41},{"type":"A","date":"2018-04-10T06:06:59.000Z","volume":3000,"label":" ","price":7.42},{"type":"A","date":"2018-04-10T06:07:00.000Z","volume":1000,"label":" ","price":7.42},{"type":"B","date":"2018-04-10T06:07:00.000Z","volume":4000,"label":" ","price":7.42},{"type":"U","date":"2018-04-10T06:07:04.000Z","volume":5000,"label":" ","price":7.43},{"type":"B","date":"2018-04-10T06:07:08.000Z","volume":1000,"label":"Y","price":7.42},{"type":"B","date":"2018-04-10T06:07:08.000Z","volume":4000,"label":" ","price":7.42},{"type":"U","date":"2018-04-10T06:07:08.000Z","volume":1000,"label":" ","price":7.42},{"type":"B","date":"2018-04-10T06:07:08.000Z","volume":2000,"label":" ","price":7.41},{"type":"B","date":"2018-04-10T06:07:10.000Z","volume":2000,"label":" ","price":7.4},{"type":"B","date":"2018-04-10T06:07:14.000Z","volume":1000,"label":" ","price":7.4},{"type":"A","date":"2018-04-10T06:07:15.000Z","volume":1000,"label":" ","price":7.43},{"type":"B","date":"2018-04-10T06:07:19.000Z","volume":1000,"label":" ","price":7.4},{"type":"B","date":"2018-04-10T06:07:23.000Z","volume":1000,"label":"Y","price":7.4},{"type":"A","date":"2018-04-10T06:09:47.000Z","volume":1000,"label":"Y","price":7.42},{"type":"U","date":"2018-04-10T06:11:01.000Z","volume":1000,"label":"X","price":7.42},{"type":"B","date":"2018-04-10T06:11:12.000Z","volume":8000,"label":" ","price":7.42},{"type":"A","date":"2018-04-10T06:11:14.000Z","volume":1000,"label":" ","price":7.43},{"type":"B","date":"2018-04-10T06:12:58.000Z","volume":55000,"label":" ","price":7.42},{"type":"B","date":"2018-04-10T06:12:58.000Z","volume":26000,"label":" ","price":7.41},{"type":"B","date":"2018-04-10T06:12:58.000Z","volume":19000,"label":" ","price":7.4},{"type":"B","date":"2018-04-10T06:12:58.000Z","volume":1000,"label":" ","price":7.42},{"type":"A","date":"2018-04-10T06:12:58.000Z","volume":4000,"label":" ","price":7.42},{"type":"A","date":"2018-04-10T06:12:59.000Z","volume":4000,"label":"Y","price":7.42},{"type":"A","date":"2018-04-10T06:12:59.000Z","volume":7000,"label":" ","price":7.42},{"type":"B","date":"2018-04-10T06:12:59.000Z","volume":2000,"label":" ","price":7.41},{"type":"A","date":"2018-04-10T06:13:00.000Z","volume":2000,"label":" ","price":7.43},{"type":"B","date":"2018-04-10T06:13:02.000Z","volume":9000,"label":" ","price":7.41},{"type":"A","date":"2018-04-10T06:13:02.000Z","volume":1000,"label":" ","price":7.43},{"type":"B","date":"2018-04-10T06:13:18.000Z","volume":1000,"label":" ","price":7.41},{"type":"U","date":"2018-04-10T06:13:24.000Z","volume":5000,"label":"X","price":7.42},{"type":"U","date":"2018-04-10T06:13:32.000Z","volume":1000,"label":"X","price":7.42}