[{"type":"U","date":"2018-03-19T01:05:08.000Z","volume":372,"label":"P","price":43.4},{"type":"U","date":"2018-03-19T01:05:19.000Z","volume":301,"label":"P","price":43.4},{"type":"U","date":"2018-03-19T01:05:24.000Z","volume":347,"label":"P","price":43},{"type":"U","date":"2018-03-19T01:05:26.000Z","volume":8000,"label":"P","price":43.4},{"type":"U","date":"2018-03-19T01:05:26.000Z","volume":1500,"label":"P","price":43.4},{"type":"U","date":"2018-03-19T01:20:00.000Z","volume":5500,"label":"U","price":43.6},{"type":"B","date":"2018-03-19T01:30:00.000Z","volume":500,"label":" ","price":43.6},{"type":"A","date":"2018-03-19T01:30:00.000Z","volume":500,"label":" ","price":43.6},{"type":"U","date":"2018-03-19T01:30:03.000Z","volume":500,"label":" ","price":43.55},{"type":"U","date":"2018-03-19T01:30:03.000Z","volume":500,"label":" ","price":43.55},{"type":"A","date":"2018-03-19T01:35:02.000Z","volume":500,"label":" ","price":43.25},{"type":"A","date":"2018-03-19T01:38:19.000Z","volume":2000,"label":" ","price":43.25},{"type":"A","date":"2018-03-19T01:38:20.000Z","volume":500,"label":" ","price":43.35},{"type":"A","date":"2018-03-19T01:38:22.000Z","volume":500,"label":" ","price":43.45},{"type":"B","date":"2018-03-19T01:40:19.000Z","volume":4000,"label":" ","price":43.25},{"type":"B","date":"2018-03-19T01:40:19.000Z","volume":1000,"label":" ","price":43.2},{"type":"A","date":"2018-03-19T01:40:19.000Z","volume":500,"label":" ","price":43.45},{"type":"B","date":"2018-03-19T01:40:34.000Z","volume":1500,"label":" ","price":43.2},{"type":"B","date":"2018-03-19T01:41:21.000Z","volume":500,"label":" ","price":43.15},{"type":"A","date":"2018-03-19T01:43:59.000Z","volume":500,"label":" ","price":43.25},{"type":"A","date":"2018-03-19T01:45:03.000Z","volume":4500,"label":" ","price":43.25},{"type":"A","date":"2018-03-19T01:45:03.000Z","volume":500,"label":"Y","price":43.3},{"type":"A","date":"2018-03-19T01:51:17.000Z","volume":500,"label":" ","price":43.4},{"type":"B","date":"2018-03-19T01:51:24.000Z","volume":2500,"label":" ","price":43.25},{"type":"A","date":"2018-03-19T01:51:24.000Z","volume":500,"label":" ","price":43.25},{"type":"A","date":"2018-03-19T01:53:41.000Z","volume":1000,"label":" ","price":43.25},{"type":"B","date":"2018-03-19T01:59:06.000Z","volume":1000,"label":" ","price":43.3},{"type":"B","date":"2018-03-19T02:01:54.000Z","volume":4000,"label":" ","price":43.3},{"type":"B","date":"2018-03-19T02:02:30.000Z","volume":1000,"label":" ","price":43.25},{"type":"A","date":"2018-03-19T02:04:51.000Z","volume":4000,"label":" ","price":43.3},{"type":"A","date":"2018-03-19T02:04:51.000Z","volume":500,"label":" ","price":43.35},{"type":"A","date":"2018-03-19T02:04:53.000Z","volume":1000,"label":" ","price":43.35},{"type":"A","date":"2018-03-19T02:04:54.000Z","volume":500,"label":" ","price":43.4},{"type":"A","date":"2018-03-19T02:07:42.000Z","volume":1000,"label":" ","price":43.45},{"type":"A","date":"2018-03-19T02:09:54.000Z","volume":2000,"label":" ","price":43.45},{"type":"A","date":"2018-03-19T02:09:54.000Z","volume":500,"label":" ","price":43.45},{"type":"A","date":"2018-03-19T02:15:11.000Z","volume":500,"label":" ","price":43.45},{"type":"A","date":"2018-03-19T02:25:11.000Z","volume":500,"label":" ","price":43.45},{"type":"A","date":"2018-03-19T02:25:13.000Z","volume":500,"label":" ","price":43.5},{"type":"B","date":"2018-03-19T02:25:15.000Z","volume":1000,"label":" ","price":43.45},{"type":"B","date":"2018-03-19T02:25:15.000Z","volume":1000,"label":" ","price":43.45},{"type":"B","date":"2018-03-19T02:31:50.000Z","volume":1000,"label":" ","price":43.4},{"type":"A","date":"2018-03-19T02:34:03.000Z","volume":1000,"label":" ","price":43.4},{"type":"B","date":"2018-03-19T02:34:08.000Z","volume":500,"label":" ","price":43.4},{"type":"A","date":"2018-03-19T02:34:08.000Z","volume":500,"label":" ","price":43.45},{"type":"A","date":"2018-03-19T02:34:48.000Z","volume":1000,"label":" ","price":43.45},{"type":"A","date":"2018-03-19T02:36:14.000Z","volume":2500,"label":" ","price":43.45},{"type":"A","date":"2018-03-19T02:36:14.000Z","volume":500,"label":" ","price":43.45},{"type":"A","date":"2018-03-19T02:36:14.000Z","volume":500,"label":" ","price":43.45},{"type":"A","date":"2018-03-19T02:36:16.000Z","volume":500,"label":" ","price":43.45},{"type":"A","date":"2018-03-19T02:38:21.000Z","volume":2500,"label":" ","price":43.45},{"type":"A","date":"2018-03-19T02:38:21.000Z","volume":500,"label":" ","price":43.45},{"type":"A","date":"2018-03-19T02:38:22.000Z","volume":500,"label":" ","price":43.5},{"type":"A","date":"2018-03-19T02:40:32.000Z","volume":500,"label":" ","price":43.5},{"type":"A","date":"2018-03-19T02:41:02.000Z","volume":500,"label":" ","price":43.5},{"type":"A","date":"2018-03-19T02:41:02.000Z","volume":1000,"label":" ","price":43.5},{"type":"A","date":"2018-03-19T02:41:02.000Z","volume":500,"label":" ","price":43.5},{"type":"B","date":"2018-03-19T02:41:41.000Z","volume":1000,"label":" ","price":43.45},{"type":"A","date":"2018-03-19T02:41:43.000Z","volume":500,"label":" ","price":43.55},{"type":"B","date":"2018-03-19T02:46:06.000Z","volume":1000,"label":" ","price":43.45},{"type":"A","date":"2018-03-19T02:46:39.000Z","volume":1000,"label":" ","price":43.5},{"type":"A","date":"2018-03-19T02:46:39.000Z","volume":500,"label":" ","price":43.5},{"type":"B","date":"2018-03-19T02:53:48.000Z","volume":500,"label":" ","price":43.45},{"type":"B","date":"2018-03-19T03:00:26.000Z","volume":500,"label":"Y","price":43.45},{"type":"B","date":"2018-03-19T03:00:26.000Z","volume":4000,"label":" ","price":43.45},{"type":"B","date":"2018-03-19T03:00:26.000Z","volume":1000,"label":" ","price":43.4},{"type":"B","date":"2018-03-19T03:04:06.000Z","volume":1000,"label":" ","price":43.4},{"type":"A","date":"2018-03-19T03:04:06.000Z","volume":500,"label":"Y","price":43.45},{"type":"U","date":"2018-03-19T03:06:10.000Z","volume":500,"label":"X","price":43.4},{"type":"A","date":"2018-03-19T03:07:59.000Z","volume":500,"label":" ","price":43.45},{"type":"A","date":"2018-03-19T03:08:39.000Z","volume":1000,"label":" ","price":43.4},{"type":"B","date":"2018-03-19T03:24:04.000Z","volume":3500,"label":" ","price":43.35},{"type":"A","date":"2018-03-19T03:24:04.000Z","volume":500,"label":" ","price":43.35},{"type":"B","date":"2018-03-19T03:24:49.000Z","volume":3000,"label":" ","price":43.3},{"type":"A","date":"2018-03-19T03:24:50.000Z","volume":500,"label":" ","price":43.35},{"type":"B","date":"2018-03-19T03:24:50.000Z","volume":1000,"label":" ","price":43.3},{"type":"B","date":"2018-03-19T03:27:13.000Z","volume":1500,"label":" ","price":43.25},{"type":"B","date":"2018-03-19T03:27:50.000Z","volume":500,"label":" ","price":43.25},{"type":"A","date":"2018-03-19T03:27:50.000Z","volume":500,"label":" ","price":43.3},{"type":"A","date":"2018-03-19T03:27:50.000Z","volume":500,"label":" ","price":43.3},{"type":"B","date":"2018-03-19T03:29:13.000Z","volume":1000,"label":" ","price":43.25},{"type":"A","date":"2018-03-19T03:29:13.000Z","volume":500,"label":" ","price":43.25},{"type":"A","date":"2018-03-19T03:29:26.000Z","volume":500,"label":" ","price":43.25},{"type":"A","date":"2018-03-19T03:31:05.000Z","volume":24500,"label":" ","price":43.25},{"type":"A","date":"2018-03-19T03:31:05.000Z","volume":1000,"label":"Y","price":43.3},{"type":"A","date":"2018-03-19T03:31:05.000Z","volume":500,"label":" ","price":43.3},{"type":"A","date":"2018-03-19T03:31:07.000Z","volume":1000,"label":" ","price":43.4},{"type":"U","date":"2018-03-19T03:31:07.000Z","volume":1000,"label":" ","price":43.4},{"type":"A","date":"2018-03-19T03:31:08.000Z","volume":500,"label":" ","price":43.45},{"type":"A","date":"2018-03-19T03:31:08.000Z","volume":2000,"label":" ","price":43.45},{"type":"A","date":"2018-03-19T03:32:15.000Z","volume":500,"label":" ","price":43.4},{"type":"A","date":"2018-03-19T03:33:56.000Z","volume":3000,"label":" ","price":43.4},{"type":"A","date":"2018-03-19T03:33:57.000Z","volume":500,"label":" ","price":43.4},{"type":"A","date":"2018-03-19T03:33:57.000Z","volume":500,"label":" ","price":43.4},{"type":"B","date":"2018-03-19T03:37:33.000Z","volume":1000,"label":" ","price":43.35},{"type":"B","date":"2018-03-19T03:40:36.000Z","volume":500,"label":" ","price":43.35},{"type":"B","date":"2018-03-19T03:42:23.000Z","volume":1000,"label":" ","price":43.4},{"type":"A","date":"2018-03-19T03:42:25.000Z","volume":500,"label":" ","price":43.45},{"type":"B","date":"2018-03-19T03:42:36.000Z","volume":1000,"label":" ","price":43.4},{"type":"A","date":"2018-03-19T03:42:38.000Z","volume":500,"label":" ","price":43.45},{"type":"B","date":"2018-03-19T03:48:56.000Z","volume":500,"label":" ","price":43.4},{"type":"B","date":"2018-03-19T03:48:56.000Z","volume":1000,"label":" ","price":43.4},{"type":"B","date":"2018-03-19T03:59:53.000Z","volume":1500,"label":" ","price":43.4},{"type":"A","date":"2018-03-19T03:59:54.000Z","volume":500,"label":" ","price":43.4},{"type":"B","date":"2018-03-19T05:00:00.000Z","volume":2500,"label":" ","price":43.35},{"type":"B","date":"2018-03-19T05:00:10.000Z","volume":500,"label":" ","price":43.35},{"type":"B","date":"2018-03-19T05:00:10.000Z","volume":1000,"label":" ","price":43.35},{"type":"A","date":"2018-03-19T05:00:10.000Z","volume":500,"label":" ","price":43.45},{"type":"A","date":"2018-03-19T05:01:23.000Z","volume":500,"label":" ","price":43.45},{"type":"B","date":"2018-03-19T05:05:50.000Z","volume":500,"label":" ","price":43.3},{"type":"A","date":"2018-03-19T05:06:32.000Z","volume":500,"label":" ","price":43.4},{"type":"A","date":"2018-03-19T05:06:34.000Z","volume":500,"label":" ","price":43.4},{"type":"U","date":"2018-03-19T05:07:11.000Z","volume":439,"label":"D","price":43.65},{"type":"B","date":"2018-03-19T05:14:20.000Z","volume":500,"label":" ","price":43.3},{"type":"B","date":"2018-03-19T05:22:40.000Z","volume":500,"label":" ","price":43.3},{"type":"A","date":"2018-03-19T05:28:38.000Z","volume":500,"label":" ","price":43.35},{"type":"B","date":"2018-03-19T05:28:43.000Z","volume":2000,"label":" ","price":43.3},{"type":"B","date":"2018-03-19T05:28:43.000Z","volume":1500,"label":" ","price":43.3},{"type":"A","date":"2018-03-19T05:28:43.000Z","volume":500,"label":"Y","price":43.35},{"type":"B","date":"2018-03-19T05:31:00.000Z","volume":500,"label":" ","price":43.3},{"type":"A","date":"2018-03-19T05:31:30.000Z","volume":500,"label":" ","price":43.35},{"type":"U","date":"2018-03-19T05:32:09.000Z","volume":500,"label":"X","price":43.325},{"type":"B","date":"2018-03-19T05:34:23.000Z","volume":1000,"label":" ","price":43.3},{"type":"B","date":"2018-03-19T05:34:23.000Z","volume":500,"label":" ","price":43.25},{"type":"B","date":"2018-03-19T05:39:20.000Z","volume":500,"label":" ","price":43.2},{"type":"B","date":"2018-03-19T05:40:19.000Z","volume":7000,"label":"Y","price":43.2},{"type":"B","date":"2018-03-19T05:40:19.000Z","volume":9500,"label":" ","price":43.2},{"type":"A","date":"2018-03-19T05:40:20.000Z","volume":500,"label":" ","price":43.2},{"type":"A","date":"2018-03-19T05:47:06.000Z","volume":9000,"label":" ","price":43.2},{"type":"A","date":"2018-03-19T05:47:06.000Z","volume":500,"label":" ","price":43.2},{"type":"A","date":"2018-03-19T05:47:07.000Z","volume":500,"label":"Y","price":43.25},{"type":"A","date":"2018-03-19T05:47:07.000Z","volume":500,"label":" ","price":43.25},{"type":"A","date":"2018-03-19T05:47:08.000Z","volume":500,"label":" ","price":43.3},{"type":"A","date":"2018-03-19T05:47:10.000Z","volume":500,"label":" ","price":43.4},{"type":"U","date":"2018-03-19T05:48:43.000Z","volume":500,"label":"X","price":43.325},{"type":"A","date":"2018-03-19T05:54:44.000Z","volume":500,"label":" ","price":43.4},{"type":"A","date":"2018-03-19T05:54:46.000Z","volume":500,"label":" ","price":43.4},{"type":"B","date":"2018-03-19T05:56:10.000Z","volume":500,"label":" ","price":43.25},{"type":"A","date":"2018-03-19T05:56:53.000Z","volume":500,"label":" ","price":43.4},{"type":"A","date":"2018-03-19T06:03:44.000Z","volume":500,"label":" ","price":43.4},{"type":"A","date":"2018-03-19T06:03:45.000Z","volume":500,"label":" ","price":43.4},{"type":"A","date":"2018-03-19T06:04:33.000Z","volume":500,"label":" ","price":43.4},{"type":"B","date":"2018-03-19T06:04:40.000Z","volume":500,"label":" ","price":43.25},{"type":"A","date":"2018-03-19T06:04:44.000Z","volume":500,"label":" ","price":43.4},{"type":"B","date":"2018-03-19T06:13:00.000Z","volume":500,"label":" ","price":43.25},{"type":"B","date":"2018-03-19T06:15:52.000Z","volume":500,"label":" ","price":43.3},{"type":"A","date":"2018-03-19T06:15:56.000Z","volume":500,"label":" ","price":43.4},{"type":"A","date":"2018-03-19T06:16:16.000Z","volume":500,"label":" ","price":43.4},{"type":"A","date":"2018-03-19T06:18:38.000Z","volume":500,"label":" ","price":43.4},{"type":"A","date":"2018-03-19T06:18:38.000Z","volume":500,"label":" ","price":43.4},{"type":"A","date":"2018-03-19T06:18:41.000Z","volume":500,"label":" ","price":43.4},{"type":"B","date":"2018-03-19T06:20:20.000Z","volume":500,"label":" ","price":43.35},{"type":"A","date":"2018-03-19T06:20:20.000Z","volume":500,"label":" ","price":43.4},{"type":"A","date":"2018-03-19T06:22:46.000Z","volume":500,"label":" ","price":43.45},{"type":"B","date":"2018-03-19T06:29:50.000Z","volume":500,"label":" ","price":43.35},{"type":"U","date":"2018-03-19T06:30:05.000Z","volume":500,"label":"X","price":43.35},{"type":"A","date":"2018-03-19T06:33:53.000Z","volume":500,"label":" ","price":43.4},{"type":"A","date":"2018-03-19T06:33:56.000Z","volume":500,"label":" ","price":43.4},{"type":"B","date":"2018-03-19T06:37:06.000Z","volume":500,"label":" ","price":43.35},{"type":"A","date":"2018-03-19T06:37:30.000Z","volume":500,"label":" ","price":43.4},{"type":"B","date":"2018-03-19T06:38:20.000Z","volume":500,"label":" ","price":43.35},{"type":"A","date":"2018-03-19T06:38:22.000Z","volume":500,"label":" ","price":43.4},{"type":"A","date":"2018-03-19T06:38:32.000Z","volume":500,"label":" ","price":43.4},{"type":"A","date":"2018-03-19T06:38:38.000Z","volume":500,"label":" ","price":43.4},{"type":"B","date":"2018-03-19T06:41:36.000Z","volume":2500,"label":" ","price":43.35},{"type":"U","date":"2018-03-19T06:41:36.000Z","volume":500,"label":"X","price":43.35},{"type":"A","date":"2018-03-19T06:41:36.000Z","volume":1000,"label":" ","price":43.4},{"type":"A","date":"2018-03-19T06:41:39.000Z","volume":500,"label":" ","price":43.4},{"type":"A","date":"2018-03-19T06:42:57.000Z","volume":500,"label":" ","price":43.4},{"type":"B","date":"2018-03-19T06:44:11.000Z","volume":2000,"label":"Y","price":43.35},{"type":"B","date":"2018-03-19T06:44:11.000Z","volume":8500,"label":" ","price":43.35},{"type":"A","date":"2018-03-19T06:44:11.000Z","volume":500,"label":" ","price":43.35},{"type":"A","date":"2018-03-19T06:44:16.000Z","volume":1000,"label":" ","price":43.35},{"type":"A","date":"2018-03-19T06:44:16.000Z","volume":500,"label":" ","price":43.35},{"type":"B","date":"2018-03-19T06:46:40.000Z","volume":500,"label":" ","price":43.3},{"type":"B","date":"2018-03-19T06:55:10.000Z","volume":500,"label":" ","price":43.3},{"type":"A","date":"2018-03-19T07:01:21.000Z","volume":500,"label":" ","price":43.35},{"type":"B","date":"2018-03-19T07:03:30.000Z","volume":500,"label":" ","price":43.3},{"type":"A","date":"2018-03-19T07:03:53.000Z","volume":500,"label":" ","price":43.35},{"type":"A","date":"2018-03-19T07:06:56.000Z","volume":500,"label":"Y","price":43.35},{"type":"B","date":"2018-03-19T07:06:58.000Z","volume":500,"label":" ","price":43.3},{"type":"B","date":"2018-03-19T07:09:15.000Z","volume":1000,"label":" ","price":43.3},{"type":"A","date":"2018-03-19T07:09:47.000Z","volume":500,"label":" ","price":43.35},{"type":"A","date":"2018-03-19T07:11:30.000Z","volume":500,"label":" ","price":43.35},{"type":"B","date":"2018-03-19T07:12:00.000Z","volume":500,"label":" ","price":43.3},{"type":"U","date":"2018-03-19T07:13:47.000Z","volume":500,"label":"X","price":43.325},{"type":"B","date":"2018-03-19T07:14:26.000Z","volume":2000,"label":" ","price":43.3},{"type":"A","date":"2018-03-19T07:14:28.000Z","volume":500,"label":" ","price":43.35},{"type":"B","date":"2018-03-19T07:15:18.000Z","volume":500,"label":" ","price":43.3},{"type":"A","date":"2018-03-19T07:17:04.000Z","volume":500,"label":" ","price":43.35},{"type":"A","date":"2018-03-19T07:17:07.000Z","volume":500,"label":" ","price":43.35},{"type":"B","date":"2018-03-19T07:19:10.000Z","volume":1000,"label":" ","price":43.3},{"type":"B","date":"2018-03-19T07:19:45.000Z","volume":5500,"label":" ","price":43.3},{"type":"B","date":"2018-03-19T07:19:45.000Z","volume":1000,"label":" ","price":43.3},{"type":"B","date":"2018-03-19T07:20:20.000Z","volume":500,"label":" ","price":43.25},{"type":"A","date":"2018-03-19T07:26:08.000Z","volume":500,"label":" ","price":43.35},{"type":"B","date":"2018-03-19T07:28:40.000Z","volume":500,"label":" ","price":43.25},{"type":"A","date":"2018-03-19T07:32:06.000Z","volume":500,"label":" ","price":43.35},{"type":"A","date":"2018-03-19T07:32:08.000Z","volume":500,"label":" ","price":43.35},{"type":"U","date":"2018-03-19T07:33:14.000Z","volume":500,"label":" ","price":43.3},{"type":"A","date":"2018-03-19T07:33:18.000Z","volume":2500,"label":" ","price":43.3},{"type":"A","date":"2018-03-19T07:33:19.000Z","volume":500,"label":" ","price":43.3},{"type":"A","date":"2018-03-19T07:33:22.000Z","volume":2500,"label":" ","price":43.3},{"type":"A","date":"2018-03-19T07:33:22.000Z","volume":500,"label":" ","price":43.35},{"type":"A","date":"2018-03-19T07:33:24.000Z","volume":500,"label":" ","price":43.35},{"type":"B","date":"2018-03-19T07:34:04.000Z","volume":10000,"label":" ","price":43.25},{"type":"A","date":"2018-03-19T07:34:05.000Z","volume":500,"label":" ","price":43.4},{"type":"A","date":"2018-03-19T07:34:06.000Z","volume":500,"label":" ","price":43.4},{"type":"U","date":"2018-03-19T07:34:10.000Z","volume":500,"label":" ","price":43.3},{"type":"A","date":"2018-03-19T07:36:18.000Z","volume":4000,"label":"Y","price":43.4},{"type":"A","date":"2018-03-19T07:36:21.000Z","volume":500,"label":" ","price":43.4},{"type":"A","date":"2018-03-19T07:36:21.000Z","volume":500,"label":" ","price":43.4},{"type":"A","date":"2018-03-19T07:37:02.000Z","volume":6500,"label":" ","price":43.3},{"type":"A","date":"2018-03-19T07:37:02.000Z","volume":500,"label":" ","price":43.35},{"type":"A","date":"2018-03-19T07:37:02.000Z","volume":1000,"label":" ","price":43.4},{"type":"A","date":"2018-03-19T07:37:04.000Z","volume":500,"label":" ","price":43.5},{"type":"A","date":"2018-03-19T07:37:04.000Z","volume":1000,"label":" ","price":43.5},{"type":"A","date":"2018-03-19T07:42:08.000Z","volume":500,"label":" ","price":43.45},{"type":"U","date":"2018-03-19T07:43:16.000Z","volume":500,"label":"X","price":43.3},{"type":"A","date":"2018-03-19T07:43:48.000Z","volume":500,"label":" ","price":43.45},{"type":"U","date":"2018-03-19T07:44:21.000Z","volume":500,"label":"X","price":43.45},{"type":"U","date":"2018-03-19T07:45:22.000Z","volume":500,"label":"X","price":43.45},{"type":"B","date":"2018-03-19T07:45:30.000Z","volume":500,"label":" ","price":43.35},{"type":"A","date":"2018-03-19T07:45:33.000Z","volume":500,"label":" ","price":43.45},{"type":"A","date":"2018-03-19T07:45:59.000Z","volume":500,"label":" ","price":43.45},{"type":"B","date":"2018-03-19T07:46:52.000Z","volume":500,"label":" ","price":43.35},{"type":"A","date":"2018-03-19T07:47:30.000Z","volume":500,"label":" ","price":43.45},{"type":"A","date":"2018-03-19T07:47:31.000Z","volume":500,"label":" ","price":43.45},{"type":"U","date":"2018-03-19T07:48:57.000Z","volume":500,"label":"X","price":43.45},{"type":"A","date":"2018-03-19T07:49:19.000Z","volume":1000,"label":"Y","price":43.45},{"type":"A","date":"2018-03-19T07:49:19.000Z","volume":1000,"label":" ","price":43.45},{"type":"A","date":"2018-03-19T07:50:02.000Z","volume":500,"label":"Y","price":43.45},{"type":"A","date":"2018-03-19T07:50:03.000Z","volume":500,"label":" ","price":43.45},{"type":"A","date":"2018-03-19T07:50:19.000Z","volume":1000,"label":" ","price":43.45},{"type":"U","date":"2018-03-19T07:50:26.000Z","volume":500,"label":"X","price":43.5},{"type":"A","date":"2018-03-19T07:52:50.000Z","volume":1000,"label":" ","price":43.5},{"type":"A","date":"2018-03-19T07:52:50.000Z","volume":500,"label":" ","price":43.5},{"type":"A","date":"2018-03-19T07:53:50.000Z","volume":1000,"label":" ","price":43.5},{"type":"U","date":"2018-03-19T07:53:51.000Z","volume":500,"label":"X","price":43.5},{"type":"A","date":"2018-03-19T07:54:20.000Z","volume":1000,"label":" ","price":43.5},{"type":"A","date":"2018-03-19T07:54:24.000Z","volume":500,"label":" ","price":43.5},{"type":"A","date":"2018-03-19T07:54:36.000Z","volume":1000,"label":" ","price":43.5},{"type":"A","date":"2018-03-19T07:54:50.000Z","volume":1000,"label":" ","price":43.5},{"type":"U","date":"2018-03-19T07:54:50.000Z","volume":500,"label":"X","price":43.5},{"type":"A","date":"2018-03-19T07:54:51.000Z","volume":500,"label":" ","price":43.5},{"type":"A","date":"2018-03-19T07:55:38.000Z","volume":500,"label":" ","price":43.45},{"type":"A","date":"2018-03-19T07:55:50.000Z","volume":1000,"label":" ","price":43.45},{"type":"U","date":"2018-03-19T07:55:50.000Z","volume":500,"label":"X","price":43.45},{"type":"A","date":"2018-03-19T07:56:07.000Z","volume":500,"label":" ","price":43.45},{"type":"A","date":"2018-03-19T07:56:09.000Z","volume":500,"label":" ","price":43.45},{"type":"A","date":"2018-03-19T07:56:09.000Z","volume":500,"label":" ","price":43.45},{"type":"A","date":"2018-03-19T07:56:20.000Z","volume":1000,"label":" ","price":43.45},{"type":"A","date":"2018-03-19T07:56:23.000Z","volume":500,"label":" ","price":43.45},{"type":"A","date":"2018-03-19T07:56:23.000Z","volume":500,"label":" ","price":43.45},{"type":"A","date":"2018-03-19T07:56:50.000Z","volume":1000,"label":" ","price":43.45},{"type":"U","date":"2018-03-19T07:57:21.000Z","volume":500,"label":"X","price":43.45},{"type":"A","date":"2018-03-19T07:57:21.000Z","volume":500,"label":" ","price":43.45},{"type":"B","date":"2018-03-19T07:57:26.000Z","volume":7500,"label":" ","price":43.4},{"type":"A","date":"2018-03-19T07:57:27.000Z","volume":500,"label":" ","price":43.5},{"type":"A","date":"2018-03-19T07:57:53.000Z","volume":5000,"label":" ","price":43.5},{"type":"A","date":"2018-03-19T07:57:53.000Z","volume":500,"label":" ","price":43.5},{"type":"U","date":"2018-03-19T07:57:53.000Z","volume":500,"label":" ","price":43.5},{"type":"B","date":"2018-03-19T07:58:30.000Z","volume":500,"label":" ","price":43.35},{"type":"B","date":"2018-03-19T07:59:07.000Z","volume":500,"label":" ","price":43.3},{"type":"A","date":"2018-03-19T07:59:22.000Z","volume":1000,"label":" ","price":43.4},{"type":"A","date":"2018-03-19T07:59:22.000Z","volume":500,"label":" ","price":43.45},{"type":"A","date":"2018-03-19T07:59:50.000Z","volume":500,"label":" ","price":43.45},{"type":"B","date":"2018-03-19T07:59:51.000Z","volume":3000,"label":" ","price":43.3},{"type":"A","date":"2018-03-19T07:59:52.000Z","volume":500,"label":" ","price":43.5},{"type":"A","date":"2018-03-19T07:59:54.000Z","volume":500,"label":" ","price":43.5},{"type":"A","date":"2018-03-19T07:59:55.000Z","volume":1500,"label":" ","price":43.5},{"type":"A","date":"2018-03-19T07:59:56.000Z","volume":500,"label":" ","price":43.5},{"type":"U","date":"2018-03-19T08:08:17.000Z","volume":90500,"label":"U","price":43.55}]