[{"type":"A","date":"2018-03-21T01:38:13.000Z","volume":200000,"label":" ","price":0.28},{"type":"B","date":"2018-03-21T01:41:19.000Z","volume":100000,"label":" ","price":0.28},{"type":"A","date":"2018-03-21T01:42:10.000Z","volume":60000,"label":" ","price":0.28},{"type":"B","date":"2018-03-21T01:46:20.000Z","volume":40000,"label":" ","price":0.28},{"type":"A","date":"2018-03-21T01:47:17.000Z","volume":60000,"label":" ","price":0.28},{"type":"A","date":"2018-03-21T01:47:35.000Z","volume":20000,"label":" ","price":0.28},{"type":"B","date":"2018-03-21T02:00:13.000Z","volume":200000,"label":" ","price":0.28},{"type":"B","date":"2018-03-21T02:02:29.000Z","volume":100000,"label":" ","price":0.28},{"type":"A","date":"2018-03-21T02:17:58.000Z","volume":20000,"label":" ","price":0.285},{"type":"B","date":"2018-03-21T02:19:22.000Z","volume":340000,"label":" ","price":0.28},{"type":"A","date":"2018-03-21T02:39:18.000Z","volume":20000,"label":" ","price":0.28},{"type":"A","date":"2018-03-21T02:39:56.000Z","volume":200000,"label":" ","price":0.28},{"type":"A","date":"2018-03-21T02:39:56.000Z","volume":140000,"label":" ","price":0.28},{"type":"B","date":"2018-03-21T02:59:36.000Z","volume":100000,"label":" ","price":0.28},{"type":"B","date":"2018-03-21T03:08:21.000Z","volume":20000,"label":" ","price":0.28},{"type":"B","date":"2018-03-21T03:10:57.000Z","volume":100000,"label":" ","price":0.28},{"type":"A","date":"2018-03-21T03:23:47.000Z","volume":20000,"label":" ","price":0.285},{"type":"B","date":"2018-03-21T03:27:18.000Z","volume":60000,"label":" ","price":0.28},{"type":"B","date":"2018-03-21T03:38:54.000Z","volume":100000,"label":" ","price":0.28},{"type":"U","date":"2018-03-21T05:07:41.000Z","volume":10000,"label":"D","price":0.26},{"type":"A","date":"2018-03-21T05:30:19.000Z","volume":20000,"label":" ","price":0.28},{"type":"B","date":"2018-03-21T05:32:14.000Z","volume":200000,"label":" ","price":0.275},{"type":"B","date":"2018-03-21T05:36:40.000Z","volume":80000,"label":"Y","price":0.275},{"type":"B","date":"2018-03-21T05:37:38.000Z","volume":120000,"label":" ","price":0.275},{"type":"A","date":"2018-03-21T05:54:15.000Z","volume":20000,"label":" ","price":0.28},{"type":"B","date":"2018-03-21T06:02:23.000Z","volume":200000,"label":" ","price":0.275},{"type":"A","date":"2018-03-21T06:02:31.000Z","volume":180000,"label":" ","price":0.28},{"type":"A","date":"2018-03-21T06:07:21.000Z","volume":20000,"label":" ","price":0.28},{"type":"A","date":"2018-03-21T06:07:51.000Z","volume":20000,"label":" ","price":0.28},{"type":"B","date":"2018-03-21T06:08:20.000Z","volume":40000,"label":" ","price":0.28},{"type":"A","date":"2018-03-21T06:08:41.000Z","volume":60000,"label":" ","price":0.28},{"type":"A","date":"2018-03-21T06:09:26.000Z","volume":40000,"label":" ","price":0.28},{"type":"A","date":"2018-03-21T06:28:40.000Z","volume":300000,"label":" ","price":0.28},{"type":"B","date":"2018-03-21T06:33:27.000Z","volume":600000,"label":" ","price":0.28},{"type":"B","date":"2018-03-21T06:33:27.000Z","volume":100000,"label":" ","price":0.28},{"type":"B","date":"2018-03-21T06:43:22.000Z","volume":160000,"label":" ","price":0.275},{"type":"B","date":"2018-03-21T06:43:22.000Z","volume":3140000,"label":" ","price":0.27},{"type":"B","date":"2018-03-21T06:44:16.000Z","volume":2000000,"label":" ","price":0.27},{"type":"A","date":"2018-03-21T06:44:36.000Z","volume":8000000,"label":" ","price":0.27},{"type":"B","date":"2018-03-21T06:45:20.000Z","volume":1180000,"label":" ","price":0.27},{"type":"A","date":"2018-03-21T06:45:28.000Z","volume":200000,"label":" ","price":0.27},{"type":"A","date":"2018-03-21T06:45:43.000Z","volume":8000000,"label":" ","price":0.27},{"type":"A","date":"2018-03-21T06:45:43.000Z","volume":620000,"label":" ","price":0.27},{"type":"B","date":"2018-03-21T06:46:46.000Z","volume":1580000,"label":" ","price":0.27},{"type":"A","date":"2018-03-21T06:46:51.000Z","volume":2000000,"label":" ","price":0.27},{"type":"A","date":"2018-03-21T06:47:02.000Z","volume":100000,"label":" ","price":0.27},{"type":"A","date":"2018-03-21T06:47:03.000Z","volume":4260000,"label":" ","price":0.27},{"type":"A","date":"2018-03-21T06:47:03.000Z","volume":500000,"label":" ","price":0.27},{"type":"A","date":"2018-03-21T06:47:10.000Z","volume":600000,"label":" ","price":0.27},{"type":"A","date":"2018-03-21T06:47:10.000Z","volume":540000,"label":" ","price":0.27},{"type":"A","date":"2018-03-21T06:47:22.000Z","volume":420000,"label":" ","price":0.27},{"type":"A","date":"2018-03-21T06:49:33.000Z","volume":60000,"label":" ","price":0.275},{"type":"A","date":"2018-03-21T07:07:33.000Z","volume":80000,"label":" ","price":0.275},{"type":"A","date":"2018-03-21T07:11:12.000Z","volume":20000,"label":" ","price":0.275},{"type":"A","date":"2018-03-21T07:19:15.000Z","volume":340000,"label":" ","price":0.275},{"type":"B","date":"2018-03-21T07:19:33.000Z","volume":240000,"label":" ","price":0.275},{"type":"A","date":"2018-03-21T07:21:16.000Z","volume":60000,"label":" ","price":0.275},{"type":"A","date":"2018-03-21T07:27:56.000Z","volume":100000,"label":" ","price":0.275},{"type":"A","date":"2018-03-21T07:31:00.000Z","volume":20000,"label":" ","price":0.28},{"type":"A","date":"2018-03-21T07:37:40.000Z","volume":100000,"label":" ","price":0.28},{"type":"A","date":"2018-03-21T07:38:29.000Z","volume":400000,"label":" ","price":0.28},{"type":"A","date":"2018-03-21T07:39:12.000Z","volume":200000,"label":" ","price":0.28},{"type":"A","date":"2018-03-21T07:40:42.000Z","volume":200000,"label":" ","price":0.28},{"type":"A","date":"2018-03-21T07:41:42.000Z","volume":200000,"label":" ","price":0.28},{"type":"A","date":"2018-03-21T07:42:10.000Z","volume":20000,"label":" ","price":0.28},{"type":"A","date":"2018-03-21T07:42:45.000Z","volume":80000,"label":" ","price":0.28},{"type":"A","date":"2018-03-21T07:44:06.000Z","volume":200000,"label":" ","price":0.28},{"type":"A","date":"2018-03-21T07:46:11.000Z","volume":100000,"label":" ","price":0.28},{"type":"A","date":"2018-03-21T07:46:28.000Z","volume":20000,"label":" ","price":0.28},{"type":"A","date":"2018-03-21T07:54:36.000Z","volume":20000,"label":" ","price":0.28},{"type":"A","date":"2018-03-21T07:58:24.000Z","volume":200000,"label":" ","price":0.28},{"type":"A","date":"2018-03-21T07:58:41.000Z","volume":60000,"label":" ","price":0.28},{"type":"A","date":"2018-03-21T07:58:41.000Z","volume":20000,"label":" ","price":0.285}]