[{"type":"B","date":"2018-04-25T02:03:22.000Z","volume":8000,"label":" ","price":10.28},{"type":"B","date":"2018-04-25T02:11:33.000Z","volume":10000,"label":" ","price":10.26},{"type":"B","date":"2018-04-25T02:11:43.000Z","volume":6000,"label":" ","price":10.26},{"type":"B","date":"2018-04-25T02:13:23.000Z","volume":10000,"label":"Y","price":10.24},{"type":"B","date":"2018-04-25T02:13:23.000Z","volume":10000,"label":" ","price":10.24},{"type":"B","date":"2018-04-25T02:14:36.000Z","volume":8000,"label":" ","price":10.22},{"type":"B","date":"2018-04-25T02:14:41.000Z","volume":2000,"label":" ","price":10.22},{"type":"B","date":"2018-04-25T02:15:26.000Z","volume":6000,"label":" ","price":10.2},{"type":"B","date":"2018-04-25T02:16:20.000Z","volume":6000,"label":" ","price":10.2},{"type":"B","date":"2018-04-25T02:17:33.000Z","volume":2000,"label":"Y","price":10.2},{"type":"B","date":"2018-04-25T02:19:25.000Z","volume":2000,"label":"Y","price":10.2},{"type":"B","date":"2018-04-25T02:20:46.000Z","volume":2000,"label":"Y","price":10.18},{"type":"B","date":"2018-04-25T02:20:46.000Z","volume":4000,"label":" ","price":10.18},{"type":"B","date":"2018-04-25T02:22:19.000Z","volume":4000,"label":"Y","price":10.16},{"type":"B","date":"2018-04-25T02:22:19.000Z","volume":6000,"label":" ","price":10.16},{"type":"B","date":"2018-04-25T02:24:30.000Z","volume":4000,"label":"Y","price":10.16},{"type":"B","date":"2018-04-25T02:24:30.000Z","volume":6000,"label":" ","price":10.16},{"type":"U","date":"2018-04-25T02:27:39.000Z","volume":200,"label":"D","price":10.06},{"type":"B","date":"2018-04-25T02:28:27.000Z","volume":2000,"label":" ","price":10.16},{"type":"A","date":"2018-04-25T02:33:59.000Z","volume":10000,"label":" ","price":10.18},{"type":"A","date":"2018-04-25T02:33:59.000Z","volume":4000,"label":" ","price":10.18},{"type":"B","date":"2018-04-25T02:39:19.000Z","volume":4000,"label":" ","price":10.18},{"type":"U","date":"2018-04-25T02:45:05.000Z","volume":600,"label":"D","price":10.08},{"type":"A","date":"2018-04-25T02:46:22.000Z","volume":10000,"label":" ","price":10.2},{"type":"A","date":"2018-04-25T02:46:33.000Z","volume":4000,"label":" ","price":10.2},{"type":"A","date":"2018-04-25T02:46:50.000Z","volume":10000,"label":" ","price":10.2},{"type":"A","date":"2018-04-25T02:46:50.000Z","volume":2000,"label":" ","price":10.2},{"type":"A","date":"2018-04-25T02:53:19.000Z","volume":6000,"label":" ","price":10.2},{"type":"A","date":"2018-04-25T03:13:03.000Z","volume":6000,"label":" ","price":10.2},{"type":"B","date":"2018-04-25T03:13:54.000Z","volume":2000,"label":" ","price":10.18},{"type":"A","date":"2018-04-25T03:19:42.000Z","volume":20000,"label":" ","price":10.2},{"type":"A","date":"2018-04-25T03:19:42.000Z","volume":12000,"label":" ","price":10.2},{"type":"U","date":"2018-04-25T03:30:00.000Z","volume":20000,"label":" ","price":10.2},{"type":"B","date":"2018-04-25T03:31:55.000Z","volume":2000,"label":" ","price":10.18},{"type":"A","date":"2018-04-25T03:56:39.000Z","volume":2000,"label":" ","price":10.26},{"type":"B","date":"2018-04-25T05:00:01.000Z","volume":2000,"label":" ","price":10.22},{"type":"B","date":"2018-04-25T05:40:12.000Z","volume":6000,"label":" ","price":10.22},{"type":"B","date":"2018-04-25T05:40:12.000Z","volume":10000,"label":" ","price":10.22},{"type":"B","date":"2018-04-25T06:03:32.000Z","volume":2000,"label":" ","price":10.22},{"type":"A","date":"2018-04-25T06:06:11.000Z","volume":6000,"label":" ","price":10.22},{"type":"A","date":"2018-04-25T06:06:11.000Z","volume":2000,"label":" ","price":10.24},{"type":"B","date":"2018-04-25T06:24:39.000Z","volume":4000,"label":" ","price":10.22},{"type":"B","date":"2018-04-25T06:47:05.000Z","volume":4000,"label":"Y","price":10.2},{"type":"B","date":"2018-04-25T06:47:05.000Z","volume":6000,"label":" ","price":10.2},{"type":"A","date":"2018-04-25T06:47:09.000Z","volume":2000,"label":" ","price":10.22},{"type":"A","date":"2018-04-25T06:49:12.000Z","volume":2000,"label":" ","price":10.22},{"type":"A","date":"2018-04-25T06:49:13.000Z","volume":2000,"label":" ","price":10.22},{"type":"A","date":"2018-04-25T06:51:52.000Z","volume":2000,"label":" ","price":10.22},{"type":"B","date":"2018-04-25T06:53:02.000Z","volume":52000,"label":" ","price":10.2},{"type":"B","date":"2018-04-25T06:53:02.000Z","volume":2000,"label":" ","price":10.2},{"type":"A","date":"2018-04-25T06:53:03.000Z","volume":2000,"label":" ","price":10.22},{"type":"A","date":"2018-04-25T07:05:49.000Z","volume":4000,"label":" ","price":10.22},{"type":"B","date":"2018-04-25T07:07:36.000Z","volume":6000,"label":" ","price":10.2},{"type":"A","date":"2018-04-25T07:07:42.000Z","volume":2000,"label":" ","price":10.22},{"type":"A","date":"2018-04-25T07:07:46.000Z","volume":2000,"label":" ","price":10.22},{"type":"A","date":"2018-04-25T07:07:46.000Z","volume":2000,"label":" ","price":10.22},{"type":"A","date":"2018-04-25T07:08:42.000Z","volume":2000,"label":" ","price":10.22},{"type":"B","date":"2018-04-25T07:10:32.000Z","volume":2000,"label":" ","price":10.2},{"type":"B","date":"2018-04-25T07:11:26.000Z","volume":2000,"label":" ","price":10.2},{"type":"B","date":"2018-04-25T07:18:55.000Z","volume":20000,"label":" ","price":10.2},{"type":"A","date":"2018-04-25T07:22:35.000Z","volume":12000,"label":" ","price":10.22},{"type":"A","date":"2018-04-25T07:26:55.000Z","volume":30000,"label":" ","price":10.22},{"type":"B","date":"2018-04-25T07:29:28.000Z","volume":2000,"label":" ","price":10.24},{"type":"B","date":"2018-04-25T07:32:08.000Z","volume":2000,"label":" ","price":10.24},{"type":"B","date":"2018-04-25T07:34:41.000Z","volume":2000,"label":" ","price":10.24},{"type":"A","date":"2018-04-25T07:39:43.000Z","volume":8000,"label":" ","price":10.26},{"type":"A","date":"2018-04-25T07:54:56.000Z","volume":4000,"label":" ","price":10.26},{"type":"B","date":"2018-04-25T07:56:21.000Z","volume":2000,"label":" ","price":10.22},{"type":"U","date":"2018-04-25T08:08:25.000Z","volume":20000,"label":"U","price":10.22}]