[{"type":"U","date":"2018-03-26T01:20:00.000Z","volume":1000,"label":"U","price":71.6},{"type":"A","date":"2018-03-26T01:30:01.000Z","volume":500,"label":" ","price":71.6},{"type":"A","date":"2018-03-26T01:30:01.000Z","volume":500,"label":" ","price":71.8},{"type":"A","date":"2018-03-26T01:30:03.000Z","volume":1000,"label":" ","price":71.8},{"type":"A","date":"2018-03-26T01:30:05.000Z","volume":500,"label":" ","price":71.85},{"type":"U","date":"2018-03-26T01:30:06.000Z","volume":500,"label":" ","price":71.85},{"type":"B","date":"2018-03-26T01:30:07.000Z","volume":1000,"label":" ","price":71.6},{"type":"U","date":"2018-03-26T01:30:24.000Z","volume":500,"label":" ","price":71.75},{"type":"A","date":"2018-03-26T01:31:08.000Z","volume":500,"label":" ","price":71.8},{"type":"U","date":"2018-03-26T01:31:10.000Z","volume":500,"label":" ","price":71.7},{"type":"B","date":"2018-03-26T01:31:11.000Z","volume":500,"label":" ","price":71.7},{"type":"A","date":"2018-03-26T01:31:12.000Z","volume":500,"label":" ","price":71.8},{"type":"B","date":"2018-03-26T01:31:19.000Z","volume":500,"label":" ","price":71.6},{"type":"B","date":"2018-03-26T01:33:01.000Z","volume":500,"label":"Y","price":71.6},{"type":"B","date":"2018-03-26T01:33:01.000Z","volume":3000,"label":" ","price":71.6},{"type":"B","date":"2018-03-26T01:33:01.000Z","volume":500,"label":" ","price":71.55},{"type":"A","date":"2018-03-26T01:35:18.000Z","volume":3500,"label":" ","price":71.65},{"type":"B","date":"2018-03-26T01:35:30.000Z","volume":500,"label":" ","price":71.65},{"type":"A","date":"2018-03-26T01:35:30.000Z","volume":500,"label":" ","price":71.7},{"type":"A","date":"2018-03-26T01:35:58.000Z","volume":14000,"label":" ","price":71.7},{"type":"A","date":"2018-03-26T01:35:58.000Z","volume":1500,"label":" ","price":71.75},{"type":"A","date":"2018-03-26T01:36:27.000Z","volume":6000,"label":" ","price":71.75},{"type":"A","date":"2018-03-26T01:36:39.000Z","volume":1500,"label":" ","price":71.75},{"type":"A","date":"2018-03-26T01:37:16.000Z","volume":2000,"label":" ","price":71.75},{"type":"B","date":"2018-03-26T01:37:17.000Z","volume":500,"label":" ","price":71.7},{"type":"A","date":"2018-03-26T01:37:59.000Z","volume":5000,"label":" ","price":71.75},{"type":"A","date":"2018-03-26T01:37:59.000Z","volume":1000,"label":" ","price":71.8},{"type":"A","date":"2018-03-26T01:39:23.000Z","volume":3000,"label":" ","price":71.85},{"type":"A","date":"2018-03-26T01:39:30.000Z","volume":500,"label":" ","price":71.85},{"type":"A","date":"2018-03-26T01:39:33.000Z","volume":1000,"label":" ","price":71.85},{"type":"A","date":"2018-03-26T01:39:34.000Z","volume":5000,"label":" ","price":71.85},{"type":"A","date":"2018-03-26T01:39:34.000Z","volume":1000,"label":" ","price":71.85},{"type":"A","date":"2018-03-26T01:39:36.000Z","volume":7000,"label":" ","price":71.9},{"type":"U","date":"2018-03-26T01:42:57.000Z","volume":500,"label":" ","price":72},{"type":"B","date":"2018-03-26T01:43:00.000Z","volume":1000,"label":" ","price":72.05},{"type":"B","date":"2018-03-26T01:43:00.000Z","volume":2000,"label":" ","price":72.05},{"type":"B","date":"2018-03-26T01:43:02.000Z","volume":1000,"label":" ","price":71.9},{"type":"A","date":"2018-03-26T01:43:13.000Z","volume":2000,"label":" ","price":72},{"type":"A","date":"2018-03-26T01:43:24.000Z","volume":7000,"label":" ","price":72},{"type":"A","date":"2018-03-26T01:43:31.000Z","volume":1000,"label":" ","price":72},{"type":"B","date":"2018-03-26T01:44:56.000Z","volume":1000,"label":" ","price":72.05},{"type":"B","date":"2018-03-26T01:44:56.000Z","volume":500,"label":" ","price":72.05},{"type":"A","date":"2018-03-26T01:47:39.000Z","volume":3000,"label":" ","price":72},{"type":"A","date":"2018-03-26T01:51:05.000Z","volume":1500,"label":" ","price":72.05},{"type":"A","date":"2018-03-26T01:51:38.000Z","volume":2000,"label":" ","price":72.1},{"type":"A","date":"2018-03-26T01:59:20.000Z","volume":3500,"label":" ","price":72.15},{"type":"A","date":"2018-03-26T01:59:41.000Z","volume":1500,"label":" ","price":72.2},{"type":"A","date":"2018-03-26T02:00:02.000Z","volume":500,"label":" ","price":72.1},{"type":"B","date":"2018-03-26T02:00:04.000Z","volume":2500,"label":" ","price":72.05},{"type":"B","date":"2018-03-26T02:00:04.000Z","volume":2500,"label":" ","price":72},{"type":"B","date":"2018-03-26T02:00:05.000Z","volume":500,"label":" ","price":71.85},{"type":"A","date":"2018-03-26T02:00:05.000Z","volume":8500,"label":" ","price":72.1},{"type":"A","date":"2018-03-26T02:00:18.000Z","volume":1000,"label":" ","price":71.95},{"type":"A","date":"2018-03-26T02:00:18.000Z","volume":500,"label":" ","price":72},{"type":"A","date":"2018-03-26T02:00:54.000Z","volume":1500,"label":" ","price":72},{"type":"A","date":"2018-03-26T02:05:38.000Z","volume":500,"label":" ","price":72},{"type":"B","date":"2018-03-26T02:06:07.000Z","volume":4500,"label":" ","price":71.9},{"type":"B","date":"2018-03-26T02:06:07.000Z","volume":500,"label":" ","price":71.9},{"type":"A","date":"2018-03-26T02:06:08.000Z","volume":1500,"label":" ","price":71.95},{"type":"B","date":"2018-03-26T02:06:08.000Z","volume":500,"label":" ","price":71.85},{"type":"B","date":"2018-03-26T02:07:34.000Z","volume":500,"label":" ","price":71.85},{"type":"B","date":"2018-03-26T02:08:23.000Z","volume":500,"label":" ","price":71.85},{"type":"B","date":"2018-03-26T02:08:51.000Z","volume":3000,"label":" ","price":71.8},{"type":"B","date":"2018-03-26T02:08:52.000Z","volume":500,"label":" ","price":71.8},{"type":"B","date":"2018-03-26T02:12:11.000Z","volume":2000,"label":" ","price":71.8},{"type":"B","date":"2018-03-26T02:13:21.000Z","volume":500,"label":" ","price":71.8},{"type":"A","date":"2018-03-26T02:14:03.000Z","volume":2000,"label":" ","price":71.9},{"type":"B","date":"2018-03-26T02:14:04.000Z","volume":500,"label":" ","price":71.8},{"type":"B","date":"2018-03-26T02:18:02.000Z","volume":500,"label":" ","price":71.8},{"type":"B","date":"2018-03-26T02:19:19.000Z","volume":500,"label":" ","price":71.8},{"type":"A","date":"2018-03-26T02:19:40.000Z","volume":1000,"label":" ","price":71.9},{"type":"B","date":"2018-03-26T02:23:30.000Z","volume":500,"label":" ","price":71.8},{"type":"B","date":"2018-03-26T02:29:11.000Z","volume":1000,"label":" ","price":71.8},{"type":"A","date":"2018-03-26T02:36:49.000Z","volume":500,"label":"Y","price":71.9},{"type":"B","date":"2018-03-26T02:41:03.000Z","volume":500,"label":" ","price":71.8},{"type":"A","date":"2018-03-26T02:42:20.000Z","volume":3000,"label":" ","price":71.9},{"type":"B","date":"2018-03-26T02:42:21.000Z","volume":500,"label":" ","price":71.8},{"type":"B","date":"2018-03-26T02:44:06.000Z","volume":3000,"label":" ","price":71.8},{"type":"B","date":"2018-03-26T02:44:06.000Z","volume":1000,"label":" ","price":71.8},{"type":"B","date":"2018-03-26T02:44:07.000Z","volume":500,"label":" ","price":71.8},{"type":"B","date":"2018-03-26T02:47:30.000Z","volume":500,"label":" ","price":71.8},{"type":"B","date":"2018-03-26T02:47:30.000Z","volume":1000,"label":" ","price":71.8},{"type":"B","date":"2018-03-26T02:48:46.000Z","volume":2000,"label":" ","price":71.8},{"type":"B","date":"2018-03-26T02:50:32.000Z","volume":500,"label":" ","price":71.8},{"type":"B","date":"2018-03-26T02:52:51.000Z","volume":500,"label":" ","price":71.8},{"type":"B","date":"2018-03-26T02:54:02.000Z","volume":1000,"label":" ","price":71.85},{"type":"B","date":"2018-03-26T02:55:20.000Z","volume":500,"label":" ","price":71.8},{"type":"B","date":"2018-03-26T02:55:21.000Z","volume":500,"label":" ","price":71.8},{"type":"B","date":"2018-03-26T02:57:49.000Z","volume":500,"label":" ","price":71.8},{"type":"A","date":"2018-03-26T03:03:20.000Z","volume":1000,"label":" ","price":71.85},{"type":"A","date":"2018-03-26T03:10:22.000Z","volume":7000,"label":" ","price":71.9},{"type":"B","date":"2018-03-26T03:19:53.000Z","volume":1500,"label":" ","price":71.85},{"type":"B","date":"2018-03-26T03:20:07.000Z","volume":5000,"label":" ","price":71.85},{"type":"B","date":"2018-03-26T03:20:08.000Z","volume":500,"label":" ","price":71.8},{"type":"A","date":"2018-03-26T03:25:33.000Z","volume":10500,"label":" ","price":71.95},{"type":"A","date":"2018-03-26T03:25:52.000Z","volume":500,"label":" ","price":72},{"type":"A","date":"2018-03-26T03:26:00.000Z","volume":3000,"label":" ","price":72},{"type":"A","date":"2018-03-26T03:30:28.000Z","volume":500,"label":" ","price":72.05},{"type":"B","date":"2018-03-26T03:31:38.000Z","volume":5000,"label":" ","price":71.95},{"type":"B","date":"2018-03-26T03:31:38.000Z","volume":4500,"label":" ","price":71.95},{"type":"B","date":"2018-03-26T03:31:39.000Z","volume":500,"label":" ","price":71.9},{"type":"B","date":"2018-03-26T03:31:39.000Z","volume":500,"label":" ","price":71.8},{"type":"A","date":"2018-03-26T03:36:52.000Z","volume":500,"label":" ","price":72},{"type":"A","date":"2018-03-26T03:38:59.000Z","volume":4500,"label":"Y","price":72},{"type":"A","date":"2018-03-26T03:38:59.000Z","volume":3500,"label":" ","price":72},{"type":"B","date":"2018-03-26T03:39:14.000Z","volume":3500,"label":" ","price":72},{"type":"B","date":"2018-03-26T03:39:15.000Z","volume":500,"label":" ","price":72},{"type":"B","date":"2018-03-26T03:39:26.000Z","volume":500,"label":" ","price":72},{"type":"B","date":"2018-03-26T03:41:13.000Z","volume":500,"label":" ","price":72},{"type":"B","date":"2018-03-26T03:47:37.000Z","volume":500,"label":" ","price":71.85},{"type":"B","date":"2018-03-26T03:53:15.000Z","volume":500,"label":" ","price":71.85},{"type":"A","date":"2018-03-26T03:55:12.000Z","volume":2000,"label":" ","price":72.05},{"type":"B","date":"2018-03-26T03:55:17.000Z","volume":500,"label":" ","price":71.85},{"type":"B","date":"2018-03-26T05:02:36.000Z","volume":1000,"label":" ","price":71.9},{"type":"B","date":"2018-03-26T05:05:30.000Z","volume":500,"label":" ","price":71.9},{"type":"B","date":"2018-03-26T05:18:23.000Z","volume":500,"label":" ","price":71.9},{"type":"B","date":"2018-03-26T05:23:06.000Z","volume":500,"label":" ","price":71.9},{"type":"B","date":"2018-03-26T05:29:30.000Z","volume":500,"label":" ","price":71.9},{"type":"A","date":"2018-03-26T05:29:30.000Z","volume":500,"label":" ","price":72},{"type":"B","date":"2018-03-26T05:31:56.000Z","volume":500,"label":" ","price":71.9},{"type":"B","date":"2018-03-26T05:42:18.000Z","volume":500,"label":" ","price":71.9},{"type":"B","date":"2018-03-26T05:42:19.000Z","volume":500,"label":" ","price":71.9},{"type":"B","date":"2018-03-26T05:47:07.000Z","volume":500,"label":" ","price":71.9},{"type":"B","date":"2018-03-26T05:50:56.000Z","volume":500,"label":" ","price":71.9},{"type":"B","date":"2018-03-26T05:53:30.000Z","volume":500,"label":" ","price":71.9},{"type":"B","date":"2018-03-26T05:55:37.000Z","volume":2000,"label":" ","price":71.9},{"type":"B","date":"2018-03-26T05:56:21.000Z","volume":500,"label":" ","price":71.9},{"type":"B","date":"2018-03-26T05:56:40.000Z","volume":2000,"label":" ","price":71.9},{"type":"B","date":"2018-03-26T05:56:41.000Z","volume":500,"label":" ","price":71.9},{"type":"B","date":"2018-03-26T05:59:31.000Z","volume":500,"label":" ","price":71.85},{"type":"B","date":"2018-03-26T05:59:43.000Z","volume":2500,"label":" ","price":71.85},{"type":"A","date":"2018-03-26T06:00:07.000Z","volume":500,"label":" ","price":71.85},{"type":"B","date":"2018-03-26T06:02:07.000Z","volume":1000,"label":" ","price":71.8},{"type":"A","date":"2018-03-26T06:05:00.000Z","volume":3000,"label":" ","price":71.85},{"type":"B","date":"2018-03-26T06:05:01.000Z","volume":500,"label":" ","price":71.8},{"type":"A","date":"2018-03-26T06:05:03.000Z","volume":500,"label":" ","price":71.85},{"type":"B","date":"2018-03-26T06:05:18.000Z","volume":500,"label":" ","price":71.8},{"type":"A","date":"2018-03-26T06:06:39.000Z","volume":3000,"label":" ","price":71.85},{"type":"B","date":"2018-03-26T06:10:19.000Z","volume":500,"label":" ","price":71.8},{"type":"B","date":"2018-03-26T06:10:20.000Z","volume":500,"label":" ","price":71.8},{"type":"B","date":"2018-03-26T06:14:38.000Z","volume":500,"label":" ","price":71.8},{"type":"A","date":"2018-03-26T06:15:53.000Z","volume":3000,"label":" ","price":71.85},{"type":"B","date":"2018-03-26T06:15:53.000Z","volume":500,"label":" ","price":71.8},{"type":"A","date":"2018-03-26T06:15:59.000Z","volume":500,"label":" ","price":71.85},{"type":"A","date":"2018-03-26T06:17:59.000Z","volume":3000,"label":" ","price":71.85},{"type":"B","date":"2018-03-26T06:18:08.000Z","volume":500,"label":" ","price":71.85},{"type":"A","date":"2018-03-26T06:21:55.000Z","volume":1000,"label":" ","price":71.9},{"type":"B","date":"2018-03-26T06:23:30.000Z","volume":500,"label":" ","price":71.85},{"type":"B","date":"2018-03-26T06:24:14.000Z","volume":1500,"label":" ","price":71.85},{"type":"A","date":"2018-03-26T06:28:09.000Z","volume":500,"label":" ","price":71.85},{"type":"B","date":"2018-03-26T06:29:01.000Z","volume":1000,"label":" ","price":71.8},{"type":"B","date":"2018-03-26T06:29:02.000Z","volume":500,"label":" ","price":71.8},{"type":"A","date":"2018-03-26T06:30:27.000Z","volume":500,"label":" ","price":71.85},{"type":"B","date":"2018-03-26T06:34:29.000Z","volume":500,"label":" ","price":71.8},{"type":"B","date":"2018-03-26T06:39:59.000Z","volume":500,"label":" ","price":71.8},{"type":"B","date":"2018-03-26T06:47:07.000Z","volume":500,"label":" ","price":71.8},{"type":"B","date":"2018-03-26T06:47:07.000Z","volume":500,"label":" ","price":71.8},{"type":"B","date":"2018-03-26T06:47:30.000Z","volume":500,"label":" ","price":71.8},{"type":"A","date":"2018-03-26T06:52:57.000Z","volume":2000,"label":" ","price":71.85},{"type":"B","date":"2018-03-26T06:52:57.000Z","volume":500,"label":" ","price":71.85},{"type":"A","date":"2018-03-26T06:55:35.000Z","volume":500,"label":" ","price":71.9},{"type":"B","date":"2018-03-26T06:55:36.000Z","volume":500,"label":" ","price":71.85},{"type":"B","date":"2018-03-26T06:56:28.000Z","volume":500,"label":" ","price":71.85},{"type":"B","date":"2018-03-26T07:01:12.000Z","volume":500,"label":" ","price":71.85},{"type":"A","date":"2018-03-26T07:03:01.000Z","volume":11000,"label":" ","price":71.9},{"type":"B","date":"2018-03-26T07:06:02.000Z","volume":500,"label":" ","price":71.9},{"type":"B","date":"2018-03-26T07:06:02.000Z","volume":500,"label":" ","price":71.85},{"type":"A","date":"2018-03-26T07:11:12.000Z","volume":4500,"label":" ","price":71.95},{"type":"B","date":"2018-03-26T07:11:12.000Z","volume":500,"label":" ","price":71.9},{"type":"B","date":"2018-03-26T07:14:28.000Z","volume":500,"label":" ","price":71.9},{"type":"B","date":"2018-03-26T07:14:39.000Z","volume":500,"label":" ","price":71.9},{"type":"B","date":"2018-03-26T07:14:40.000Z","volume":500,"label":" ","price":71.9},{"type":"B","date":"2018-03-26T07:18:19.000Z","volume":500,"label":" ","price":71.85},{"type":"B","date":"2018-03-26T07:23:37.000Z","volume":1500,"label":" ","price":71.85},{"type":"B","date":"2018-03-26T07:25:40.000Z","volume":6000,"label":" ","price":71.85},{"type":"B","date":"2018-03-26T07:25:40.000Z","volume":1000,"label":" ","price":71.85},{"type":"B","date":"2018-03-26T07:25:41.000Z","volume":500,"label":" ","price":71.8},{"type":"B","date":"2018-03-26T07:32:45.000Z","volume":500,"label":" ","price":71.8},{"type":"B","date":"2018-03-26T07:35:30.000Z","volume":500,"label":" ","price":71.8},{"type":"B","date":"2018-03-26T07:36:57.000Z","volume":1000,"label":" ","price":71.8},{"type":"B","date":"2018-03-26T07:39:45.000Z","volume":500,"label":" ","price":71.85},{"type":"B","date":"2018-03-26T07:43:19.000Z","volume":2000,"label":" ","price":71.85},{"type":"B","date":"2018-03-26T07:43:20.000Z","volume":1000,"label":" ","price":71.85},{"type":"B","date":"2018-03-26T07:43:20.000Z","volume":500,"label":" ","price":71.85},{"type":"B","date":"2018-03-26T07:48:17.000Z","volume":1000,"label":" ","price":71.85},{"type":"B","date":"2018-03-26T07:48:36.000Z","volume":500,"label":" ","price":71.8},{"type":"B","date":"2018-03-26T07:52:20.000Z","volume":500,"label":" ","price":71.8},{"type":"B","date":"2018-03-26T07:53:06.000Z","volume":500,"label":" ","price":71.8},{"type":"B","date":"2018-03-26T07:54:02.000Z","volume":500,"label":" ","price":71.8},{"type":"B","date":"2018-03-26T07:54:20.000Z","volume":1000,"label":" ","price":71.85},{"type":"B","date":"2018-03-26T07:54:20.000Z","volume":8500,"label":" ","price":71.8},{"type":"B","date":"2018-03-26T07:54:20.000Z","volume":7000,"label":" ","price":71.8},{"type":"B","date":"2018-03-26T07:54:20.000Z","volume":6000,"label":" ","price":71.8},{"type":"B","date":"2018-03-26T07:54:20.000Z","volume":5000,"label":" ","price":71.8},{"type":"B","date":"2018-03-26T07:54:20.000Z","volume":19000,"label":" ","price":71.8},{"type":"B","date":"2018-03-26T07:54:21.000Z","volume":3000,"label":" ","price":71.75},{"type":"B","date":"2018-03-26T07:54:21.000Z","volume":500,"label":"Y","price":71.7},{"type":"B","date":"2018-03-26T07:54:21.000Z","volume":500,"label":" ","price":71.7},{"type":"A","date":"2018-03-26T07:57:27.000Z","volume":500,"label":" ","price":71.8},{"type":"B","date":"2018-03-26T07:57:27.000Z","volume":1000,"label":" ","price":71.7},{"type":"A","date":"2018-03-26T07:59:12.000Z","volume":500,"label":" ","price":71.8},{"type":"B","date":"2018-03-26T07:59:13.000Z","volume":500,"label":" ","price":71.7},{"type":"B","date":"2018-03-26T07:59:15.000Z","volume":500,"label":" ","price":71.7},{"type":"B","date":"2018-03-26T07:59:30.000Z","volume":500,"label":" ","price":71.7},{"type":"B","date":"2018-03-26T07:59:32.000Z","volume":500,"label":"Y","price":71.7},{"type":"B","date":"2018-03-26T07:59:44.000Z","volume":500,"label":" ","price":71.7},{"type":"U","date":"2018-03-26T08:08:01.000Z","volume":8000,"label":"U","price":71.75}]