[{"type":"U","date":"2018-04-04T01:20:00.000Z","volume":18000,"label":"U","price":4.78},{"type":"B","date":"2018-04-04T01:30:02.000Z","volume":10000,"label":" ","price":4.78},{"type":"U","date":"2018-04-04T01:30:02.000Z","volume":4000,"label":" ","price":4.77},{"type":"U","date":"2018-04-04T01:30:03.000Z","volume":1724,"label":"D","price":4.78},{"type":"B","date":"2018-04-04T01:30:03.000Z","volume":4000,"label":" ","price":4.77},{"type":"B","date":"2018-04-04T01:30:04.000Z","volume":4000,"label":" ","price":4.78},{"type":"B","date":"2018-04-04T01:30:09.000Z","volume":2000,"label":" ","price":4.77},{"type":"B","date":"2018-04-04T01:30:09.000Z","volume":28000,"label":" ","price":4.77},{"type":"B","date":"2018-04-04T01:30:09.000Z","volume":2000,"label":" ","price":4.77},{"type":"B","date":"2018-04-04T01:30:09.000Z","volume":2000,"label":" ","price":4.77},{"type":"A","date":"2018-04-04T01:30:09.000Z","volume":18000,"label":" ","price":4.78},{"type":"B","date":"2018-04-04T01:30:09.000Z","volume":4000,"label":" ","price":4.75},{"type":"A","date":"2018-04-04T01:30:12.000Z","volume":4000,"label":" ","price":4.77},{"type":"A","date":"2018-04-04T01:30:16.000Z","volume":4000,"label":" ","price":4.77},{"type":"A","date":"2018-04-04T01:30:25.000Z","volume":2000,"label":" ","price":4.77},{"type":"A","date":"2018-04-04T01:30:26.000Z","volume":2000,"label":" ","price":4.77},{"type":"U","date":"2018-04-04T01:30:27.000Z","volume":2000,"label":"X","price":4.77},{"type":"A","date":"2018-04-04T01:31:01.000Z","volume":10000,"label":" ","price":4.77},{"type":"A","date":"2018-04-04T01:31:01.000Z","volume":6000,"label":" ","price":4.77},{"type":"A","date":"2018-04-04T01:31:02.000Z","volume":2000,"label":" ","price":4.77},{"type":"A","date":"2018-04-04T01:31:02.000Z","volume":2000,"label":" ","price":4.77},{"type":"A","date":"2018-04-04T01:31:02.000Z","volume":2000,"label":" ","price":4.77},{"type":"B","date":"2018-04-04T01:31:08.000Z","volume":2000,"label":" ","price":4.77},{"type":"A","date":"2018-04-04T01:31:13.000Z","volume":2000,"label":" ","price":4.78},{"type":"U","date":"2018-04-04T01:31:18.000Z","volume":6000,"label":"X","price":4.775},{"type":"U","date":"2018-04-04T01:31:18.000Z","volume":6000,"label":"X","price":4.775},{"type":"A","date":"2018-04-04T01:31:46.000Z","volume":2000,"label":" ","price":4.78},{"type":"A","date":"2018-04-04T01:31:48.000Z","volume":2000,"label":" ","price":4.78},{"type":"B","date":"2018-04-04T01:33:30.000Z","volume":10000,"label":" ","price":4.77},{"type":"B","date":"2018-04-04T01:33:30.000Z","volume":2000,"label":" ","price":4.77},{"type":"B","date":"2018-04-04T01:33:30.000Z","volume":18000,"label":" ","price":4.77},{"type":"B","date":"2018-04-04T01:34:40.000Z","volume":2000,"label":" ","price":4.77},{"type":"U","date":"2018-04-04T01:34:40.000Z","volume":2000,"label":"X","price":4.775},{"type":"B","date":"2018-04-04T01:35:31.000Z","volume":2000,"label":" ","price":4.77},{"type":"A","date":"2018-04-04T01:35:32.000Z","volume":2000,"label":" ","price":4.78},{"type":"B","date":"2018-04-04T01:35:41.000Z","volume":2000,"label":" ","price":4.77},{"type":"A","date":"2018-04-04T01:35:58.000Z","volume":2000,"label":" ","price":4.78},{"type":"U","date":"2018-04-04T01:36:46.000Z","volume":2000,"label":"X","price":4.775},{"type":"U","date":"2018-04-04T01:38:53.000Z","volume":2000,"label":"X","price":4.775},{"type":"A","date":"2018-04-04T01:39:02.000Z","volume":2000,"label":" ","price":4.78},{"type":"B","date":"2018-04-04T01:39:12.000Z","volume":2000,"label":" ","price":4.77},{"type":"A","date":"2018-04-04T01:41:12.000Z","volume":2000,"label":" ","price":4.78},{"type":"B","date":"2018-04-04T01:41:32.000Z","volume":4000,"label":"Y","price":4.77},{"type":"B","date":"2018-04-04T01:41:32.000Z","volume":4000,"label":" ","price":4.77},{"type":"B","date":"2018-04-04T01:41:42.000Z","volume":4000,"label":" ","price":4.77},{"type":"A","date":"2018-04-04T01:43:11.000Z","volume":2000,"label":" ","price":4.78},{"type":"B","date":"2018-04-04T01:43:13.000Z","volume":2000,"label":" ","price":4.77},{"type":"A","date":"2018-04-04T01:43:24.000Z","volume":2000,"label":" ","price":4.78},{"type":"B","date":"2018-04-04T01:43:52.000Z","volume":8000,"label":" ","price":4.77},{"type":"B","date":"2018-04-04T01:43:53.000Z","volume":4000,"label":" ","price":4.77},{"type":"U","date":"2018-04-04T01:44:17.000Z","volume":2000,"label":"X","price":4.775},{"type":"U","date":"2018-04-04T01:46:03.000Z","volume":123,"label":"D","price":4.72},{"type":"B","date":"2018-04-04T01:46:53.000Z","volume":8000,"label":" ","price":4.77},{"type":"A","date":"2018-04-04T01:46:53.000Z","volume":2000,"label":" ","price":4.78},{"type":"B","date":"2018-04-04T01:46:54.000Z","volume":4000,"label":" ","price":4.77},{"type":"A","date":"2018-04-04T01:47:10.000Z","volume":2000,"label":" ","price":4.78},{"type":"A","date":"2018-04-04T01:47:12.000Z","volume":2000,"label":" ","price":4.78},{"type":"A","date":"2018-04-04T01:47:12.000Z","volume":2000,"label":" ","price":4.78},{"type":"B","date":"2018-04-04T01:47:14.000Z","volume":4000,"label":" ","price":4.77},{"type":"U","date":"2018-04-04T01:47:17.000Z","volume":2000,"label":"X","price":4.775},{"type":"U","date":"2018-04-04T01:48:28.000Z","volume":2000,"label":"X","price":4.775},{"type":"A","date":"2018-04-04T01:48:28.000Z","volume":2000,"label":" ","price":4.78},{"type":"U","date":"2018-04-04T01:48:42.000Z","volume":2000,"label":"X","price":4.775},{"type":"A","date":"2018-04-04T01:50:06.000Z","volume":4000,"label":"Y","price":4.78},{"type":"A","date":"2018-04-04T01:50:06.000Z","volume":30000,"label":" ","price":4.78},{"type":"A","date":"2018-04-04T01:50:06.000Z","volume":24000,"label":" ","price":4.78},{"type":"A","date":"2018-04-04T01:50:06.000Z","volume":10000,"label":" ","price":4.79},{"type":"A","date":"2018-04-04T01:50:06.000Z","volume":12000,"label":" ","price":4.78},{"type":"A","date":"2018-04-04T01:50:06.000Z","volume":12000,"label":" ","price":4.78},{"type":"A","date":"2018-04-04T01:50:06.000Z","volume":6000,"label":" ","price":4.79},{"type":"A","date":"2018-04-04T01:50:06.000Z","volume":4000,"label":" ","price":4.8},{"type":"A","date":"2018-04-04T01:50:07.000Z","volume":4000,"label":" ","price":4.8},{"type":"U","date":"2018-04-04T01:50:07.000Z","volume":8000,"label":"X","price":4.8},{"type":"A","date":"2018-04-04T01:50:07.000Z","volume":10000,"label":" ","price":4.8},{"type":"U","date":"2018-04-04T01:50:14.000Z","volume":6000,"label":"X","price":4.795},{"type":"B","date":"2018-04-04T01:50:14.000Z","volume":36000,"label":" ","price":4.79},{"type":"B","date":"2018-04-04T01:50:14.000Z","volume":6000,"label":" ","price":4.78},{"type":"B","date":"2018-04-04T01:50:14.000Z","volume":4000,"label":" ","price":4.79},{"type":"A","date":"2018-04-04T01:50:14.000Z","volume":6000,"label":" ","price":4.8},{"type":"B","date":"2018-04-04T01:50:24.000Z","volume":2000,"label":" ","price":4.78},{"type":"A","date":"2018-04-04T01:51:48.000Z","volume":2000,"label":" ","price":4.8},{"type":"B","date":"2018-04-04T01:51:54.000Z","volume":2000,"label":" ","price":4.79},{"type":"B","date":"2018-04-04T01:53:38.000Z","volume":80000,"label":" ","price":4.79},{"type":"U","date":"2018-04-04T01:53:39.000Z","volume":8000,"label":"X","price":4.8},{"type":"A","date":"2018-04-04T01:53:39.000Z","volume":6000,"label":" ","price":4.8},{"type":"A","date":"2018-04-04T01:53:41.000Z","volume":2000,"label":" ","price":4.8},{"type":"U","date":"2018-04-04T01:53:44.000Z","volume":6000,"label":"X","price":4.795},{"type":"B","date":"2018-04-04T01:53:44.000Z","volume":38000,"label":" ","price":4.79},{"type":"A","date":"2018-04-04T01:53:47.000Z","volume":2000,"label":" ","price":4.8},{"type":"A","date":"2018-04-04T01:55:57.000Z","volume":64000,"label":" ","price":4.8},{"type":"A","date":"2018-04-04T01:55:57.000Z","volume":4000,"label":" ","price":4.8},{"type":"U","date":"2018-04-04T01:55:58.000Z","volume":4000,"label":"X","price":4.8},{"type":"A","date":"2018-04-04T01:55:58.000Z","volume":2000,"label":" ","price":4.8},{"type":"U","date":"2018-04-04T01:55:59.000Z","volume":6000,"label":"X","price":4.8},{"type":"U","date":"2018-04-04T01:56:04.000Z","volume":6000,"label":"X","price":4.795},{"type":"B","date":"2018-04-04T01:56:04.000Z","volume":26000,"label":" ","price":4.79},{"type":"U","date":"2018-04-04T01:56:34.000Z","volume":2000,"label":"X","price":4.8},{"type":"B","date":"2018-04-04T01:57:00.000Z","volume":2000,"label":" ","price":4.79},{"type":"A","date":"2018-04-04T01:57:02.000Z","volume":2000,"label":" ","price":4.8},{"type":"B","date":"2018-04-04T01:59:27.000Z","volume":2000,"label":" ","price":4.79},{"type":"A","date":"2018-04-04T02:00:32.000Z","volume":4000,"label":" ","price":4.8},{"type":"B","date":"2018-04-04T02:00:35.000Z","volume":2000,"label":" ","price":4.79},{"type":"A","date":"2018-04-04T02:02:26.000Z","volume":2000,"label":" ","price":4.8},{"type":"U","date":"2018-04-04T02:03:35.000Z","volume":6000,"label":"X","price":4.8},{"type":"A","date":"2018-04-04T02:03:36.000Z","volume":24000,"label":" ","price":4.8},{"type":"U","date":"2018-04-04T02:03:45.000Z","volume":6000,"label":"X","price":4.795},{"type":"B","date":"2018-04-04T02:03:45.000Z","volume":6000,"label":" ","price":4.79},{"type":"A","date":"2018-04-04T02:04:25.000Z","volume":2000,"label":" ","price":4.8},{"type":"A","date":"2018-04-04T02:04:29.000Z","volume":2000,"label":" ","price":4.8},{"type":"A","date":"2018-04-04T02:04:48.000Z","volume":2000,"label":" ","price":4.8},{"type":"B","date":"2018-04-04T02:05:09.000Z","volume":4000,"label":" ","price":4.79},{"type":"B","date":"2018-04-04T02:05:16.000Z","volume":2000,"label":" ","price":4.79},{"type":"A","date":"2018-04-04T02:05:49.000Z","volume":2000,"label":" ","price":4.8},{"type":"B","date":"2018-04-04T02:05:56.000Z","volume":2000,"label":" ","price":4.79},{"type":"A","date":"2018-04-04T02:06:44.000Z","volume":2000,"label":" ","price":4.8},{"type":"A","date":"2018-04-04T02:07:28.000Z","volume":2000,"label":" ","price":4.8},{"type":"B","date":"2018-04-04T02:07:36.000Z","volume":2000,"label":" ","price":4.79},{"type":"A","date":"2018-04-04T02:09:24.000Z","volume":2000,"label":" ","price":4.8},{"type":"A","date":"2018-04-04T02:09:45.000Z","volume":4000,"label":" ","price":4.8},{"type":"B","date":"2018-04-04T02:09:47.000Z","volume":2000,"label":" ","price":4.79},{"type":"A","date":"2018-04-04T02:10:10.000Z","volume":2000,"label":" ","price":4.8},{"type":"A","date":"2018-04-04T02:10:15.000Z","volume":4000,"label":" ","price":4.8},{"type":"U","date":"2018-04-04T02:10:16.000Z","volume":2000,"label":"X","price":4.8},{"type":"B","date":"2018-04-04T02:10:17.000Z","volume":4000,"label":" ","price":4.79},{"type":"A","date":"2018-04-04T02:10:28.000Z","volume":2000,"label":" ","price":4.8},{"type":"A","date":"2018-04-04T02:10:39.000Z","volume":6000,"label":" ","price":4.8},{"type":"U","date":"2018-04-04T02:10:40.000Z","volume":2000,"label":"X","price":4.8},{"type":"B","date":"2018-04-04T02:10:45.000Z","volume":2000,"label":" ","price":4.79},{"type":"B","date":"2018-04-04T02:10:47.000Z","volume":4000,"label":" ","price":4.79},{"type":"A","date":"2018-04-04T02:10:51.000Z","volume":6000,"label":" ","price":4.8},{"type":"A","date":"2018-04-04T02:10:57.000Z","volume":6000,"label":" ","price":4.8},{"type":"B","date":"2018-04-04T02:10:57.000Z","volume":4000,"label":" ","price":4.79},{"type":"U","date":"2018-04-04T02:10:57.000Z","volume":2000,"label":"X","price":4.8},{"type":"U","date":"2018-04-04T02:10:59.000Z","volume":2000,"label":"X","price":4.8},{"type":"A","date":"2018-04-04T02:11:00.000Z","volume":2000,"label":" ","price":4.8},{"type":"B","date":"2018-04-04T02:11:07.000Z","volume":4000,"label":" ","price":4.79},{"type":"U","date":"2018-04-04T02:11:08.000Z","volume":2000,"label":"X","price":4.8},{"type":"A","date":"2018-04-04T02:11:34.000Z","volume":2000,"label":" ","price":4.8},{"type":"A","date":"2018-04-04T02:12:03.000Z","volume":6000,"label":" ","price":4.8},{"type":"A","date":"2018-04-04T02:12:07.000Z","volume":6000,"label":" ","price":4.8},{"type":"U","date":"2018-04-04T02:12:07.000Z","volume":10000,"label":"X","price":4.795},{"type":"U","date":"2018-04-04T02:12:07.000Z","volume":2000,"label":"X","price":4.8},{"type":"U","date":"2018-04-04T02:12:08.000Z","volume":6000,"label":"X","price":4.795},{"type":"A","date":"2018-04-04T02:12:15.000Z","volume":6000,"label":" ","price":4.8},{"type":"A","date":"2018-04-04T02:12:44.000Z","volume":2000,"label":" ","price":4.8},{"type":"A","date":"2018-04-04T02:12:46.000Z","volume":2000,"label":" ","price":4.8},{"type":"B","date":"2018-04-04T02:12:48.000Z","volume":2000,"label":" ","price":4.79},{"type":"A","date":"2018-04-04T02:13:07.000Z","volume":6000,"label":" ","price":4.8},{"type":"U","date":"2018-04-04T02:13:08.000Z","volume":2000,"label":"X","price":4.8},{"type":"B","date":"2018-04-04T02:13:08.000Z","volume":4000,"label":" ","price":4.79},{"type":"A","date":"2018-04-04T02:13:32.000Z","volume":2000,"label":" ","price":4.8},{"type":"A","date":"2018-04-04T02:13:37.000Z","volume":4000,"label":" ","price":4.8},{"type":"B","date":"2018-04-04T02:13:38.000Z","volume":2000,"label":" ","price":4.79},{"type":"U","date":"2018-04-04T02:13:39.000Z","volume":2000,"label":"X","price":4.8},{"type":"A","date":"2018-04-04T02:14:07.000Z","volume":4000,"label":" ","price":4.8},{"type":"B","date":"2018-04-04T02:14:08.000Z","volume":2000,"label":" ","price":4.79},{"type":"A","date":"2018-04-04T02:15:07.000Z","volume":4000,"label":" ","price":4.8},{"type":"A","date":"2018-04-04T02:15:07.000Z","volume":2000,"label":" ","price":4.8},{"type":"B","date":"2018-04-04T02:15:08.000Z","volume":2000,"label":" ","price":4.79},{"type":"A","date":"2018-04-04T02:15:09.000Z","volume":2000,"label":" ","price":4.8},{"type":"B","date":"2018-04-04T02:15:18.000Z","volume":2000,"label":" ","price":4.79},{"type":"A","date":"2018-04-04T02:15:32.000Z","volume":2000,"label":" ","price":4.8},{"type":"A","date":"2018-04-04T02:15:37.000Z","volume":6000,"label":" ","price":4.8},{"type":"B","date":"2018-04-04T02:15:39.000Z","volume":4000,"label":" ","price":4.79},{"type":"A","date":"2018-04-04T02:16:07.000Z","volume":6000,"label":" ","price":4.8},{"type":"B","date":"2018-04-04T02:16:09.000Z","volume":2000,"label":" ","price":4.79},{"type":"U","date":"2018-04-04T02:16:53.000Z","volume":8000,"label":"X","price":4.795},{"type":"U","date":"2018-04-04T02:16:53.000Z","volume":2000,"label":"X","price":4.795},{"type":"A","date":"2018-04-04T02:17:07.000Z","volume":6000,"label":" ","price":4.8},{"type":"B","date":"2018-04-04T02:17:09.000Z","volume":4000,"label":" ","price":4.79},{"type":"A","date":"2018-04-04T02:18:07.000Z","volume":4000,"label":" ","price":4.8},{"type":"U","date":"2018-04-04T02:18:07.000Z","volume":4000,"label":"X","price":4.8},{"type":"B","date":"2018-04-04T02:18:09.000Z","volume":2000,"label":" ","price":4.79},{"type":"A","date":"2018-04-04T02:18:14.000Z","volume":2000,"label":" ","price":4.8},{"type":"A","date":"2018-04-04T02:18:37.000Z","volume":6000,"label":" ","price":4.8},{"type":"B","date":"2018-04-04T02:18:39.000Z","volume":4000,"label":"Y","price":4.79},{"type":"B","date":"2018-04-04T02:18:45.000Z","volume":2000,"label":"Y","price":4.79},{"type":"A","date":"2018-04-04T02:19:04.000Z","volume":2000,"label":" ","price":4.8},{"type":"A","date":"2018-04-04T02:19:07.000Z","volume":6000,"label":" ","price":4.8},{"type":"B","date":"2018-04-04T02:19:09.000Z","volume":4000,"label":" ","price":4.79},{"type":"A","date":"2018-04-04T02:19:39.000Z","volume":110000,"label":" ","price":4.8},{"type":"A","date":"2018-04-04T02:19:40.000Z","volume":2000,"label":" ","price":4.8},{"type":"A","date":"2018-04-04T02:19:41.000Z","volume":14000,"label":" ","price":4.8},{"type":"A","date":"2018-04-04T02:19:44.000Z","volume":2000,"label":" ","price":4.8},{"type":"A","date":"2018-04-04T02:19:47.000Z","volume":2000,"label":" ","price":4.8},{"type":"U","date":"2018-04-04T02:19:49.000Z","volume":8000,"label":"X","price":4.795},{"type":"B","date":"2018-04-04T02:19:49.000Z","volume":56000,"label":" ","price":4.79},{"type":"U","date":"2018-04-04T02:19:49.000Z","volume":6000,"label":"X","price":4.8},{"type":"U","date":"2018-04-04T02:19:54.000Z","volume":8000,"label":"X","price":4.8},{"type":"A","date":"2018-04-04T02:19:54.000Z","volume":2000,"label":" ","price":4.8},{"type":"A","date":"2018-04-04T02:21:06.000Z","volume":2000,"label":" ","price":4.8},{"type":"A","date":"2018-04-04T02:23:13.000Z","volume":2000,"label":" ","price":4.8},{"type":"A","date":"2018-04-04T02:24:04.000Z","volume":2000,"label":" ","price":4.8},{"type":"A","date":"2018-04-04T02:24:29.000Z","volume":2000,"label":" ","price":4.8},{"type":"B","date":"2018-04-04T02:24:30.000Z","volume":2000,"label":" ","price":4.79},{"type":"U","date":"2018-04-04T02:26:37.000Z","volume":6000,"label":"X","price":4.8},{"type":"U","date":"2018-04-04T02:26:42.000Z","volume":4000,"label":"X","price":4.8},{"type":"A","date":"2018-04-04T02:27:04.000Z","volume":2000,"label":" ","price":4.8},{"type":"U","date":"2018-04-04T02:28:07.000Z","volume":4000,"label":"X","price":4.8},{"type":"U","date":"2018-04-04T02:29:07.000Z","volume":6000,"label":"X","price":4.8},{"type":"A","date":"2018-04-04T02:29:07.000Z","volume":2000,"label":" ","price":4.8},{"type":"A","date":"2018-04-04T02:29:08.000Z","volume":2000,"label":" ","price":4.8},{"type":"B","date":"2018-04-04T02:29:10.000Z","volume":2000,"label":" ","price":4.79},{"type":"A","date":"2018-04-04T02:30:20.000Z","volume":2000,"label":" ","price":4.8},{"type":"B","date":"2018-04-04T02:30:30.000Z","volume":2000,"label":" ","price":4.79},{"type":"A","date":"2018-04-04T02:31:37.000Z","volume":6000,"label":" ","price":4.8},{"type":"B","date":"2018-04-04T02:31:40.000Z","volume":2000,"label":" ","price":4.79},{"type":"A","date":"2018-04-04T02:31:44.000Z","volume":2000,"label":" ","price":4.8},{"type":"B","date":"2018-04-04T02:31:50.000Z","volume":2000,"label":" ","price":4.79},{"type":"B","date":"2018-04-04T02:32:44.000Z","volume":20000,"label":" ","price":4.79},{"type":"U","date":"2018-04-04T02:32:50.000Z","volume":6000,"label":"X","price":4.795},{"type":"B","date":"2018-04-04T02:32:50.000Z","volume":4000,"label":" ","price":4.79},{"type":"U","date":"2018-04-04T02:33:06.000Z","volume":8000,"label":"X","price":4.795},{"type":"U","date":"2018-04-04T02:33:06.000Z","volume":2000,"label":"X","price":4.795},{"type":"A","date":"2018-04-04T02:33:49.000Z","volume":2000,"label":" ","price":4.8},{"type":"A","date":"2018-04-04T02:34:09.000Z","volume":2000,"label":" ","price":4.8},{"type":"U","date":"2018-04-04T02:34:09.000Z","volume":2000,"label":"X","price":4.8},{"type":"A","date":"2018-04-04T02:34:38.000Z","volume":6000,"label":" ","price":4.8},{"type":"B","date":"2018-04-04T02:34:41.000Z","volume":2000,"label":" ","price":4.79},{"type":"A","date":"2018-04-04T02:35:38.000Z","volume":4000,"label":" ","price":4.8},{"type":"B","date":"2018-04-04T02:35:41.000Z","volume":2000,"label":" ","price":4.79},{"type":"A","date":"2018-04-04T02:36:03.000Z","volume":2000,"label":" ","price":4.8},{"type":"A","date":"2018-04-04T02:36:08.000Z","volume":6000,"label":" ","price":4.8},{"type":"B","date":"2018-04-04T02:36:11.000Z","volume":4000,"label":" ","price":4.79},{"type":"B","date":"2018-04-04T02:36:33.000Z","volume":200000,"label":" ","price":4.79},{"type":"B","date":"2018-04-04T02:36:41.000Z","volume":98000,"label":" ","price":4.79},{"type":"B","date":"2018-04-04T02:36:41.000Z","volume":10000,"label":" ","price":4.79},{"type":"B","date":"2018-04-04T02:36:51.000Z","volume":4000,"label":" ","price":4.79},{"type":"B","date":"2018-04-04T02:38:02.000Z","volume":2000,"label":" ","price":4.79},{"type":"B","date":"2018-04-04T02:38:11.000Z","volume":2000,"label":" ","price":4.79},{"type":"B","date":"2018-04-04T02:38:33.000Z","volume":6000,"label":" ","price":4.79},{"type":"B","date":"2018-04-04T02:38:41.000Z","volume":2000,"label":" ","price":4.79},{"type":"U","date":"2018-04-04T02:38:43.000Z","volume":10000,"label":"X","price":4.795},{"type":"U","date":"2018-04-04T02:38:43.000Z","volume":2000,"label":"X","price":4.795},{"type":"B","date":"2018-04-04T02:39:10.000Z","volume":2000,"label":" ","price":4.79},{"type":"B","date":"2018-04-04T02:39:11.000Z","volume":2000,"label":" ","price":4.79},{"type":"B","date":"2018-04-04T02:40:15.000Z","volume":4000,"label":" ","price":4.79},{"type":"B","date":"2018-04-04T02:40:22.000Z","volume":2000,"label":" ","price":4.79},{"type":"B","date":"2018-04-04T02:44:19.000Z","volume":16000,"label":" ","price":4.79},{"type":"B","date":"2018-04-04T02:44:24.000Z","volume":8000,"label":" ","price":4.79},{"type":"B","date":"2018-04-04T02:46:07.000Z","volume":20000,"label":" ","price":4.79},{"type":"B","date":"2018-04-04T02:46:14.000Z","volume":10000,"label":" ","price":4.79},{"type":"B","date":"2018-04-04T02:46:20.000Z","volume":2000,"label":" ","price":4.79},{"type":"U","date":"2018-04-04T02:46:25.000Z","volume":2000,"label":"X","price":4.795},{"type":"U","date":"2018-04-04T02:46:45.000Z","volume":2000,"label":"X","price":4.795},{"type":"B","date":"2018-04-04T02:49:15.000Z","volume":20000,"label":" ","price":4.79},{"type":"B","date":"2018-04-04T02:49:24.000Z","volume":10000,"label":" ","price":4.79},{"type":"U","date":"2018-04-04T02:49:36.000Z","volume":2000,"label":"X","price":4.795},{"type":"U","date":"2018-04-04T02:50:26.000Z","volume":2000,"label":"X","price":4.795},{"type":"B","date":"2018-04-04T02:52:02.000Z","volume":2000,"label":"Y","price":4.79},{"type":"B","date":"2018-04-04T02:52:04.000Z","volume":2000,"label":"Y","price":4.79},{"type":"B","date":"2018-04-04T02:52:05.000Z","volume":2000,"label":" ","price":4.79},{"type":"A","date":"2018-04-04T02:53:12.000Z","volume":2000,"label":" ","price":4.8},{"type":"B","date":"2018-04-04T02:53:15.000Z","volume":2000,"label":" ","price":4.79},{"type":"U","date":"2018-04-04T02:53:37.000Z","volume":2000,"label":"X","price":4.795},{"type":"B","date":"2018-04-04T02:56:04.000Z","volume":4000,"label":" ","price":4.79},{"type":"U","date":"2018-04-04T02:56:04.000Z","volume":2000,"label":"X","price":4.795},{"type":"U","date":"2018-04-04T02:56:04.000Z","volume":4000,"label":"X","price":4.8},{"type":"B","date":"2018-04-04T02:56:06.000Z","volume":2000,"label":" ","price":4.79},{"type":"A","date":"2018-04-04T02:57:09.000Z","volume":2000,"label":" ","price":4.8},{"type":"B","date":"2018-04-04T02:57:35.000Z","volume":2000,"label":"Y","price":4.79},{"type":"B","date":"2018-04-04T02:57:37.000Z","volume":2000,"label":" ","price":4.79},{"type":"A","date":"2018-04-04T02:58:59.000Z","volume":2000,"label":" ","price":4.8},{"type":"A","date":"2018-04-04T03:00:36.000Z","volume":2000,"label":" ","price":4.8},{"type":"A","date":"2018-04-04T03:01:49.000Z","volume":2000,"label":" ","price":4.8},{"type":"B","date":"2018-04-04T03:01:58.000Z","volume":2000,"label":" ","price":4.79},{"type":"A","date":"2018-04-04T03:02:09.000Z","volume":6000,"label":" ","price":4.8},{"type":"B","date":"2018-04-04T03:02:18.000Z","volume":2000,"label":" ","price":4.79},{"type":"U","date":"2018-04-04T03:02:25.000Z","volume":2000,"label":"X","price":4.795},{"type":"A","date":"2018-04-04T03:03:24.000Z","volume":2000,"label":" ","price":4.8},{"type":"B","date":"2018-04-04T03:03:28.000Z","volume":2000,"label":" ","price":4.79},{"type":"B","date":"2018-04-04T03:03:34.000Z","volume":4000,"label":" ","price":4.79},{"type":"A","date":"2018-04-04T03:03:37.000Z","volume":2000,"label":" ","price":4.8},{"type":"B","date":"2018-04-04T03:03:38.000Z","volume":2000,"label":" ","price":4.79},{"type":"A","date":"2018-04-04T03:03:39.000Z","volume":6000,"label":" ","price":4.8},{"type":"B","date":"2018-04-04T03:03:48.000Z","volume":4000,"label":" ","price":4.79},{"type":"A","date":"2018-04-04T03:05:04.000Z","volume":6000,"label":" ","price":4.8},{"type":"A","date":"2018-04-04T03:05:05.000Z","volume":2000,"label":" ","price":4.8},{"type":"B","date":"2018-04-04T03:05:08.000Z","volume":4000,"label":" ","price":4.79},{"type":"A","date":"2018-04-04T03:06:09.000Z","volume":6000,"label":" ","price":4.8},{"type":"U","date":"2018-04-04T03:06:09.000Z","volume":2000,"label":"X","price":4.795},{"type":"B","date":"2018-04-04T03:06:18.000Z","volume":2000,"label":" ","price":4.79},{"type":"A","date":"2018-04-04T03:07:42.000Z","volume":2000,"label":" ","price":4.8},{"type":"B","date":"2018-04-04T03:07:48.000Z","volume":2000,"label":" ","price":4.79},{"type":"A","date":"2018-04-04T03:08:39.000Z","volume":6000,"label":" ","price":4.8},{"type":"U","date":"2018-04-04T03:08:39.000Z","volume":2000,"label":"X","price":4.795},{"type":"U","date":"2018-04-04T03:08:39.000Z","volume":2000,"label":"X","price":4.8},{"type":"B","date":"2018-04-04T03:08:48.000Z","volume":2000,"label":" ","price":4.79},{"type":"U","date":"2018-04-04T03:08:57.000Z","volume":2000,"label":"X","price":4.795},{"type":"U","date":"2018-04-04T03:09:18.000Z","volume":6000,"label":"X","price":4.8},{"type":"A","date":"2018-04-04T03:09:44.000Z","volume":2000,"label":" ","price":4.8},{"type":"B","date":"2018-04-04T03:09:47.000Z","volume":10000,"label":" ","price":4.79},{"type":"B","date":"2018-04-04T03:09:49.000Z","volume":6000,"label":" ","price":4.79},{"type":"U","date":"2018-04-04T03:10:02.000Z","volume":2000,"label":"X","price":4.795},{"type":"A","date":"2018-04-04T03:10:34.000Z","volume":2000,"label":" ","price":4.8},{"type":"B","date":"2018-04-04T03:10:39.000Z","volume":2000,"label":" ","price":4.79},{"type":"A","date":"2018-04-04T03:11:09.000Z","volume":2000,"label":" ","price":4.8},{"type":"A","date":"2018-04-04T03:11:09.000Z","volume":6000,"label":" ","price":4.8},{"type":"B","date":"2018-04-04T03:11:19.000Z","volume":4000,"label":" ","price":4.79},{"type":"U","date":"2018-04-04T03:11:19.000Z","volume":2000,"label":"X","price":4.8},{"type":"U","date":"2018-04-04T03:11:23.000Z","volume":2000,"label":"X","price":4.795},{"type":"B","date":"2018-04-04T03:11:34.000Z","volume":4000,"label":" ","price":4.79},{"type":"B","date":"2018-04-04T03:11:39.000Z","volume":2000,"label":" ","price":4.79},{"type":"A","date":"2018-04-04T03:13:39.000Z","volume":4000,"label":" ","price":4.8},{"type":"B","date":"2018-04-04T03:13:49.000Z","volume":2000,"label":" ","price":4.79},{"type":"U","date":"2018-04-04T03:14:13.000Z","volume":2000,"label":"X","price":4.795},{"type":"A","date":"2018-04-04T03:15:09.000Z","volume":4000,"label":" ","price":4.8},{"type":"B","date":"2018-04-04T03:15:19.000Z","volume":2000,"label":" ","price":4.79},{"type":"A","date":"2018-04-04T03:15:22.000Z","volume":2000,"label":" ","price":4.8},{"type":"A","date":"2018-04-04T03:15:24.000Z","volume":2000,"label":" ","price":4.8},{"type":"U","date":"2018-04-04T03:15:24.000Z","volume":2000,"label":"X","price":4.795},{"type":"B","date":"2018-04-04T03:15:29.000Z","volume":2000,"label":" ","price":4.79},{"type":"A","date":"2018-04-04T03:15:49.000Z","volume":2000,"label":" ","price":4.8},{"type":"A","date":"2018-04-04T03:16:04.000Z","volume":2000,"label":" ","price":4.8},{"type":"B","date":"2018-04-04T03:16:10.000Z","volume":2000,"label":" ","price":4.79},{"type":"U","date":"2018-04-04T03:16:10.000Z","volume":2000,"label":"X","price":4.8},{"type":"U","date":"2018-04-04T03:16:24.000Z","volume":2000,"label":"X","price":4.795},{"type":"A","date":"2018-04-04T03:18:52.000Z","volume":2000,"label":" ","price":4.8},{"type":"A","date":"2018-04-04T03:19:06.000Z","volume":6000,"label":" ","price":4.8},{"type":"B","date":"2018-04-04T03:19:10.000Z","volume":4000,"label":" ","price":4.79},{"type":"A","date":"2018-04-04T03:19:34.000Z","volume":2000,"label":" ","price":4.8},{"type":"B","date":"2018-04-04T03:19:35.000Z","volume":2000,"label":"Y","price":4.79},{"type":"B","date":"2018-04-04T03:19:35.000Z","volume":2000,"label":" ","price":4.79},{"type":"U","date":"2018-04-04T03:19:35.000Z","volume":2000,"label":"X","price":4.8},{"type":"B","date":"2018-04-04T03:19:40.000Z","volume":2000,"label":" ","price":4.79},{"type":"U","date":"2018-04-04T03:19:55.000Z","volume":2000,"label":"X","price":4.795},{"type":"A","date":"2018-04-04T03:20:28.000Z","volume":2000,"label":" ","price":4.8},{"type":"B","date":"2018-04-04T03:20:30.000Z","volume":2000,"label":" ","price":4.79},{"type":"A","date":"2018-04-04T03:21:33.000Z","volume":2000,"label":" ","price":4.8},{"type":"B","date":"2018-04-04T03:22:03.000Z","volume":2000,"label":" ","price":4.79},{"type":"U","date":"2018-04-04T03:22:06.000Z","volume":2000,"label":"X","price":4.795},{"type":"B","date":"2018-04-04T03:22:10.000Z","volume":2000,"label":" ","price":4.79},{"type":"U","date":"2018-04-04T03:22:18.000Z","volume":2000,"label":"X","price":4.8},{"type":"A","date":"2018-04-04T03:22:24.000Z","volume":2000,"label":" ","price":4.8},{"type":"B","date":"2018-04-04T03:22:25.000Z","volume":2000,"label":" ","price":4.79},{"type":"B","date":"2018-04-04T03:22:30.000Z","volume":2000,"label":" ","price":4.79},{"type":"A","date":"2018-04-04T03:22:36.000Z","volume":2000,"label":" ","price":4.8},{"type":"B","date":"2018-04-04T03:23:01.000Z","volume":4000,"label":" ","price":4.79},{"type":"B","date":"2018-04-04T03:23:10.000Z","volume":2000,"label":" ","price":4.79},{"type":"A","date":"2018-04-04T03:23:48.000Z","volume":2000,"label":" ","price":4.8},{"type":"B","date":"2018-04-04T03:23:50.000Z","volume":2000,"label":" ","price":4.79},{"type":"B","date":"2018-04-04T03:24:47.000Z","volume":100000,"label":" ","price":4.79},{"type":"B","date":"2018-04-04T03:24:51.000Z","volume":48000,"label":" ","price":4.79},{"type":"U","date":"2018-04-04T03:25:07.000Z","volume":10000,"label":"X","price":4.795},{"type":"B","date":"2018-04-04T03:28:05.000Z","volume":2000,"label":" ","price":4.79},{"type":"B","date":"2018-04-04T03:28:11.000Z","volume":2000,"label":" ","price":4.79},{"type":"U","date":"2018-04-04T03:30:12.000Z","volume":6000,"label":"X","price":4.8},{"type":"A","date":"2018-04-04T03:30:30.000Z","volume":2000,"label":" ","price":4.8},{"type":"B","date":"2018-04-04T03:30:33.000Z","volume":2000,"label":" ","price":4.79},{"type":"B","date":"2018-04-04T03:30:42.000Z","volume":2000,"label":" ","price":4.79},{"type":"B","date":"2018-04-04T03:32:05.000Z","volume":2000,"label":" ","price":4.79},{"type":"B","date":"2018-04-04T03:33:39.000Z","volume":20000,"label":" ","price":4.79},{"type":"U","date":"2018-04-04T03:33:42.000Z","volume":6000,"label":"X","price":4.795},{"type":"B","date":"2018-04-04T03:33:42.000Z","volume":4000,"label":" ","price":4.79},{"type":"A","date":"2018-04-04T03:34:29.000Z","volume":2000,"label":" ","price":4.8},{"type":"A","date":"2018-04-04T03:34:30.000Z","volume":2000,"label":" ","price":4.8},{"type":"B","date":"2018-04-04T03:36:35.000Z","volume":2000,"label":" ","price":4.79},{"type":"A","date":"2018-04-04T03:36:35.000Z","volume":84000,"label":" ","price":4.8},{"type":"A","date":"2018-04-04T03:36:35.000Z","volume":4000,"label":" ","price":4.8},{"type":"U","date":"2018-04-04T03:36:42.000Z","volume":8000,"label":"X","price":4.795},{"type":"B","date":"2018-04-04T03:36:42.000Z","volume":36000,"label":" ","price":4.79},{"type":"A","date":"2018-04-04T03:38:05.000Z","volume":2000,"label":" ","price":4.8},{"type":"U","date":"2018-04-04T03:38:36.000Z","volume":2000,"label":"X","price":4.795},{"type":"U","date":"2018-04-04T03:38:36.000Z","volume":8000,"label":"X","price":4.795},{"type":"U","date":"2018-04-04T03:38:39.000Z","volume":4000,"label":"X","price":4.8},{"type":"A","date":"2018-04-04T03:38:39.000Z","volume":28000,"label":" ","price":4.8},{"type":"A","date":"2018-04-04T03:38:43.000Z","volume":2000,"label":" ","price":4.8},{"type":"B","date":"2018-04-04T03:38:44.000Z","volume":12000,"label":" ","price":4.79},{"type":"A","date":"2018-04-04T03:39:09.000Z","volume":2000,"label":" ","price":4.8},{"type":"B","date":"2018-04-04T03:39:33.000Z","volume":2000,"label":" ","price":4.79},{"type":"B","date":"2018-04-04T03:39:34.000Z","volume":2000,"label":" ","price":4.79},{"type":"A","date":"2018-04-04T03:40:10.000Z","volume":4000,"label":" ","price":4.8},{"type":"B","date":"2018-04-04T03:40:15.000Z","volume":2000,"label":" ","price":4.79},{"type":"B","date":"2018-04-04T03:41:05.000Z","volume":4000,"label":" ","price":4.79},{"type":"B","date":"2018-04-04T03:41:15.000Z","volume":2000,"label":" ","price":4.79},{"type":"A","date":"2018-04-04T03:41:24.000Z","volume":2000,"label":" ","price":4.8},{"type":"A","date":"2018-04-04T03:41:40.000Z","volume":4000,"label":" ","price":4.8},{"type":"B","date":"2018-04-04T03:41:45.000Z","volume":2000,"label":" ","price":4.79},{"type":"A","date":"2018-04-04T03:42:38.000Z","volume":2000,"label":" ","price":4.8},{"type":"B","date":"2018-04-04T03:42:45.000Z","volume":2000,"label":" ","price":4.79},{"type":"A","date":"2018-04-04T03:43:10.000Z","volume":6000,"label":" ","price":4.8},{"type":"B","date":"2018-04-04T03:43:15.000Z","volume":2000,"label":" ","price":4.79},{"type":"A","date":"2018-04-04T03:43:49.000Z","volume":2000,"label":" ","price":4.8},{"type":"B","date":"2018-04-04T03:43:55.000Z","volume":2000,"label":" ","price":4.79},{"type":"A","date":"2018-04-04T03:44:19.000Z","volume":2000,"label":" ","price":4.8},{"type":"A","date":"2018-04-04T03:44:40.000Z","volume":6000,"label":" ","price":4.8},{"type":"U","date":"2018-04-04T03:44:44.000Z","volume":2000,"label":"X","price":4.795},{"type":"B","date":"2018-04-04T03:44:45.000Z","volume":4000,"label":" ","price":4.79},{"type":"A","date":"2018-04-04T03:46:58.000Z","volume":2000,"label":" ","price":4.8},{"type":"A","date":"2018-04-04T03:47:10.000Z","volume":4000,"label":" ","price":4.8},{"type":"B","date":"2018-04-04T03:47:16.000Z","volume":2000,"label":" ","price":4.79},{"type":"U","date":"2018-04-04T03:47:16.000Z","volume":6000,"label":"X","price":4.8},{"type":"A","date":"2018-04-04T03:47:44.000Z","volume":2000,"label":" ","price":4.8},{"type":"B","date":"2018-04-04T03:48:05.000Z","volume":2000,"label":" ","price":4.79},{"type":"B","date":"2018-04-04T03:48:07.000Z","volume":2000,"label":" ","price":4.79},{"type":"A","date":"2018-04-04T03:48:10.000Z","volume":4000,"label":" ","price":4.8},{"type":"B","date":"2018-04-04T03:48:17.000Z","volume":2000,"label":" ","price":4.79},{"type":"A","date":"2018-04-04T03:48:38.000Z","volume":2000,"label":" ","price":4.8},{"type":"B","date":"2018-04-04T03:49:34.000Z","volume":2000,"label":" ","price":4.79},{"type":"B","date":"2018-04-04T03:49:37.000Z","volume":2000,"label":" ","price":4.79},{"type":"A","date":"2018-04-04T03:50:40.000Z","volume":6000,"label":" ","price":4.8},{"type":"A","date":"2018-04-04T03:50:42.000Z","volume":2000,"label":" ","price":4.8},{"type":"B","date":"2018-04-04T03:50:47.000Z","volume":4000,"label":" ","price":4.79},{"type":"B","date":"2018-04-04T03:51:36.000Z","volume":2000,"label":" ","price":4.79},{"type":"A","date":"2018-04-04T03:53:09.000Z","volume":2000,"label":" ","price":4.8},{"type":"B","date":"2018-04-04T03:53:17.000Z","volume":2000,"label":" ","price":4.79},{"type":"A","date":"2018-04-04T03:53:40.000Z","volume":6000,"label":" ","price":4.8},{"type":"A","date":"2018-04-04T03:53:44.000Z","volume":2000,"label":" ","price":4.8},{"type":"B","date":"2018-04-04T03:53:47.000Z","volume":4000,"label":" ","price":4.79},{"type":"U","date":"2018-04-04T03:54:15.000Z","volume":6000,"label":"X","price":4.795},{"type":"U","date":"2018-04-04T03:54:15.000Z","volume":4000,"label":"X","price":4.795},{"type":"B","date":"2018-04-04T03:55:06.000Z","volume":2000,"label":" ","price":4.79},{"type":"A","date":"2018-04-04T03:55:41.000Z","volume":4000,"label":" ","price":4.8},{"type":"B","date":"2018-04-04T03:55:47.000Z","volume":2000,"label":" ","price":4.79},{"type":"A","date":"2018-04-04T03:57:11.000Z","volume":4000,"label":" ","price":4.8},{"type":"B","date":"2018-04-04T03:57:17.000Z","volume":2000,"label":" ","price":4.79},{"type":"A","date":"2018-04-04T03:57:49.000Z","volume":2000,"label":" ","price":4.8},{"type":"B","date":"2018-04-04T03:57:57.000Z","volume":2000,"label":" ","price":4.79},{"type":"A","date":"2018-04-04T03:58:04.000Z","volume":2000,"label":" ","price":4.8},{"type":"U","date":"2018-04-04T03:58:04.000Z","volume":6000,"label":"X","price":4.8},{"type":"A","date":"2018-04-04T03:58:41.000Z","volume":6000,"label":" ","price":4.8},{"type":"B","date":"2018-04-04T03:58:47.000Z","volume":4000,"label":" ","price":4.79},{"type":"B","date":"2018-04-04T03:59:06.000Z","volume":2000,"label":" ","price":4.79},{"type":"B","date":"2018-04-04T03:59:34.000Z","volume":2000,"label":" ","price":4.79},{"type":"A","date":"2018-04-04T03:59:35.000Z","volume":2000,"label":" ","price":4.8},{"type":"B","date":"2018-04-04T03:59:37.000Z","volume":2000,"label":" ","price":4.79},{"type":"A","date":"2018-04-04T05:00:00.000Z","volume":2000,"label":" ","price":4.8},{"type":"A","date":"2018-04-04T05:00:00.000Z","volume":2000,"label":" ","price":4.8},{"type":"A","date":"2018-04-04T05:00:01.000Z","volume":14000,"label":" ","price":4.8},{"type":"U","date":"2018-04-04T05:00:02.000Z","volume":6000,"label":"X","price":4.8},{"type":"U","date":"2018-04-04T05:00:06.000Z","volume":10000,"label":"X","price":4.8},{"type":"A","date":"2018-04-04T05:00:42.000Z","volume":6000,"label":" ","price":4.8},{"type":"U","date":"2018-04-04T05:01:22.000Z","volume":2000,"label":"X","price":4.795},{"type":"U","date":"2018-04-04T05:01:28.000Z","volume":2000,"label":"X","price":4.8},{"type":"A","date":"2018-04-04T05:03:10.000Z","volume":2000,"label":" ","price":4.8},{"type":"A","date":"2018-04-04T05:03:53.000Z","volume":10000,"label":" ","price":4.8},{"type":"A","date":"2018-04-04T05:03:53.000Z","volume":2000,"label":" ","price":4.8},{"type":"A","date":"2018-04-04T05:05:03.000Z","volume":4000,"label":" ","price":4.8},{"type":"U","date":"2018-04-04T05:05:12.000Z","volume":6000,"label":"X","price":4.795},{"type":"U","date":"2018-04-04T05:05:12.000Z","volume":8000,"label":"X","price":4.795},{"type":"A","date":"2018-04-04T05:05:19.000Z","volume":2000,"label":" ","price":4.8},{"type":"A","date":"2018-04-04T05:06:35.000Z","volume":2000,"label":" ","price":4.8},{"type":"A","date":"2018-04-04T05:06:37.000Z","volume":2000,"label":" ","price":4.8},{"type":"A","date":"2018-04-04T05:06:40.000Z","volume":2000,"label":" ","price":4.8},{"type":"U","date":"2018-04-04T05:07:37.000Z","volume":2000,"label":"X","price":4.795},{"type":"A","date":"2018-04-04T05:07:46.000Z","volume":2000,"label":" ","price":4.8},{"type":"A","date":"2018-04-04T05:08:36.000Z","volume":2000,"label":" ","price":4.8},{"type":"A","date":"2018-04-04T05:09:14.000Z","volume":200000,"label":" ","price":4.8},{"type":"U","date":"2018-04-04T05:09:14.000Z","volume":4000,"label":"X","price":4.8},{"type":"A","date":"2018-04-04T05:09:15.000Z","volume":270000,"label":" ","price":4.8},{"type":"A","date":"2018-04-04T05:09:15.000Z","volume":64000,"label":" ","price":4.8},{"type":"A","date":"2018-04-04T05:09:15.000Z","volume":332000,"label":" ","price":4.8},{"type":"A","date":"2018-04-04T05:09:15.000Z","volume":38000,"label":" ","price":4.81},{"type":"A","date":"2018-04-04T05:09:15.000Z","volume":72000,"label":" ","price":4.81},{"type":"A","date":"2018-04-04T05:09:15.000Z","volume":52000,"label":" ","price":4.81},{"type":"B","date":"2018-04-04T05:09:16.000Z","volume":12000,"label":" ","price":4.81},{"type":"A","date":"2018-04-04T05:09:16.000Z","volume":38000,"label":" ","price":4.82},{"type":"U","date":"2018-04-04T05:09:23.000Z","volume":44000,"label":"X","price":4.815},{"type":"B","date":"2018-04-04T05:09:23.000Z","volume":24000,"label":" ","price":4.81},{"type":"U","date":"2018-04-04T05:09:38.000Z","volume":10000,"label":"X","price":4.82},{"type":"A","date":"2018-04-04T05:09:38.000Z","volume":8000,"label":" ","price":4.82},{"type":"A","date":"2018-04-04T05:09:42.000Z","volume":6000,"label":" ","price":4.82},{"type":"U","date":"2018-04-04T05:09:52.000Z","volume":6000,"label":"X","price":4.82},{"type":"A","date":"2018-04-04T05:10:09.000Z","volume":18000,"label":" ","price":4.82},{"type":"A","date":"2018-04-04T05:10:10.000Z","volume":16000,"label":" ","price":4.82},{"type":"A","date":"2018-04-04T05:10:12.000Z","volume":2000,"label":" ","price":4.82},{"type":"A","date":"2018-04-04T05:10:18.000Z","volume":2000,"label":" ","price":4.82},{"type":"U","date":"2018-04-04T05:10:18.000Z","volume":6000,"label":"X","price":4.82},{"type":"U","date":"2018-04-04T05:10:19.000Z","volume":12000,"label":"X","price":4.82},{"type":"A","date":"2018-04-04T05:10:19.000Z","volume":14000,"label":" ","price":4.82},{"type":"A","date":"2018-04-04T05:11:06.000Z","volume":12000,"label":" ","price":4.82},{"type":"A","date":"2018-04-04T05:11:06.000Z","volume":4000,"label":"Y","price":4.82},{"type":"A","date":"2018-04-04T05:11:06.000Z","volume":50000,"label":" ","price":4.82},{"type":"A","date":"2018-04-04T05:11:12.000Z","volume":4000,"label":" ","price":4.83},{"type":"A","date":"2018-04-04T05:11:35.000Z","volume":2000,"label":" ","price":4.83},{"type":"B","date":"2018-04-04T05:12:54.000Z","volume":24000,"label":" ","price":4.82},{"type":"A","date":"2018-04-04T05:12:56.000Z","volume":2000,"label":" ","price":4.83},{"type":"B","date":"2018-04-04T05:13:12.000Z","volume":6000,"label":" ","price":4.82},{"type":"A","date":"2018-04-04T05:15:42.000Z","volume":4000,"label":" ","price":4.83},{"type":"A","date":"2018-04-04T05:15:46.000Z","volume":2000,"label":" ","price":4.83},{"type":"U","date":"2018-04-04T05:15:54.000Z","volume":10000,"label":"X","price":4.825},{"type":"U","date":"2018-04-04T05:16:21.000Z","volume":24000,"label":"X","price":4.825},{"type":"B","date":"2018-04-04T05:16:21.000Z","volume":276000,"label":" ","price":4.82},{"type":"B","date":"2018-04-04T05:16:28.000Z","volume":114000,"label":" ","price":4.82},{"type":"B","date":"2018-04-04T05:16:28.000Z","volume":30000,"label":" ","price":4.82},{"type":"B","date":"2018-04-04T05:16:28.000Z","volume":30000,"label":" ","price":4.82},{"type":"A","date":"2018-04-04T05:16:30.000Z","volume":2000,"label":" ","price":4.82},{"type":"U","date":"2018-04-04T05:17:04.000Z","volume":6000,"label":"X","price":4.82},{"type":"B","date":"2018-04-04T05:17:04.000Z","volume":74000,"label":" ","price":4.81},{"type":"B","date":"2018-04-04T05:17:11.000Z","volume":26000,"label":" ","price":4.81},{"type":"B","date":"2018-04-04T05:17:11.000Z","volume":2000,"label":" ","price":4.81},{"type":"B","date":"2018-04-04T05:17:11.000Z","volume":2000,"label":" ","price":4.81},{"type":"B","date":"2018-04-04T05:21:14.000Z","volume":4000,"label":" ","price":4.81},{"type":"U","date":"2018-04-04T05:24:42.000Z","volume":6000,"label":"X","price":4.82},{"type":"A","date":"2018-04-04T05:24:56.000Z","volume":24000,"label":" ","price":4.82},{"type":"B","date":"2018-04-04T05:25:02.000Z","volume":10000,"label":" ","price":4.82},{"type":"U","date":"2018-04-04T05:25:12.000Z","volume":2000,"label":"X","price":4.83},{"type":"A","date":"2018-04-04T05:25:12.000Z","volume":2000,"label":" ","price":4.83},{"type":"A","date":"2018-04-04T05:25:42.000Z","volume":4000,"label":" ","price":4.83},{"type":"B","date":"2018-04-04T05:25:52.000Z","volume":2000,"label":" ","price":4.82},{"type":"B","date":"2018-04-04T05:26:06.000Z","volume":2000,"label":" ","price":4.82},{"type":"B","date":"2018-04-04T05:26:12.000Z","volume":2000,"label":" ","price":4.82},{"type":"A","date":"2018-04-04T05:26:12.000Z","volume":4000,"label":" ","price":4.83},{"type":"B","date":"2018-04-04T05:26:22.000Z","volume":2000,"label":" ","price":4.82},{"type":"A","date":"2018-04-04T05:26:42.000Z","volume":6000,"label":" ","price":4.83},{"type":"B","date":"2018-04-04T05:26:52.000Z","volume":2000,"label":" ","price":4.82},{"type":"A","date":"2018-04-04T05:27:12.000Z","volume":6000,"label":" ","price":4.83},{"type":"U","date":"2018-04-04T05:27:17.000Z","volume":2000,"label":"X","price":4.83},{"type":"B","date":"2018-04-04T05:27:22.000Z","volume":4000,"label":" ","price":4.82},{"type":"A","date":"2018-04-04T05:27:36.000Z","volume":200000,"label":" ","price":4.83},{"type":"U","date":"2018-04-04T05:27:42.000Z","volume":14000,"label":"X","price":4.825},{"type":"B","date":"2018-04-04T05:27:42.000Z","volume":34000,"label":" ","price":4.82},{"type":"U","date":"2018-04-04T05:27:45.000Z","volume":2000,"label":"X","price":4.83},{"type":"U","date":"2018-04-04T05:27:45.000Z","volume":14000,"label":"X","price":4.83},{"type":"A","date":"2018-04-04T05:27:45.000Z","volume":4000,"label":" ","price":4.83},{"type":"U","date":"2018-04-04T05:27:52.000Z","volume":12000,"label":"X","price":4.825},{"type":"U","date":"2018-04-04T05:27:53.000Z","volume":20000,"label":"X","price":4.825},{"type":"U","date":"2018-04-04T05:27:53.000Z","volume":8000,"label":"X","price":4.825},{"type":"B","date":"2018-04-04T05:28:19.000Z","volume":10000,"label":" ","price":4.82},{"type":"A","date":"2018-04-04T05:30:20.000Z","volume":2000,"label":" ","price":4.83},{"type":"A","date":"2018-04-04T05:32:42.000Z","volume":4000,"label":" ","price":4.83},{"type":"A","date":"2018-04-04T05:33:12.000Z","volume":4000,"label":" ","price":4.83},{"type":"A","date":"2018-04-04T05:33:43.000Z","volume":6000,"label":" ","price":4.83},{"type":"A","date":"2018-04-04T05:34:43.000Z","volume":4000,"label":" ","price":4.83},{"type":"A","date":"2018-04-04T05:35:13.000Z","volume":4000,"label":" ","price":4.83},{"type":"B","date":"2018-04-04T05:35:36.000Z","volume":2000,"label":"Y","price":4.82},{"type":"A","date":"2018-04-04T05:36:13.000Z","volume":4000,"label":" ","price":4.83},{"type":"A","date":"2018-04-04T05:36:43.000Z","volume":4000,"label":" ","price":4.83},{"type":"A","date":"2018-04-04T05:37:13.000Z","volume":6000,"label":" ","price":4.83},{"type":"U","date":"2018-04-04T05:37:17.000Z","volume":6000,"label":"X","price":4.825},{"type":"B","date":"2018-04-04T05:38:15.000Z","volume":2000,"label":" ","price":4.82},{"type":"A","date":"2018-04-04T05:38:43.000Z","volume":4000,"label":" ","price":4.83},{"type":"B","date":"2018-04-04T05:38:45.000Z","volume":2000,"label":" ","price":4.82},{"type":"U","date":"2018-04-04T05:39:16.000Z","volume":2000,"label":"X","price":4.83},{"type":"A","date":"2018-04-04T05:40:13.000Z","volume":6000,"label":" ","price":4.83},{"type":"B","date":"2018-04-04T05:40:15.000Z","volume":2000,"label":" ","price":4.82},{"type":"U","date":"2018-04-04T05:40:55.000Z","volume":6000,"label":"X","price":4.825},{"type":"B","date":"2018-04-04T05:40:55.000Z","volume":36000,"label":" ","price":4.82},{"type":"B","date":"2018-04-04T05:40:55.000Z","volume":8000,"label":" ","price":4.82},{"type":"A","date":"2018-04-04T05:40:55.000Z","volume":2000,"label":" ","price":4.83},{"type":"B","date":"2018-04-04T05:42:28.000Z","volume":100000,"label":" ","price":4.82},{"type":"A","date":"2018-04-04T05:42:28.000Z","volume":100000,"label":" ","price":4.82},{"type":"B","date":"2018-04-04T05:42:28.000Z","volume":2000,"label":" ","price":4.82},{"type":"A","date":"2018-04-04T05:42:30.000Z","volume":2000,"label":" ","price":4.83},{"type":"U","date":"2018-04-04T05:42:35.000Z","volume":6000,"label":"X","price":4.825},{"type":"B","date":"2018-04-04T05:42:35.000Z","volume":4000,"label":" ","price":4.82},{"type":"B","date":"2018-04-04T05:42:47.000Z","volume":12000,"label":" ","price":4.82},{"type":"A","date":"2018-04-04T05:42:47.000Z","volume":2000,"label":" ","price":4.82},{"type":"U","date":"2018-04-04T05:42:48.000Z","volume":2000,"label":"X","price":4.82},{"type":"U","date":"2018-04-04T05:42:59.000Z","volume":2000,"label":"X","price":4.83},{"type":"U","date":"2018-04-04T05:43:18.000Z","volume":6000,"label":"X","price":4.83},{"type":"U","date":"2018-04-04T05:45:55.000Z","volume":6000,"label":"X","price":4.82},{"type":"A","date":"2018-04-04T05:49:15.000Z","volume":4000,"label":"Y","price":4.82},{"type":"A","date":"2018-04-04T05:49:15.000Z","volume":4000,"label":" ","price":4.82},{"type":"A","date":"2018-04-04T05:49:15.000Z","volume":2000,"label":" ","price":4.82},{"type":"A","date":"2018-04-04T05:49:15.000Z","volume":2000,"label":" ","price":4.82},{"type":"B","date":"2018-04-04T05:49:35.000Z","volume":4000,"label":" ","price":4.81},{"type":"B","date":"2018-04-04T05:49:45.000Z","volume":4000,"label":" ","price":4.81},{"type":"U","date":"2018-04-04T05:49:49.000Z","volume":2000,"label":"X","price":4.82},{"type":"B","date":"2018-04-04T05:50:00.000Z","volume":4000,"label":" ","price":4.81},{"type":"B","date":"2018-04-04T05:50:13.000Z","volume":4000,"label":"Y","price":4.81},{"type":"B","date":"2018-04-04T05:50:13.000Z","volume":2000,"label":" ","price":4.81},{"type":"B","date":"2018-04-04T05:50:27.000Z","volume":4000,"label":"Y","price":4.81},{"type":"U","date":"2018-04-04T05:50:34.000Z","volume":6000,"label":"X","price":4.815},{"type":"B","date":"2018-04-04T05:50:40.000Z","volume":4000,"label":"Y","price":4.81},{"type":"U","date":"2018-04-04T05:50:45.000Z","volume":2000,"label":"X","price":4.82},{"type":"B","date":"2018-04-04T05:50:53.000Z","volume":6000,"label":"Y","price":4.81},{"type":"B","date":"2018-04-04T05:50:54.000Z","volume":44000,"label":" ","price":4.81},{"type":"B","date":"2018-04-04T05:50:54.000Z","volume":114000,"label":" ","price":4.81},{"type":"B","date":"2018-04-04T05:54:36.000Z","volume":2000,"label":" ","price":4.8},{"type":"U","date":"2018-04-04T05:55:06.000Z","volume":6000,"label":"X","price":4.81},{"type":"B","date":"2018-04-04T05:56:06.000Z","volume":2000,"label":" ","price":4.8},{"type":"B","date":"2018-04-04T05:56:06.000Z","volume":6000,"label":" ","price":4.8},{"type":"U","date":"2018-04-04T05:56:36.000Z","volume":2000,"label":"X","price":4.81},{"type":"U","date":"2018-04-04T05:56:36.000Z","volume":2000,"label":"X","price":4.81},{"type":"U","date":"2018-04-04T05:58:42.000Z","volume":4000,"label":"X","price":4.81},{"type":"B","date":"2018-04-04T06:02:32.000Z","volume":68000,"label":" ","price":4.8},{"type":"B","date":"2018-04-04T06:02:32.000Z","volume":52000,"label":" ","price":4.8},{"type":"B","date":"2018-04-04T06:02:32.000Z","volume":4000,"label":" ","price":4.79},{"type":"U","date":"2018-04-04T06:02:44.000Z","volume":2000,"label":"X","price":4.8},{"type":"U","date":"2018-04-04T06:02:54.000Z","volume":2000,"label":"X","price":4.8},{"type":"U","date":"2018-04-04T06:02:54.000Z","volume":4000,"label":"X","price":4.8},{"type":"B","date":"2018-04-04T06:07:30.000Z","volume":2000,"label":" ","price":4.79},{"type":"U","date":"2018-04-04T06:07:47.000Z","volume":2000,"label":"X","price":4.795},{"type":"B","date":"2018-04-04T06:13:02.000Z","volume":2000,"label":" ","price":4.79},{"type":"B","date":"2018-04-04T06:13:26.000Z","volume":2000,"label":"Y","price":4.79},{"type":"B","date":"2018-04-04T06:13:26.000Z","volume":4000,"label":" ","price":4.79},{"type":"B","date":"2018-04-04T06:13:34.000Z","volume":4000,"label":" ","price":4.79},{"type":"B","date":"2018-04-04T06:13:34.000Z","volume":4000,"label":" ","price":4.79},{"type":"B","date":"2018-04-04T06:13:34.000Z","volume":6000,"label":" ","price":4.79},{"type":"B","date":"2018-04-04T06:13:34.000Z","volume":18000,"label":" ","price":4.79},{"type":"U","date":"2018-04-04T06:13:55.000Z","volume":4000,"label":"X","price":4.795},{"type":"U","date":"2018-04-04T06:17:01.000Z","volume":4000,"label":"X","price":4.8},{"type":"A","date":"2018-04-04T06:18:01.000Z","volume":6000,"label":" ","price":4.8},{"type":"B","date":"2018-04-04T06:19:04.000Z","volume":2000,"label":" ","price":4.79},{"type":"B","date":"2018-04-04T06:19:37.000Z","volume":4000,"label":" ","price":4.79},{"type":"B","date":"2018-04-04T06:19:44.000Z","volume":2000,"label":" ","price":4.79},{"type":"A","date":"2018-04-04T06:20:02.000Z","volume":4000,"label":"Y","price":4.8},{"type":"U","date":"2018-04-04T06:20:03.000Z","volume":2000,"label":"X","price":4.795},{"type":"B","date":"2018-04-04T06:20:04.000Z","volume":2000,"label":" ","price":4.79},{"type":"A","date":"2018-04-04T06:21:02.000Z","volume":4000,"label":"Y","price":4.8},{"type":"B","date":"2018-04-04T06:21:04.000Z","volume":2000,"label":" ","price":4.79},{"type":"B","date":"2018-04-04T06:21:14.000Z","volume":6000,"label":" ","price":4.79},{"type":"B","date":"2018-04-04T06:21:15.000Z","volume":4000,"label":" ","price":4.79},{"type":"A","date":"2018-04-04T06:21:20.000Z","volume":2000,"label":" ","price":4.8},{"type":"U","date":"2018-04-04T06:21:33.000Z","volume":2000,"label":"X","price":4.795},{"type":"B","date":"2018-04-04T06:21:37.000Z","volume":2000,"label":" ","price":4.79},{"type":"B","date":"2018-04-04T06:21:45.000Z","volume":2000,"label":" ","price":4.79},{"type":"U","date":"2018-04-04T06:21:54.000Z","volume":2000,"label":"X","price":4.795},{"type":"A","date":"2018-04-04T06:23:27.000Z","volume":2000,"label":" ","price":4.8},{"type":"B","date":"2018-04-04T06:23:37.000Z","volume":4000,"label":" ","price":4.79},{"type":"B","date":"2018-04-04T06:23:46.000Z","volume":2000,"label":" ","price":4.79},{"type":"U","date":"2018-04-04T06:23:53.000Z","volume":1000,"label":"D","price":4.74},{"type":"B","date":"2018-04-04T06:24:07.000Z","volume":6000,"label":" ","price":4.79},{"type":"A","date":"2018-04-04T06:24:14.000Z","volume":2000,"label":" ","price":4.8},{"type":"B","date":"2018-04-04T06:24:16.000Z","volume":4000,"label":" ","price":4.79},{"type":"B","date":"2018-04-04T06:24:16.000Z","volume":6000,"label":" ","price":4.79},{"type":"U","date":"2018-04-04T06:24:25.000Z","volume":2000,"label":"X","price":4.795},{"type":"B","date":"2018-04-04T06:24:26.000Z","volume":4000,"label":" ","price":4.79},{"type":"U","date":"2018-04-04T06:24:35.000Z","volume":2000,"label":"X","price":4.795},{"type":"B","date":"2018-04-04T06:26:26.000Z","volume":50000,"label":" ","price":4.79},{"type":"B","date":"2018-04-04T06:26:31.000Z","volume":60000,"label":" ","price":4.79},{"type":"B","date":"2018-04-04T06:26:31.000Z","volume":2000,"label":" ","price":4.78},{"type":"B","date":"2018-04-04T06:26:36.000Z","volume":6000,"label":" ","price":4.78},{"type":"B","date":"2018-04-04T06:26:36.000Z","volume":32000,"label":"Y","price":4.77},{"type":"B","date":"2018-04-04T06:26:36.000Z","volume":10000,"label":" ","price":4.77},{"type":"B","date":"2018-04-04T06:26:37.000Z","volume":12000,"label":" ","price":4.77},{"type":"B","date":"2018-04-04T06:26:37.000Z","volume":18000,"label":" ","price":4.77},{"type":"U","date":"2018-04-04T06:26:46.000Z","volume":2000,"label":"X","price":4.795},{"type":"B","date":"2018-04-04T06:27:26.000Z","volume":2000,"label":" ","price":4.76},{"type":"U","date":"2018-04-04T06:27:36.000Z","volume":2000,"label":"X","price":4.77},{"type":"U","date":"2018-04-04T06:27:36.000Z","volume":8000,"label":"X","price":4.77},{"type":"A","date":"2018-04-04T06:28:23.000Z","volume":16000,"label":" ","price":4.78},{"type":"A","date":"2018-04-04T06:29:25.000Z","volume":40000,"label":" ","price":4.78},{"type":"A","date":"2018-04-04T06:29:25.000Z","volume":6000,"label":"Y","price":4.78},{"type":"A","date":"2018-04-04T06:29:25.000Z","volume":48000,"label":" ","price":4.78},{"type":"U","date":"2018-04-04T06:29:31.000Z","volume":8000,"label":"X","price":4.79},{"type":"A","date":"2018-04-04T06:29:31.000Z","volume":2000,"label":" ","price":4.79},{"type":"U","date":"2018-04-04T06:29:33.000Z","volume":6000,"label":"X","price":4.78},{"type":"U","date":"2018-04-04T06:29:33.000Z","volume":12000,"label":"X","price":4.78},{"type":"A","date":"2018-04-04T06:34:02.000Z","volume":2000,"label":" ","price":4.78},{"type":"A","date":"2018-04-04T06:36:02.000Z","volume":2000,"label":" ","price":4.78},{"type":"B","date":"2018-04-04T06:36:28.000Z","volume":12000,"label":" ","price":4.77},{"type":"B","date":"2018-04-04T06:36:28.000Z","volume":68000,"label":" ","price":4.77},{"type":"B","date":"2018-04-04T06:36:29.000Z","volume":8000,"label":" ","price":4.77},{"type":"B","date":"2018-04-04T06:38:29.000Z","volume":32000,"label":" ","price":4.76},{"type":"U","date":"2018-04-04T06:39:42.000Z","volume":4000,"label":"X","price":4.765},{"type":"A","date":"2018-04-04T06:40:12.000Z","volume":10000,"label":" ","price":4.77},{"type":"U","date":"2018-04-04T06:41:34.000Z","volume":2000,"label":"X","price":4.765},{"type":"A","date":"2018-04-04T06:43:02.000Z","volume":2000,"label":" ","price":4.77},{"type":"A","date":"2018-04-04T06:43:32.000Z","volume":4000,"label":" ","price":4.77},{"type":"B","date":"2018-04-04T06:43:35.000Z","volume":2000,"label":" ","price":4.76},{"type":"A","date":"2018-04-04T06:44:02.000Z","volume":2000,"label":" ","price":4.77},{"type":"B","date":"2018-04-04T06:44:21.000Z","volume":4000,"label":" ","price":4.76},{"type":"B","date":"2018-04-04T06:44:21.000Z","volume":2000,"label":" ","price":4.76},{"type":"B","date":"2018-04-04T06:44:21.000Z","volume":2000,"label":" ","price":4.76},{"type":"B","date":"2018-04-04T06:44:21.000Z","volume":24000,"label":" ","price":4.76},{"type":"A","date":"2018-04-04T06:44:32.000Z","volume":2000,"label":" ","price":4.77},{"type":"A","date":"2018-04-04T06:45:02.000Z","volume":2000,"label":" ","price":4.77},{"type":"A","date":"2018-04-04T06:45:32.000Z","volume":4000,"label":" ","price":4.77},{"type":"A","date":"2018-04-04T06:46:02.000Z","volume":2000,"label":" ","price":4.77},{"type":"A","date":"2018-04-04T06:46:10.000Z","volume":2000,"label":" ","price":4.77},{"type":"A","date":"2018-04-04T06:46:32.000Z","volume":4000,"label":" ","price":4.77},{"type":"B","date":"2018-04-04T06:48:51.000Z","volume":6000,"label":" ","price":4.76},{"type":"B","date":"2018-04-04T06:48:51.000Z","volume":2000,"label":" ","price":4.76},{"type":"B","date":"2018-04-04T06:48:51.000Z","volume":6000,"label":" ","price":4.76},{"type":"B","date":"2018-04-04T06:50:08.000Z","volume":2000,"label":" ","price":4.76},{"type":"B","date":"2018-04-04T06:51:19.000Z","volume":6000,"label":" ","price":4.76},{"type":"B","date":"2018-04-04T06:51:22.000Z","volume":4000,"label":" ","price":4.76},{"type":"B","date":"2018-04-04T06:51:38.000Z","volume":4000,"label":" ","price":4.76},{"type":"B","date":"2018-04-04T06:51:42.000Z","volume":2000,"label":" ","price":4.76},{"type":"U","date":"2018-04-04T06:52:15.000Z","volume":4000,"label":"X","price":4.765},{"type":"U","date":"2018-04-04T06:52:15.000Z","volume":2000,"label":"X","price":4.765},{"type":"B","date":"2018-04-04T06:52:17.000Z","volume":2000,"label":" ","price":4.76},{"type":"B","date":"2018-04-04T06:53:08.000Z","volume":2000,"label":" ","price":4.76},{"type":"B","date":"2018-04-04T06:53:12.000Z","volume":2000,"label":" ","price":4.76},{"type":"B","date":"2018-04-04T06:54:11.000Z","volume":44000,"label":" ","price":4.76},{"type":"B","date":"2018-04-04T06:54:13.000Z","volume":22000,"label":" ","price":4.76},{"type":"U","date":"2018-04-04T06:54:47.000Z","volume":2000,"label":"X","price":4.765},{"type":"B","date":"2018-04-04T06:55:38.000Z","volume":4000,"label":" ","price":4.76},{"type":"B","date":"2018-04-04T06:55:43.000Z","volume":2000,"label":" ","price":4.76},{"type":"B","date":"2018-04-04T06:56:20.000Z","volume":46000,"label":" ","price":4.76},{"type":"B","date":"2018-04-04T06:56:20.000Z","volume":12000,"label":" ","price":4.76},{"type":"U","date":"2018-04-04T06:56:34.000Z","volume":6000,"label":"X","price":4.765},{"type":"B","date":"2018-04-04T06:56:37.000Z","volume":2000,"label":" ","price":4.75},{"type":"B","date":"2018-04-04T06:58:08.000Z","volume":2000,"label":" ","price":4.75},{"type":"B","date":"2018-04-04T06:58:35.000Z","volume":2000,"label":" ","price":4.75},{"type":"B","date":"2018-04-04T06:58:56.000Z","volume":4000,"label":" ","price":4.76},{"type":"B","date":"2018-04-04T06:59:08.000Z","volume":8000,"label":"Y","price":4.76},{"type":"B","date":"2018-04-04T06:59:08.000Z","volume":4000,"label":" ","price":4.76},{"type":"A","date":"2018-04-04T07:00:38.000Z","volume":2000,"label":" ","price":4.77},{"type":"U","date":"2018-04-04T07:00:54.000Z","volume":2000,"label":"X","price":4.76},{"type":"B","date":"2018-04-04T07:01:09.000Z","volume":2000,"label":" ","price":4.75},{"type":"B","date":"2018-04-04T07:01:55.000Z","volume":18000,"label":" ","price":4.75},{"type":"U","date":"2018-04-04T07:02:05.000Z","volume":2000,"label":"X","price":4.76},{"type":"B","date":"2018-04-04T07:03:37.000Z","volume":8000,"label":" ","price":4.75},{"type":"B","date":"2018-04-04T07:03:37.000Z","volume":2000,"label":" ","price":4.75},{"type":"B","date":"2018-04-04T07:03:37.000Z","volume":14000,"label":" ","price":4.75},{"type":"U","date":"2018-04-04T07:03:56.000Z","volume":4000,"label":"X","price":4.76},{"type":"B","date":"2018-04-04T07:06:09.000Z","volume":2000,"label":" ","price":4.75},{"type":"B","date":"2018-04-04T07:06:18.000Z","volume":2000,"label":" ","price":4.75},{"type":"A","date":"2018-04-04T07:06:35.000Z","volume":2000,"label":"Y","price":4.77},{"type":"B","date":"2018-04-04T07:07:05.000Z","volume":14000,"label":" ","price":4.75},{"type":"B","date":"2018-04-04T07:07:08.000Z","volume":8000,"label":" ","price":4.75},{"type":"U","date":"2018-04-04T07:07:25.000Z","volume":2000,"label":"X","price":4.76},{"type":"B","date":"2018-04-04T07:07:36.000Z","volume":2000,"label":" ","price":4.75},{"type":"B","date":"2018-04-04T07:08:09.000Z","volume":2000,"label":" ","price":4.75},{"type":"B","date":"2018-04-04T07:08:13.000Z","volume":8000,"label":" ","price":4.76},{"type":"U","date":"2018-04-04T07:08:13.000Z","volume":2000,"label":" ","price":4.76},{"type":"B","date":"2018-04-04T07:08:18.000Z","volume":6000,"label":" ","price":4.75},{"type":"A","date":"2018-04-04T07:09:46.000Z","volume":114000,"label":" ","price":4.77},{"type":"A","date":"2018-04-04T07:09:46.000Z","volume":4000,"label":" ","price":4.77},{"type":"B","date":"2018-04-04T07:09:46.000Z","volume":4000,"label":" ","price":4.77},{"type":"A","date":"2018-04-04T07:09:46.000Z","volume":26000,"label":" ","price":4.77},{"type":"B","date":"2018-04-04T07:09:48.000Z","volume":12000,"label":" ","price":4.77},{"type":"B","date":"2018-04-04T07:09:48.000Z","volume":30000,"label":"Y","price":4.76},{"type":"U","date":"2018-04-04T07:09:48.000Z","volume":4000,"label":" ","price":4.77},{"type":"B","date":"2018-04-04T07:09:48.000Z","volume":4000,"label":" ","price":4.77},{"type":"U","date":"2018-04-04T07:09:58.000Z","volume":6000,"label":"X","price":4.77},{"type":"U","date":"2018-04-04T07:09:58.000Z","volume":8000,"label":"X","price":4.77},{"type":"U","date":"2018-04-04T07:10:07.000Z","volume":6000,"label":"X","price":4.775},{"type":"B","date":"2018-04-04T07:10:15.000Z","volume":20000,"label":" ","price":4.76},{"type":"B","date":"2018-04-04T07:10:43.000Z","volume":10000,"label":" ","price":4.76},{"type":"B","date":"2018-04-04T07:12:08.000Z","volume":24000,"label":" ","price":4.76},{"type":"B","date":"2018-04-04T07:13:02.000Z","volume":2000,"label":" ","price":4.75},{"type":"B","date":"2018-04-04T07:13:09.000Z","volume":12000,"label":" ","price":4.75},{"type":"B","date":"2018-04-04T07:13:09.000Z","volume":6000,"label":" ","price":4.75},{"type":"B","date":"2018-04-04T07:13:09.000Z","volume":6000,"label":" ","price":4.75},{"type":"B","date":"2018-04-04T07:13:09.000Z","volume":20000,"label":" ","price":4.75},{"type":"U","date":"2018-04-04T07:14:16.000Z","volume":6000,"label":"X","price":4.755},{"type":"A","date":"2018-04-04T07:15:17.000Z","volume":2000,"label":" ","price":4.77},{"type":"B","date":"2018-04-04T07:15:50.000Z","volume":2000,"label":" ","price":4.74},{"type":"B","date":"2018-04-04T07:16:38.000Z","volume":4000,"label":" ","price":4.74},{"type":"B","date":"2018-04-04T07:16:40.000Z","volume":2000,"label":" ","price":4.74},{"type":"A","date":"2018-04-04T07:18:00.000Z","volume":4000,"label":" ","price":4.75},{"type":"B","date":"2018-04-04T07:18:00.000Z","volume":2000,"label":" ","price":4.75},{"type":"U","date":"2018-04-04T07:18:10.000Z","volume":2000,"label":"X","price":4.755},{"type":"A","date":"2018-04-04T07:19:24.000Z","volume":6000,"label":" ","price":4.76},{"type":"A","date":"2018-04-04T07:19:27.000Z","volume":18000,"label":" ","price":4.76},{"type":"B","date":"2018-04-04T07:20:15.000Z","volume":4000,"label":" ","price":4.75},{"type":"B","date":"2018-04-04T07:20:20.000Z","volume":2000,"label":" ","price":4.75},{"type":"B","date":"2018-04-04T07:22:10.000Z","volume":4000,"label":" ","price":4.75},{"type":"B","date":"2018-04-04T07:22:20.000Z","volume":2000,"label":" ","price":4.75},{"type":"A","date":"2018-04-04T07:22:34.000Z","volume":6000,"label":" ","price":4.76},{"type":"A","date":"2018-04-04T07:22:36.000Z","volume":16000,"label":" ","price":4.76},{"type":"B","date":"2018-04-04T07:22:40.000Z","volume":10000,"label":" ","price":4.75},{"type":"U","date":"2018-04-04T07:23:24.000Z","volume":2000,"label":"X","price":4.755},{"type":"A","date":"2018-04-04T07:23:28.000Z","volume":2000,"label":" ","price":4.76},{"type":"B","date":"2018-04-04T07:23:30.000Z","volume":2000,"label":" ","price":4.75},{"type":"A","date":"2018-04-04T07:23:32.000Z","volume":54000,"label":" ","price":4.76},{"type":"A","date":"2018-04-04T07:23:32.000Z","volume":38000,"label":" ","price":4.77},{"type":"A","date":"2018-04-04T07:23:32.000Z","volume":24000,"label":" ","price":4.77},{"type":"U","date":"2018-04-04T07:23:32.000Z","volume":2000,"label":" ","price":4.77},{"type":"B","date":"2018-04-04T07:23:33.000Z","volume":4000,"label":" ","price":4.76},{"type":"A","date":"2018-04-04T07:23:33.000Z","volume":2000,"label":" ","price":4.77},{"type":"U","date":"2018-04-04T07:23:40.000Z","volume":6000,"label":"X","price":4.775},{"type":"B","date":"2018-04-04T07:23:40.000Z","volume":24000,"label":" ","price":4.77},{"type":"B","date":"2018-04-04T07:23:40.000Z","volume":10000,"label":" ","price":4.77},{"type":"B","date":"2018-04-04T07:23:40.000Z","volume":16000,"label":" ","price":4.76},{"type":"B","date":"2018-04-04T07:23:42.000Z","volume":6000,"label":" ","price":4.77},{"type":"U","date":"2018-04-04T07:23:48.000Z","volume":8000,"label":" ","price":4.76},{"type":"U","date":"2018-04-04T07:23:50.000Z","volume":8000,"label":"X","price":4.765},{"type":"B","date":"2018-04-04T07:23:50.000Z","volume":10000,"label":" ","price":4.75},{"type":"B","date":"2018-04-04T07:24:04.000Z","volume":8000,"label":" ","price":4.75},{"type":"A","date":"2018-04-04T07:24:04.000Z","volume":6000,"label":" ","price":4.75},{"type":"B","date":"2018-04-04T07:24:09.000Z","volume":2000,"label":" ","price":4.74},{"type":"A","date":"2018-04-04T07:24:20.000Z","volume":136000,"label":"Y","price":4.75},{"type":"U","date":"2018-04-04T07:25:10.000Z","volume":8000,"label":"X","price":4.745},{"type":"B","date":"2018-04-04T07:25:10.000Z","volume":12000,"label":" ","price":4.74},{"type":"B","date":"2018-04-04T07:25:10.000Z","volume":4000,"label":" ","price":4.74},{"type":"B","date":"2018-04-04T07:25:58.000Z","volume":2000,"label":" ","price":4.74},{"type":"U","date":"2018-04-04T07:26:51.000Z","volume":6000,"label":"X","price":4.745},{"type":"B","date":"2018-04-04T07:26:51.000Z","volume":20000,"label":" ","price":4.74},{"type":"B","date":"2018-04-04T07:26:51.000Z","volume":14000,"label":" ","price":4.74},{"type":"B","date":"2018-04-04T07:26:51.000Z","volume":2000,"label":" ","price":4.74},{"type":"B","date":"2018-04-04T07:26:51.000Z","volume":26000,"label":" ","price":4.74},{"type":"B","date":"2018-04-04T07:26:51.000Z","volume":8000,"label":" ","price":4.74},{"type":"B","date":"2018-04-04T07:27:51.000Z","volume":4000,"label":" ","price":4.73},{"type":"B","date":"2018-04-04T07:29:40.000Z","volume":4000,"label":" ","price":4.73},{"type":"B","date":"2018-04-04T07:30:02.000Z","volume":2000,"label":" ","price":4.73},{"type":"B","date":"2018-04-04T07:30:02.000Z","volume":2000,"label":" ","price":4.73},{"type":"B","date":"2018-04-04T07:31:33.000Z","volume":4000,"label":" ","price":4.73},{"type":"B","date":"2018-04-04T07:31:42.000Z","volume":2000,"label":" ","price":4.73},{"type":"U","date":"2018-04-04T07:32:04.000Z","volume":6000,"label":"X","price":4.74},{"type":"U","date":"2018-04-04T07:32:04.000Z","volume":24000,"label":" ","price":4.74},{"type":"U","date":"2018-04-04T07:33:04.000Z","volume":2000,"label":"X","price":4.75},{"type":"A","date":"2018-04-04T07:33:19.000Z","volume":20000,"label":" ","price":4.74},{"type":"U","date":"2018-04-04T07:33:24.000Z","volume":6000,"label":"X","price":4.74},{"type":"B","date":"2018-04-04T07:33:56.000Z","volume":10000,"label":" ","price":4.74},{"type":"B","date":"2018-04-04T07:35:03.000Z","volume":4000,"label":" ","price":4.74},{"type":"B","date":"2018-04-04T07:35:15.000Z","volume":2000,"label":" ","price":4.74},{"type":"B","date":"2018-04-04T07:35:15.000Z","volume":2000,"label":" ","price":4.74},{"type":"B","date":"2018-04-04T07:36:55.000Z","volume":4000,"label":" ","price":4.74},{"type":"B","date":"2018-04-04T07:37:05.000Z","volume":2000,"label":" ","price":4.74},{"type":"B","date":"2018-04-04T07:38:49.000Z","volume":4000,"label":" ","price":4.74},{"type":"U","date":"2018-04-04T07:38:55.000Z","volume":2000,"label":"X","price":4.745},{"type":"B","date":"2018-04-04T07:39:53.000Z","volume":4000,"label":" ","price":4.74},{"type":"B","date":"2018-04-04T07:39:54.000Z","volume":14000,"label":" ","price":4.74},{"type":"B","date":"2018-04-04T07:39:54.000Z","volume":2000,"label":" ","price":4.74},{"type":"B","date":"2018-04-04T07:39:56.000Z","volume":6000,"label":" ","price":4.74},{"type":"B","date":"2018-04-04T07:39:56.000Z","volume":2000,"label":" ","price":4.74},{"type":"A","date":"2018-04-04T07:39:57.000Z","volume":2000,"label":" ","price":4.75},{"type":"B","date":"2018-04-04T07:40:06.000Z","volume":2000,"label":" ","price":4.74},{"type":"B","date":"2018-04-04T07:40:37.000Z","volume":2000,"label":" ","price":4.74},{"type":"B","date":"2018-04-04T07:40:38.000Z","volume":4000,"label":" ","price":4.74},{"type":"B","date":"2018-04-04T07:40:46.000Z","volume":2000,"label":" ","price":4.74},{"type":"U","date":"2018-04-04T07:41:15.000Z","volume":2000,"label":"X","price":4.745},{"type":"B","date":"2018-04-04T07:41:23.000Z","volume":2000,"label":" ","price":4.74},{"type":"B","date":"2018-04-04T07:41:26.000Z","volume":2000,"label":" ","price":4.74},{"type":"B","date":"2018-04-04T07:41:57.000Z","volume":2000,"label":" ","price":4.74},{"type":"B","date":"2018-04-04T07:42:13.000Z","volume":2000,"label":" ","price":4.74},{"type":"B","date":"2018-04-04T07:42:16.000Z","volume":2000,"label":" ","price":4.74},{"type":"B","date":"2018-04-04T07:42:34.000Z","volume":2000,"label":" ","price":4.74},{"type":"A","date":"2018-04-04T07:42:35.000Z","volume":50000,"label":" ","price":4.75},{"type":"B","date":"2018-04-04T07:42:36.000Z","volume":26000,"label":" ","price":4.74},{"type":"B","date":"2018-04-04T07:42:49.000Z","volume":2000,"label":" ","price":4.74},{"type":"U","date":"2018-04-04T07:42:56.000Z","volume":2000,"label":"X","price":4.745},{"type":"A","date":"2018-04-04T07:43:14.000Z","volume":92000,"label":" ","price":4.75},{"type":"B","date":"2018-04-04T07:43:16.000Z","volume":36000,"label":" ","price":4.75},{"type":"U","date":"2018-04-04T07:43:25.000Z","volume":2000,"label":"X","price":4.76},{"type":"U","date":"2018-04-04T07:45:13.000Z","volume":2000,"label":"X","price":4.755},{"type":"U","date":"2018-04-04T07:45:21.000Z","volume":2000,"label":"X","price":4.755},{"type":"B","date":"2018-04-04T07:45:25.000Z","volume":24000,"label":" ","price":4.75},{"type":"A","date":"2018-04-04T07:45:25.000Z","volume":2000,"label":" ","price":4.76},{"type":"U","date":"2018-04-04T07:45:27.000Z","volume":6000,"label":"X","price":4.755},{"type":"B","date":"2018-04-04T07:45:27.000Z","volume":8000,"label":" ","price":4.75},{"type":"B","date":"2018-04-04T07:45:29.000Z","volume":10000,"label":" ","price":4.75},{"type":"U","date":"2018-04-04T07:45:34.000Z","volume":2000,"label":"X","price":4.755},{"type":"B","date":"2018-04-04T07:45:37.000Z","volume":2000,"label":" ","price":4.75},{"type":"B","date":"2018-04-04T07:45:45.000Z","volume":10000,"label":"Y","price":4.75},{"type":"B","date":"2018-04-04T07:45:45.000Z","volume":46000,"label":" ","price":4.75},{"type":"U","date":"2018-04-04T07:45:47.000Z","volume":6000,"label":"X","price":4.75},{"type":"B","date":"2018-04-04T07:45:47.000Z","volume":20000,"label":" ","price":4.74},{"type":"U","date":"2018-04-04T07:45:54.000Z","volume":2000,"label":"X","price":4.755},{"type":"B","date":"2018-04-04T07:45:59.000Z","volume":2000,"label":" ","price":4.74},{"type":"B","date":"2018-04-04T07:46:18.000Z","volume":2000,"label":" ","price":4.74},{"type":"B","date":"2018-04-04T07:46:38.000Z","volume":2000,"label":" ","price":4.74},{"type":"B","date":"2018-04-04T07:46:58.000Z","volume":2000,"label":" ","price":4.74},{"type":"B","date":"2018-04-04T07:47:07.000Z","volume":2000,"label":" ","price":4.74},{"type":"B","date":"2018-04-04T07:47:18.000Z","volume":2000,"label":" ","price":4.74},{"type":"B","date":"2018-04-04T07:47:38.000Z","volume":2000,"label":" ","price":4.74},{"type":"B","date":"2018-04-04T07:47:42.000Z","volume":2000,"label":" ","price":4.74},{"type":"B","date":"2018-04-04T07:47:47.000Z","volume":2000,"label":" ","price":4.74},{"type":"B","date":"2018-04-04T07:47:53.000Z","volume":2000,"label":" ","price":4.74},{"type":"B","date":"2018-04-04T07:47:57.000Z","volume":2000,"label":" ","price":4.74},{"type":"B","date":"2018-04-04T07:48:18.000Z","volume":2000,"label":" ","price":4.74},{"type":"B","date":"2018-04-04T07:48:38.000Z","volume":2000,"label":" ","price":4.74},{"type":"B","date":"2018-04-04T07:48:47.000Z","volume":2000,"label":" ","price":4.74},{"type":"U","date":"2018-04-04T07:49:17.000Z","volume":2000,"label":"X","price":4.745},{"type":"B","date":"2018-04-04T07:49:18.000Z","volume":2000,"label":" ","price":4.74},{"type":"A","date":"2018-04-04T07:49:27.000Z","volume":2000,"label":" ","price":4.75},{"type":"B","date":"2018-04-04T07:49:28.000Z","volume":2000,"label":" ","price":4.74},{"type":"B","date":"2018-04-04T07:49:28.000Z","volume":2000,"label":" ","price":4.74},{"type":"B","date":"2018-04-04T07:49:58.000Z","volume":2000,"label":" ","price":4.74},{"type":"B","date":"2018-04-04T07:50:08.000Z","volume":2000,"label":" ","price":4.74},{"type":"B","date":"2018-04-04T07:50:08.000Z","volume":2000,"label":" ","price":4.74},{"type":"B","date":"2018-04-04T07:50:44.000Z","volume":2000,"label":" ","price":4.74},{"type":"B","date":"2018-04-04T07:50:48.000Z","volume":2000,"label":" ","price":4.74},{"type":"U","date":"2018-04-04T07:50:54.000Z","volume":2000,"label":"X","price":4.745},{"type":"B","date":"2018-04-04T07:51:05.000Z","volume":2000,"label":" ","price":4.74},{"type":"B","date":"2018-04-04T07:51:10.000Z","volume":2000,"label":" ","price":4.74},{"type":"B","date":"2018-04-04T07:51:18.000Z","volume":2000,"label":" ","price":4.74},{"type":"B","date":"2018-04-04T07:51:36.000Z","volume":2000,"label":" ","price":4.74},{"type":"A","date":"2018-04-04T07:51:58.000Z","volume":4000,"label":" ","price":4.75},{"type":"B","date":"2018-04-04T07:51:59.000Z","volume":2000,"label":" ","price":4.74},{"type":"B","date":"2018-04-04T07:52:09.000Z","volume":2000,"label":" ","price":4.74},{"type":"A","date":"2018-04-04T07:52:10.000Z","volume":2000,"label":" ","price":4.75},{"type":"U","date":"2018-04-04T07:52:15.000Z","volume":2000,"label":"X","price":4.745},{"type":"B","date":"2018-04-04T07:52:19.000Z","volume":2000,"label":" ","price":4.74},{"type":"B","date":"2018-04-04T07:52:19.000Z","volume":2000,"label":" ","price":4.74},{"type":"B","date":"2018-04-04T07:52:29.000Z","volume":2000,"label":" ","price":4.74},{"type":"U","date":"2018-04-04T07:52:56.000Z","volume":2000,"label":"X","price":4.745},{"type":"B","date":"2018-04-04T07:52:59.000Z","volume":2000,"label":" ","price":4.74},{"type":"B","date":"2018-04-04T07:53:19.000Z","volume":2000,"label":" ","price":4.74},{"type":"B","date":"2018-04-04T07:53:20.000Z","volume":2000,"label":" ","price":4.74},{"type":"B","date":"2018-04-04T07:53:27.000Z","volume":50000,"label":" ","price":4.74},{"type":"B","date":"2018-04-04T07:53:27.000Z","volume":24000,"label":" ","price":4.74},{"type":"B","date":"2018-04-04T07:53:30.000Z","volume":36000,"label":" ","price":4.73},{"type":"A","date":"2018-04-04T07:53:49.000Z","volume":2000,"label":" ","price":4.74},{"type":"A","date":"2018-04-04T07:53:49.000Z","volume":34000,"label":" ","price":4.74},{"type":"U","date":"2018-04-04T07:53:51.000Z","volume":6000,"label":"X","price":4.74},{"type":"B","date":"2018-04-04T07:53:51.000Z","volume":12000,"label":" ","price":4.73},{"type":"U","date":"2018-04-04T07:53:57.000Z","volume":2000,"label":"X","price":4.74},{"type":"U","date":"2018-04-04T07:55:03.000Z","volume":2000,"label":"X","price":4.735},{"type":"U","date":"2018-04-04T07:55:07.000Z","volume":2000,"label":"X","price":4.735},{"type":"U","date":"2018-04-04T07:55:23.000Z","volume":2000,"label":"X","price":4.735},{"type":"A","date":"2018-04-04T07:55:50.000Z","volume":2000,"label":" ","price":4.74},{"type":"B","date":"2018-04-04T07:55:50.000Z","volume":2000,"label":" ","price":4.73},{"type":"U","date":"2018-04-04T07:55:54.000Z","volume":2000,"label":"X","price":4.735},{"type":"B","date":"2018-04-04T07:56:12.000Z","volume":6000,"label":" ","price":4.73},{"type":"B","date":"2018-04-04T07:56:20.000Z","volume":4000,"label":" ","price":4.73},{"type":"B","date":"2018-04-04T07:56:21.000Z","volume":4000,"label":" ","price":4.73},{"type":"U","date":"2018-04-04T07:56:24.000Z","volume":2000,"label":"X","price":4.735},{"type":"A","date":"2018-04-04T07:56:30.000Z","volume":6000,"label":" ","price":4.74},{"type":"B","date":"2018-04-04T07:56:31.000Z","volume":2000,"label":" ","price":4.73},{"type":"A","date":"2018-04-04T07:56:55.000Z","volume":2000,"label":" ","price":4.74},{"type":"B","date":"2018-04-04T07:57:17.000Z","volume":2000,"label":" ","price":4.73},{"type":"B","date":"2018-04-04T07:57:20.000Z","volume":4000,"label":" ","price":4.73},{"type":"A","date":"2018-04-04T07:57:20.000Z","volume":22000,"label":" ","price":4.74},{"type":"A","date":"2018-04-04T07:57:20.000Z","volume":18000,"label":" ","price":4.74},{"type":"B","date":"2018-04-04T07:57:21.000Z","volume":16000,"label":" ","price":4.73},{"type":"A","date":"2018-04-04T07:57:31.000Z","volume":2000,"label":" ","price":4.75},{"type":"U","date":"2018-04-04T07:57:45.000Z","volume":2000,"label":"X","price":4.75},{"type":"A","date":"2018-04-04T07:57:55.000Z","volume":2000,"label":" ","price":4.75},{"type":"U","date":"2018-04-04T07:57:56.000Z","volume":2000,"label":"X","price":4.745},{"type":"B","date":"2018-04-04T07:58:03.000Z","volume":14000,"label":" ","price":4.74},{"type":"U","date":"2018-04-04T07:58:12.000Z","volume":6000,"label":"X","price":4.745},{"type":"U","date":"2018-04-04T07:58:16.000Z","volume":2000,"label":"X","price":4.745},{"type":"A","date":"2018-04-04T07:58:21.000Z","volume":2000,"label":" ","price":4.75},{"type":"U","date":"2018-04-04T07:58:36.000Z","volume":2000,"label":"X","price":4.745},{"type":"A","date":"2018-04-04T07:58:40.000Z","volume":2000,"label":" ","price":4.75},{"type":"U","date":"2018-04-04T07:58:41.000Z","volume":2000,"label":"X","price":4.75},{"type":"A","date":"2018-04-04T07:58:52.000Z","volume":2000,"label":" ","price":4.75},{"type":"A","date":"2018-04-04T07:58:52.000Z","volume":2000,"label":" ","price":4.75},{"type":"A","date":"2018-04-04T07:58:55.000Z","volume":2000,"label":" ","price":4.75},{"type":"A","date":"2018-04-04T07:58:55.000Z","volume":2000,"label":" ","price":4.75},{"type":"U","date":"2018-04-04T07:58:57.000Z","volume":2000,"label":"X","price":4.745},{"type":"B","date":"2018-04-04T07:59:01.000Z","volume":4000,"label":"Y","price":4.74},{"type":"B","date":"2018-04-04T07:59:03.000Z","volume":2000,"label":" ","price":4.74},{"type":"B","date":"2018-04-04T07:59:03.000Z","volume":4000,"label":" ","price":4.74},{"type":"B","date":"2018-04-04T07:59:07.000Z","volume":2000,"label":" ","price":4.74},{"type":"B","date":"2018-04-04T07:59:13.000Z","volume":2000,"label":" ","price":4.74},{"type":"B","date":"2018-04-04T07:59:13.000Z","volume":2000,"label":" ","price":4.74},{"type":"U","date":"2018-04-04T07:59:13.000Z","volume":18000,"label":" ","price":4.74},{"type":"A","date":"2018-04-04T07:59:16.000Z","volume":10000,"label":" ","price":4.74},{"type":"B","date":"2018-04-04T07:59:23.000Z","volume":14000,"label":" ","price":4.73},{"type":"A","date":"2018-04-04T07:59:30.000Z","volume":2000,"label":" ","price":4.75},{"type":"B","date":"2018-04-04T07:59:33.000Z","volume":2000,"label":" ","price":4.73},{"type":"A","date":"2018-04-04T07:59:33.000Z","volume":2000,"label":"Y","price":4.75},{"type":"U","date":"2018-04-04T07:59:40.000Z","volume":2000,"label":"X","price":4.74},{"type":"A","date":"2018-04-04T07:59:50.000Z","volume":2000,"label":" ","price":4.75},{"type":"B","date":"2018-04-04T07:59:51.000Z","volume":2000,"label":" ","price":4.73},{"type":"B","date":"2018-04-04T07:59:55.000Z","volume":4000,"label":"Y","price":4.73},{"type":"B","date":"2018-04-04T07:59:55.000Z","volume":2000,"label":"Y","price":4.73},{"type":"B","date":"2018-04-04T07:59:56.000Z","volume":2000,"label":" ","price":4.73},{"type":"U","date":"2018-04-04T08:08:53.000Z","volume":548000,"label":"U","price":4.74}]