[{"type":"U","date":"2018-03-21T01:20:00.000Z","volume":2000,"label":"U","price":0.67},{"type":"B","date":"2018-03-21T01:37:04.000Z","volume":2000,"label":" ","price":0.66},{"type":"A","date":"2018-03-21T01:37:41.000Z","volume":2000,"label":" ","price":0.67},{"type":"B","date":"2018-03-21T01:39:19.000Z","volume":100000,"label":" ","price":0.66},{"type":"B","date":"2018-03-21T01:39:19.000Z","volume":36000,"label":"Y","price":0.66},{"type":"B","date":"2018-03-21T01:39:19.000Z","volume":2000,"label":" ","price":0.66},{"type":"A","date":"2018-03-21T01:39:29.000Z","volume":2000,"label":" ","price":0.67},{"type":"B","date":"2018-03-21T01:42:32.000Z","volume":4000,"label":" ","price":0.66},{"type":"B","date":"2018-03-21T01:42:32.000Z","volume":6000,"label":" ","price":0.66},{"type":"B","date":"2018-03-21T01:42:32.000Z","volume":2000,"label":" ","price":0.66},{"type":"A","date":"2018-03-21T01:42:36.000Z","volume":2000,"label":" ","price":0.67},{"type":"B","date":"2018-03-21T01:50:02.000Z","volume":2000,"label":" ","price":0.66},{"type":"B","date":"2018-03-21T01:50:02.000Z","volume":2000,"label":"Y","price":0.66},{"type":"A","date":"2018-03-21T01:50:11.000Z","volume":2000,"label":" ","price":0.67},{"type":"B","date":"2018-03-21T02:01:27.000Z","volume":2000,"label":" ","price":0.66},{"type":"A","date":"2018-03-21T02:01:39.000Z","volume":2000,"label":" ","price":0.67},{"type":"U","date":"2018-03-21T02:07:30.000Z","volume":22000,"label":" ","price":0.66},{"type":"B","date":"2018-03-21T02:07:32.000Z","volume":16000,"label":" ","price":0.66},{"type":"A","date":"2018-03-21T02:08:41.000Z","volume":2000,"label":" ","price":0.66},{"type":"A","date":"2018-03-21T02:09:25.000Z","volume":2000,"label":" ","price":0.66},{"type":"A","date":"2018-03-21T02:09:25.000Z","volume":2000,"label":" ","price":0.67},{"type":"A","date":"2018-03-21T02:11:54.000Z","volume":4000,"label":" ","price":0.67},{"type":"U","date":"2018-03-21T02:32:51.000Z","volume":28000,"label":" ","price":0.66},{"type":"A","date":"2018-03-21T02:32:59.000Z","volume":2000,"label":" ","price":0.67},{"type":"B","date":"2018-03-21T02:32:59.000Z","volume":48000,"label":" ","price":0.66},{"type":"A","date":"2018-03-21T02:33:09.000Z","volume":2000,"label":" ","price":0.67},{"type":"A","date":"2018-03-21T02:40:12.000Z","volume":2000,"label":" ","price":0.67},{"type":"A","date":"2018-03-21T02:44:43.000Z","volume":2000,"label":" ","price":0.66},{"type":"A","date":"2018-03-21T02:44:54.000Z","volume":2000,"label":" ","price":0.67},{"type":"A","date":"2018-03-21T02:52:42.000Z","volume":4000,"label":" ","price":0.66},{"type":"A","date":"2018-03-21T02:52:42.000Z","volume":2000,"label":" ","price":0.67},{"type":"A","date":"2018-03-21T03:12:39.000Z","volume":2000,"label":" ","price":0.66},{"type":"A","date":"2018-03-21T03:12:39.000Z","volume":2000,"label":" ","price":0.67},{"type":"A","date":"2018-03-21T03:13:56.000Z","volume":4000,"label":" ","price":0.66},{"type":"A","date":"2018-03-21T03:13:56.000Z","volume":2000,"label":" ","price":0.67},{"type":"A","date":"2018-03-21T03:21:15.000Z","volume":2000,"label":" ","price":0.66},{"type":"A","date":"2018-03-21T03:21:15.000Z","volume":2000,"label":" ","price":0.67},{"type":"A","date":"2018-03-21T03:23:37.000Z","volume":20000,"label":" ","price":0.67},{"type":"A","date":"2018-03-21T03:26:16.000Z","volume":2000,"label":" ","price":0.67},{"type":"A","date":"2018-03-21T03:55:17.000Z","volume":2000,"label":" ","price":0.67},{"type":"B","date":"2018-03-21T03:58:21.000Z","volume":40000,"label":" ","price":0.66},{"type":"B","date":"2018-03-21T03:58:21.000Z","volume":2000,"label":" ","price":0.66},{"type":"A","date":"2018-03-21T03:58:30.000Z","volume":4000,"label":" ","price":0.66},{"type":"A","date":"2018-03-21T03:58:30.000Z","volume":2000,"label":" ","price":0.67},{"type":"A","date":"2018-03-21T03:58:38.000Z","volume":2000,"label":" ","price":0.66},{"type":"A","date":"2018-03-21T03:58:38.000Z","volume":2000,"label":" ","price":0.67},{"type":"A","date":"2018-03-21T03:58:47.000Z","volume":2000,"label":" ","price":0.66},{"type":"A","date":"2018-03-21T03:58:47.000Z","volume":2000,"label":" ","price":0.67},{"type":"A","date":"2018-03-21T05:00:17.000Z","volume":2000,"label":" ","price":0.66},{"type":"A","date":"2018-03-21T05:00:59.000Z","volume":2000,"label":" ","price":0.67},{"type":"B","date":"2018-03-21T05:12:31.000Z","volume":18000,"label":" ","price":0.66},{"type":"A","date":"2018-03-21T05:12:49.000Z","volume":2000,"label":" ","price":0.66},{"type":"B","date":"2018-03-21T05:13:35.000Z","volume":90000,"label":" ","price":0.65},{"type":"A","date":"2018-03-21T05:13:44.000Z","volume":2000,"label":" ","price":0.66},{"type":"B","date":"2018-03-21T05:15:34.000Z","volume":2000,"label":" ","price":0.65},{"type":"A","date":"2018-03-21T05:15:40.000Z","volume":2000,"label":" ","price":0.66},{"type":"B","date":"2018-03-21T05:20:17.000Z","volume":2000,"label":" ","price":0.65},{"type":"A","date":"2018-03-21T05:20:22.000Z","volume":2000,"label":" ","price":0.66},{"type":"A","date":"2018-03-21T05:20:48.000Z","volume":6000,"label":" ","price":0.66},{"type":"B","date":"2018-03-21T05:25:48.000Z","volume":18000,"label":" ","price":0.65},{"type":"A","date":"2018-03-21T05:25:56.000Z","volume":2000,"label":" ","price":0.66},{"type":"B","date":"2018-03-21T05:26:17.000Z","volume":20000,"label":" ","price":0.65},{"type":"A","date":"2018-03-21T05:26:26.000Z","volume":2000,"label":" ","price":0.66},{"type":"B","date":"2018-03-21T05:27:07.000Z","volume":212000,"label":" ","price":0.65},{"type":"A","date":"2018-03-21T05:27:19.000Z","volume":234000,"label":" ","price":0.65},{"type":"A","date":"2018-03-21T05:27:25.000Z","volume":2000,"label":" ","price":0.66},{"type":"B","date":"2018-03-21T05:31:05.000Z","volume":50000,"label":" ","price":0.65},{"type":"B","date":"2018-03-21T05:31:05.000Z","volume":4000,"label":" ","price":0.65},{"type":"A","date":"2018-03-21T05:31:21.000Z","volume":2000,"label":" ","price":0.66},{"type":"B","date":"2018-03-21T05:35:20.000Z","volume":30000,"label":" ","price":0.65},{"type":"A","date":"2018-03-21T05:35:28.000Z","volume":2000,"label":" ","price":0.66},{"type":"B","date":"2018-03-21T05:37:43.000Z","volume":4000,"label":" ","price":0.65},{"type":"A","date":"2018-03-21T05:37:48.000Z","volume":2000,"label":" ","price":0.66},{"type":"B","date":"2018-03-21T05:48:29.000Z","volume":100000,"label":" ","price":0.65},{"type":"B","date":"2018-03-21T05:48:30.000Z","volume":24000,"label":" ","price":0.65},{"type":"A","date":"2018-03-21T05:48:43.000Z","volume":2000,"label":" ","price":0.65},{"type":"A","date":"2018-03-21T05:48:43.000Z","volume":2000,"label":" ","price":0.66},{"type":"B","date":"2018-03-21T05:51:13.000Z","volume":90000,"label":" ","price":0.64},{"type":"A","date":"2018-03-21T05:51:21.000Z","volume":2000,"label":" ","price":0.65},{"type":"B","date":"2018-03-21T06:00:06.000Z","volume":68000,"label":" ","price":0.64},{"type":"A","date":"2018-03-21T06:00:53.000Z","volume":2000,"label":" ","price":0.65},{"type":"B","date":"2018-03-21T06:04:58.000Z","volume":20000,"label":" ","price":0.64},{"type":"A","date":"2018-03-21T06:05:09.000Z","volume":2000,"label":" ","price":0.65},{"type":"B","date":"2018-03-21T06:17:02.000Z","volume":2000,"label":"Y","price":0.64},{"type":"A","date":"2018-03-21T06:18:30.000Z","volume":62000,"label":" ","price":0.65},{"type":"A","date":"2018-03-21T06:18:52.000Z","volume":2000,"label":" ","price":0.65},{"type":"A","date":"2018-03-21T06:20:23.000Z","volume":108000,"label":" ","price":0.65},{"type":"A","date":"2018-03-21T06:22:38.000Z","volume":12000,"label":" ","price":0.65},{"type":"B","date":"2018-03-21T06:23:47.000Z","volume":150000,"label":" ","price":0.64},{"type":"A","date":"2018-03-21T06:23:56.000Z","volume":2000,"label":" ","price":0.66},{"type":"A","date":"2018-03-21T06:27:23.000Z","volume":2000,"label":" ","price":0.65},{"type":"B","date":"2018-03-21T06:29:02.000Z","volume":2000,"label":" ","price":0.64},{"type":"A","date":"2018-03-21T06:29:13.000Z","volume":2000,"label":" ","price":0.65},{"type":"A","date":"2018-03-21T06:29:13.000Z","volume":2000,"label":" ","price":0.65},{"type":"A","date":"2018-03-21T06:32:18.000Z","volume":100000,"label":" ","price":0.65},{"type":"A","date":"2018-03-21T06:34:46.000Z","volume":2000,"label":" ","price":0.65},{"type":"B","date":"2018-03-21T06:35:32.000Z","volume":2000,"label":" ","price":0.64},{"type":"A","date":"2018-03-21T06:35:38.000Z","volume":2000,"label":" ","price":0.65},{"type":"B","date":"2018-03-21T06:44:40.000Z","volume":102000,"label":" ","price":0.64},{"type":"A","date":"2018-03-21T06:44:44.000Z","volume":2000,"label":" ","price":0.65},{"type":"B","date":"2018-03-21T06:49:17.000Z","volume":2000,"label":" ","price":0.64},{"type":"A","date":"2018-03-21T06:49:24.000Z","volume":2000,"label":" ","price":0.65},{"type":"A","date":"2018-03-21T06:57:54.000Z","volume":30000,"label":" ","price":0.65},{"type":"B","date":"2018-03-21T07:00:59.000Z","volume":40000,"label":" ","price":0.64},{"type":"A","date":"2018-03-21T07:01:06.000Z","volume":2000,"label":" ","price":0.65},{"type":"B","date":"2018-03-21T07:07:47.000Z","volume":2000,"label":" ","price":0.64},{"type":"A","date":"2018-03-21T07:07:52.000Z","volume":2000,"label":" ","price":0.65},{"type":"B","date":"2018-03-21T07:16:47.000Z","volume":2000,"label":" ","price":0.64},{"type":"A","date":"2018-03-21T07:16:57.000Z","volume":2000,"label":" ","price":0.65},{"type":"B","date":"2018-03-21T07:22:14.000Z","volume":10000,"label":" ","price":0.64},{"type":"B","date":"2018-03-21T07:22:17.000Z","volume":2000,"label":" ","price":0.64},{"type":"A","date":"2018-03-21T07:22:20.000Z","volume":2000,"label":" ","price":0.65},{"type":"B","date":"2018-03-21T07:27:47.000Z","volume":2000,"label":" ","price":0.64},{"type":"A","date":"2018-03-21T07:27:53.000Z","volume":2000,"label":" ","price":0.65},{"type":"B","date":"2018-03-21T07:34:47.000Z","volume":2000,"label":" ","price":0.64},{"type":"A","date":"2018-03-21T07:34:51.000Z","volume":2000,"label":" ","price":0.65},{"type":"A","date":"2018-03-21T07:38:06.000Z","volume":4000,"label":"Y","price":0.65},{"type":"A","date":"2018-03-21T07:38:06.000Z","volume":10000,"label":" ","price":0.65},{"type":"B","date":"2018-03-21T07:38:36.000Z","volume":280000,"label":" ","price":0.64},{"type":"A","date":"2018-03-21T07:38:41.000Z","volume":2000,"label":" ","price":0.65},{"type":"A","date":"2018-03-21T07:43:47.000Z","volume":2000,"label":" ","price":0.65},{"type":"B","date":"2018-03-21T07:47:11.000Z","volume":2000,"label":" ","price":0.64},{"type":"A","date":"2018-03-21T07:47:17.000Z","volume":2000,"label":" ","price":0.65},{"type":"A","date":"2018-03-21T07:47:19.000Z","volume":2000,"label":" ","price":0.65},{"type":"A","date":"2018-03-21T07:50:17.000Z","volume":2000,"label":" ","price":0.65},{"type":"A","date":"2018-03-21T07:54:47.000Z","volume":2000,"label":" ","price":0.65},{"type":"B","date":"2018-03-21T07:57:19.000Z","volume":2000,"label":"Y","price":0.64},{"type":"B","date":"2018-03-21T07:57:19.000Z","volume":48000,"label":" ","price":0.64},{"type":"A","date":"2018-03-21T07:57:28.000Z","volume":2000,"label":" ","price":0.65},{"type":"B","date":"2018-03-21T07:58:58.000Z","volume":2000,"label":" ","price":0.64},{"type":"A","date":"2018-03-21T07:59:02.000Z","volume":2000,"label":" ","price":0.65},{"type":"A","date":"2018-03-21T07:59:17.000Z","volume":2000,"label":" ","price":0.65},{"type":"U","date":"2018-03-21T08:08:46.000Z","volume":98000,"label":"U","price":0.65}]