[{"type":"U","date":"2018-03-22T01:20:00.000Z","volume":2000,"label":"U","price":6.16},{"type":"A","date":"2018-03-22T01:38:09.000Z","volume":2000,"label":" ","price":6.17},{"type":"A","date":"2018-03-22T02:01:50.000Z","volume":2000,"label":" ","price":6.17},{"type":"A","date":"2018-03-22T02:16:28.000Z","volume":2000,"label":" ","price":6.17},{"type":"B","date":"2018-03-22T02:28:19.000Z","volume":26000,"label":" ","price":6.1},{"type":"A","date":"2018-03-22T02:34:20.000Z","volume":2000,"label":" ","price":6.14},{"type":"A","date":"2018-03-22T03:00:55.000Z","volume":2000,"label":" ","price":6.14},{"type":"B","date":"2018-03-22T03:19:28.000Z","volume":14000,"label":" ","price":6.11},{"type":"A","date":"2018-03-22T03:37:26.000Z","volume":2000,"label":" ","price":6.11},{"type":"A","date":"2018-03-22T03:53:28.000Z","volume":4000,"label":"Y","price":6.11},{"type":"A","date":"2018-03-22T03:56:13.000Z","volume":2000,"label":" ","price":6.14},{"type":"B","date":"2018-03-22T05:00:01.000Z","volume":2000,"label":" ","price":6.1},{"type":"A","date":"2018-03-22T05:15:51.000Z","volume":2000,"label":" ","price":6.15},{"type":"A","date":"2018-03-22T05:36:47.000Z","volume":2000,"label":" ","price":6.15},{"type":"A","date":"2018-03-22T05:57:07.000Z","volume":2000,"label":" ","price":6.15},{"type":"A","date":"2018-03-22T06:16:40.000Z","volume":2000,"label":" ","price":6.14},{"type":"A","date":"2018-03-22T06:33:12.000Z","volume":2000,"label":" ","price":6.14},{"type":"A","date":"2018-03-22T06:50:00.000Z","volume":2000,"label":" ","price":6.14},{"type":"A","date":"2018-03-22T07:09:26.000Z","volume":2000,"label":" ","price":6.14},{"type":"A","date":"2018-03-22T07:26:33.000Z","volume":2000,"label":" ","price":6.14},{"type":"A","date":"2018-03-22T07:40:25.000Z","volume":2000,"label":" ","price":6.14},{"type":"A","date":"2018-03-22T07:46:14.000Z","volume":4000,"label":" ","price":6.14},{"type":"A","date":"2018-03-22T07:52:08.000Z","volume":2000,"label":" ","price":6.14},{"type":"A","date":"2018-03-22T07:59:20.000Z","volume":2000,"label":" ","price":6.14}]