[{"type":"U","date":"2018-04-26T01:20:00.000Z","volume":3000,"label":"U","price":73.5},{"type":"A","date":"2018-04-26T01:30:01.000Z","volume":500,"label":" ","price":73.5},{"type":"A","date":"2018-04-26T01:30:04.000Z","volume":1000,"label":" ","price":73.5},{"type":"A","date":"2018-04-26T01:30:04.000Z","volume":4000,"label":" ","price":73.5},{"type":"A","date":"2018-04-26T01:30:05.000Z","volume":500,"label":" ","price":73.55},{"type":"A","date":"2018-04-26T01:30:07.000Z","volume":500,"label":" ","price":73.55},{"type":"U","date":"2018-04-26T01:30:14.000Z","volume":5000,"label":" ","price":73.6},{"type":"U","date":"2018-04-26T01:30:19.000Z","volume":500,"label":" ","price":73.5},{"type":"A","date":"2018-04-26T01:30:30.000Z","volume":500,"label":" ","price":73.75},{"type":"U","date":"2018-04-26T01:30:30.000Z","volume":500,"label":" ","price":73.5},{"type":"A","date":"2018-04-26T01:30:58.000Z","volume":500,"label":" ","price":73.75},{"type":"U","date":"2018-04-26T01:31:40.000Z","volume":500,"label":" ","price":73.5},{"type":"U","date":"2018-04-26T01:31:44.000Z","volume":500,"label":"X","price":73.5},{"type":"U","date":"2018-04-26T01:31:44.000Z","volume":500,"label":"X","price":73.5},{"type":"U","date":"2018-04-26T01:31:44.000Z","volume":500,"label":" ","price":73.5},{"type":"U","date":"2018-04-26T01:32:18.000Z","volume":500,"label":" ","price":73.5},{"type":"A","date":"2018-04-26T01:32:44.000Z","volume":500,"label":" ","price":73.5},{"type":"A","date":"2018-04-26T01:32:55.000Z","volume":2000,"label":" ","price":73.5},{"type":"U","date":"2018-04-26T01:32:56.000Z","volume":500,"label":"Y","price":73.5},{"type":"U","date":"2018-04-26T01:32:56.000Z","volume":1000,"label":" ","price":73.5},{"type":"U","date":"2018-04-26T01:32:56.000Z","volume":1500,"label":" ","price":73.5},{"type":"U","date":"2018-04-26T01:33:00.000Z","volume":500,"label":"X","price":73.5},{"type":"U","date":"2018-04-26T01:33:00.000Z","volume":500,"label":"X","price":73.5},{"type":"A","date":"2018-04-26T01:33:17.000Z","volume":500,"label":" ","price":73.75},{"type":"U","date":"2018-04-26T01:33:19.000Z","volume":1000,"label":" ","price":73.5},{"type":"U","date":"2018-04-26T01:33:19.000Z","volume":500,"label":" ","price":73.5},{"type":"U","date":"2018-04-26T01:33:40.000Z","volume":500,"label":" ","price":73.5},{"type":"U","date":"2018-04-26T01:35:20.000Z","volume":500,"label":" ","price":73.5},{"type":"B","date":"2018-04-26T01:35:21.000Z","volume":500,"label":" ","price":73.5},{"type":"U","date":"2018-04-26T01:35:21.000Z","volume":500,"label":" ","price":73.55},{"type":"U","date":"2018-04-26T01:35:24.000Z","volume":500,"label":"X","price":73.5},{"type":"U","date":"2018-04-26T01:35:24.000Z","volume":500,"label":"X","price":73.5},{"type":"U","date":"2018-04-26T01:36:08.000Z","volume":500,"label":" ","price":73.5},{"type":"U","date":"2018-04-26T01:36:08.000Z","volume":1000,"label":" ","price":73.5},{"type":"U","date":"2018-04-26T01:36:08.000Z","volume":500,"label":" ","price":73.5},{"type":"U","date":"2018-04-26T01:39:40.000Z","volume":500,"label":" ","price":73.5},{"type":"U","date":"2018-04-26T01:39:44.000Z","volume":500,"label":"X","price":73.5},{"type":"U","date":"2018-04-26T01:39:44.000Z","volume":500,"label":"X","price":73.5},{"type":"U","date":"2018-04-26T01:39:44.000Z","volume":500,"label":" ","price":73.5},{"type":"A","date":"2018-04-26T01:43:23.000Z","volume":500,"label":" ","price":73.75},{"type":"B","date":"2018-04-26T01:44:40.000Z","volume":500,"label":" ","price":73.5},{"type":"U","date":"2018-04-26T01:44:44.000Z","volume":500,"label":"X","price":73.5},{"type":"U","date":"2018-04-26T01:44:44.000Z","volume":500,"label":"X","price":73.5},{"type":"U","date":"2018-04-26T01:44:44.000Z","volume":1000,"label":" ","price":73.5},{"type":"A","date":"2018-04-26T01:45:10.000Z","volume":500,"label":" ","price":73.75},{"type":"A","date":"2018-04-26T01:45:14.000Z","volume":500,"label":" ","price":73.5},{"type":"B","date":"2018-04-26T01:45:17.000Z","volume":2500,"label":" ","price":73.45},{"type":"B","date":"2018-04-26T01:45:17.000Z","volume":2500,"label":" ","price":73.45},{"type":"U","date":"2018-04-26T01:45:17.000Z","volume":1000,"label":" ","price":73.5},{"type":"U","date":"2018-04-26T01:45:22.000Z","volume":500,"label":"X","price":73.5},{"type":"U","date":"2018-04-26T01:45:22.000Z","volume":500,"label":"X","price":73.5},{"type":"A","date":"2018-04-26T01:48:43.000Z","volume":500,"label":" ","price":73.7},{"type":"A","date":"2018-04-26T01:50:29.000Z","volume":500,"label":" ","price":73.7},{"type":"U","date":"2018-04-26T01:50:29.000Z","volume":500,"label":" ","price":73.5},{"type":"U","date":"2018-04-26T01:50:30.000Z","volume":500,"label":" ","price":73.5},{"type":"A","date":"2018-04-26T01:50:32.000Z","volume":500,"label":" ","price":73.5},{"type":"U","date":"2018-04-26T01:50:34.000Z","volume":500,"label":"X","price":73.5},{"type":"U","date":"2018-04-26T01:50:34.000Z","volume":500,"label":"X","price":73.5},{"type":"B","date":"2018-04-26T01:50:35.000Z","volume":2000,"label":" ","price":73.45},{"type":"B","date":"2018-04-26T01:50:35.000Z","volume":500,"label":" ","price":73.4},{"type":"A","date":"2018-04-26T01:50:35.000Z","volume":500,"label":" ","price":73.4},{"type":"B","date":"2018-04-26T01:50:35.000Z","volume":500,"label":" ","price":73.25},{"type":"B","date":"2018-04-26T01:50:50.000Z","volume":500,"label":" ","price":73.45},{"type":"B","date":"2018-04-26T01:51:20.000Z","volume":1000,"label":" ","price":73.2},{"type":"B","date":"2018-04-26T01:51:35.000Z","volume":500,"label":" ","price":73.25},{"type":"A","date":"2018-04-26T01:57:35.000Z","volume":500,"label":" ","price":73.5},{"type":"A","date":"2018-04-26T01:59:20.000Z","volume":3000,"label":" ","price":73.4},{"type":"A","date":"2018-04-26T01:59:22.000Z","volume":500,"label":" ","price":73.5},{"type":"U","date":"2018-04-26T02:01:08.000Z","volume":1000,"label":" ","price":73.45},{"type":"A","date":"2018-04-26T02:01:08.000Z","volume":500,"label":" ","price":73.5},{"type":"A","date":"2018-04-26T02:01:09.000Z","volume":1000,"label":"Y","price":73.5},{"type":"A","date":"2018-04-26T02:01:09.000Z","volume":4500,"label":" ","price":73.5},{"type":"A","date":"2018-04-26T02:01:09.000Z","volume":500,"label":" ","price":73.5},{"type":"A","date":"2018-04-26T02:01:09.000Z","volume":500,"label":" ","price":73.5},{"type":"B","date":"2018-04-26T02:01:13.000Z","volume":2000,"label":" ","price":73.5},{"type":"U","date":"2018-04-26T02:01:13.000Z","volume":500,"label":"X","price":73.5},{"type":"U","date":"2018-04-26T02:01:13.000Z","volume":500,"label":"X","price":73.5},{"type":"U","date":"2018-04-26T02:01:15.000Z","volume":500,"label":" ","price":73.5},{"type":"A","date":"2018-04-26T02:01:19.000Z","volume":500,"label":" ","price":73.55},{"type":"B","date":"2018-04-26T02:02:41.000Z","volume":5500,"label":" ","price":73.5},{"type":"U","date":"2018-04-26T02:02:43.000Z","volume":500,"label":" ","price":73.5},{"type":"A","date":"2018-04-26T02:02:49.000Z","volume":500,"label":" ","price":73.5},{"type":"A","date":"2018-04-26T02:02:49.000Z","volume":1500,"label":" ","price":73.5},{"type":"U","date":"2018-04-26T02:02:49.000Z","volume":500,"label":" ","price":73.5},{"type":"A","date":"2018-04-26T02:02:55.000Z","volume":500,"label":" ","price":73.5},{"type":"U","date":"2018-04-26T02:05:01.000Z","volume":500,"label":" ","price":73.5},{"type":"U","date":"2018-04-26T02:05:01.000Z","volume":500,"label":" ","price":73.5},{"type":"U","date":"2018-04-26T02:05:01.000Z","volume":500,"label":" ","price":73.55},{"type":"U","date":"2018-04-26T02:09:20.000Z","volume":500,"label":" ","price":73.5},{"type":"A","date":"2018-04-26T02:11:34.000Z","volume":500,"label":" ","price":73.6},{"type":"B","date":"2018-04-26T02:11:42.000Z","volume":1000,"label":" ","price":73.45},{"type":"A","date":"2018-04-26T02:11:47.000Z","volume":500,"label":" ","price":73.6},{"type":"A","date":"2018-04-26T02:11:49.000Z","volume":500,"label":" ","price":73.6},{"type":"U","date":"2018-04-26T02:11:53.000Z","volume":1500,"label":" ","price":73.5},{"type":"B","date":"2018-04-26T02:11:53.000Z","volume":500,"label":" ","price":73.5},{"type":"A","date":"2018-04-26T02:11:55.000Z","volume":500,"label":" ","price":73.5},{"type":"U","date":"2018-04-26T02:12:50.000Z","volume":1000,"label":" ","price":73.5},{"type":"A","date":"2018-04-26T02:12:50.000Z","volume":1000,"label":" ","price":73.5},{"type":"A","date":"2018-04-26T02:12:51.000Z","volume":500,"label":" ","price":73.5},{"type":"A","date":"2018-04-26T02:12:51.000Z","volume":500,"label":" ","price":73.5},{"type":"A","date":"2018-04-26T02:12:52.000Z","volume":500,"label":" ","price":73.5},{"type":"A","date":"2018-04-26T02:15:04.000Z","volume":500,"label":" ","price":73.5},{"type":"A","date":"2018-04-26T02:15:12.000Z","volume":500,"label":" ","price":73.5},{"type":"A","date":"2018-04-26T02:15:20.000Z","volume":500,"label":" ","price":73.5},{"type":"B","date":"2018-04-26T02:15:26.000Z","volume":500,"label":" ","price":73.45},{"type":"A","date":"2018-04-26T02:15:54.000Z","volume":500,"label":" ","price":73.5},{"type":"A","date":"2018-04-26T02:15:54.000Z","volume":500,"label":" ","price":73.55},{"type":"A","date":"2018-04-26T02:16:04.000Z","volume":500,"label":" ","price":73.6},{"type":"A","date":"2018-04-26T02:16:04.000Z","volume":500,"label":" ","price":73.75},{"type":"B","date":"2018-04-26T02:16:08.000Z","volume":1000,"label":" ","price":73.5},{"type":"U","date":"2018-04-26T02:16:13.000Z","volume":500,"label":"X","price":73.5},{"type":"U","date":"2018-04-26T02:16:13.000Z","volume":500,"label":"X","price":73.5},{"type":"A","date":"2018-04-26T02:17:05.000Z","volume":500,"label":" ","price":73.6},{"type":"A","date":"2018-04-26T02:18:27.000Z","volume":500,"label":" ","price":73.6},{"type":"U","date":"2018-04-26T02:18:27.000Z","volume":500,"label":" ","price":73.5},{"type":"A","date":"2018-04-26T02:18:28.000Z","volume":500,"label":" ","price":73.65},{"type":"A","date":"2018-04-26T02:19:31.000Z","volume":500,"label":" ","price":73.5},{"type":"A","date":"2018-04-26T02:22:31.000Z","volume":1000,"label":"Y","price":73.5},{"type":"A","date":"2018-04-26T02:22:31.000Z","volume":4500,"label":" ","price":73.5},{"type":"B","date":"2018-04-26T02:22:31.000Z","volume":500,"label":" ","price":73.5},{"type":"A","date":"2018-04-26T02:22:32.000Z","volume":500,"label":" ","price":73.65},{"type":"A","date":"2018-04-26T02:22:32.000Z","volume":500,"label":" ","price":73.7},{"type":"U","date":"2018-04-26T02:22:32.000Z","volume":500,"label":"X","price":73.65},{"type":"B","date":"2018-04-26T02:22:32.000Z","volume":1500,"label":" ","price":73.65},{"type":"A","date":"2018-04-26T02:22:34.000Z","volume":500,"label":" ","price":73.7},{"type":"B","date":"2018-04-26T02:22:37.000Z","volume":1000,"label":" ","price":73.5},{"type":"B","date":"2018-04-26T02:22:37.000Z","volume":500,"label":" ","price":73.5},{"type":"U","date":"2018-04-26T02:22:43.000Z","volume":500,"label":"X","price":73.5},{"type":"B","date":"2018-04-26T02:23:11.000Z","volume":500,"label":" ","price":73.5},{"type":"B","date":"2018-04-26T02:23:12.000Z","volume":1000,"label":" ","price":73.5},{"type":"B","date":"2018-04-26T02:23:15.000Z","volume":500,"label":" ","price":73.45},{"type":"A","date":"2018-04-26T02:23:15.000Z","volume":500,"label":" ","price":73.5},{"type":"A","date":"2018-04-26T02:23:15.000Z","volume":1500,"label":" ","price":73.5},{"type":"B","date":"2018-04-26T02:23:52.000Z","volume":1000,"label":" ","price":73.45},{"type":"B","date":"2018-04-26T02:24:35.000Z","volume":2000,"label":" ","price":73.45},{"type":"B","date":"2018-04-26T02:24:40.000Z","volume":500,"label":" ","price":73.45},{"type":"B","date":"2018-04-26T02:28:53.000Z","volume":1500,"label":" ","price":73.45},{"type":"A","date":"2018-04-26T02:30:01.000Z","volume":1500,"label":" ","price":73.5},{"type":"A","date":"2018-04-26T02:30:01.000Z","volume":500,"label":" ","price":73.5},{"type":"A","date":"2018-04-26T02:30:02.000Z","volume":500,"label":" ","price":73.5},{"type":"A","date":"2018-04-26T02:31:32.000Z","volume":500,"label":" ","price":73.5},{"type":"A","date":"2018-04-26T02:31:35.000Z","volume":500,"label":" ","price":73.5},{"type":"A","date":"2018-04-26T02:31:36.000Z","volume":500,"label":" ","price":73.5},{"type":"A","date":"2018-04-26T02:32:07.000Z","volume":500,"label":" ","price":73.5},{"type":"A","date":"2018-04-26T02:35:06.000Z","volume":500,"label":" ","price":73.5},{"type":"A","date":"2018-04-26T02:35:08.000Z","volume":500,"label":" ","price":73.5},{"type":"A","date":"2018-04-26T02:35:09.000Z","volume":500,"label":" ","price":73.5},{"type":"A","date":"2018-04-26T02:35:30.000Z","volume":500,"label":" ","price":73.6},{"type":"U","date":"2018-04-26T02:35:36.000Z","volume":500,"label":" ","price":73.5},{"type":"U","date":"2018-04-26T02:35:36.000Z","volume":2000,"label":" ","price":73.5},{"type":"U","date":"2018-04-26T02:35:40.000Z","volume":1000,"label":"X","price":73.5},{"type":"A","date":"2018-04-26T02:35:45.000Z","volume":500,"label":" ","price":73.5},{"type":"A","date":"2018-04-26T02:36:34.000Z","volume":500,"label":" ","price":73.6},{"type":"B","date":"2018-04-26T02:39:53.000Z","volume":8000,"label":" ","price":73.45},{"type":"B","date":"2018-04-26T02:39:53.000Z","volume":500,"label":" ","price":73.45},{"type":"B","date":"2018-04-26T02:40:09.000Z","volume":1500,"label":" ","price":73.4},{"type":"A","date":"2018-04-26T02:40:11.000Z","volume":500,"label":" ","price":73.45},{"type":"B","date":"2018-04-26T02:41:15.000Z","volume":500,"label":" ","price":73.5},{"type":"U","date":"2018-04-26T02:41:19.000Z","volume":1500,"label":"X","price":73.5},{"type":"U","date":"2018-04-26T02:41:19.000Z","volume":1500,"label":"X","price":73.5},{"type":"A","date":"2018-04-26T02:41:19.000Z","volume":500,"label":" ","price":73.55},{"type":"A","date":"2018-04-26T02:43:10.000Z","volume":500,"label":" ","price":73.55},{"type":"A","date":"2018-04-26T02:43:11.000Z","volume":500,"label":" ","price":73.55},{"type":"B","date":"2018-04-26T02:43:14.000Z","volume":1000,"label":" ","price":73.5},{"type":"A","date":"2018-04-26T02:43:26.000Z","volume":500,"label":" ","price":73.5},{"type":"A","date":"2018-04-26T02:43:44.000Z","volume":500,"label":" ","price":73.5},{"type":"A","date":"2018-04-26T02:43:47.000Z","volume":500,"label":" ","price":73.5},{"type":"A","date":"2018-04-26T02:46:36.000Z","volume":500,"label":" ","price":73.5},{"type":"A","date":"2018-04-26T02:46:45.000Z","volume":500,"label":"Y","price":73.5},{"type":"B","date":"2018-04-26T02:52:09.000Z","volume":7500,"label":" ","price":73.45},{"type":"A","date":"2018-04-26T02:52:42.000Z","volume":500,"label":" ","price":73.5},{"type":"A","date":"2018-04-26T02:53:03.000Z","volume":1500,"label":"Y","price":73.5},{"type":"A","date":"2018-04-26T02:53:03.000Z","volume":9000,"label":" ","price":73.5},{"type":"B","date":"2018-04-26T02:53:03.000Z","volume":2500,"label":" ","price":73.5},{"type":"A","date":"2018-04-26T02:53:03.000Z","volume":500,"label":" ","price":73.55},{"type":"U","date":"2018-04-26T02:53:05.000Z","volume":500,"label":" ","price":73.5},{"type":"B","date":"2018-04-26T02:53:06.000Z","volume":500,"label":"Y","price":73.5},{"type":"B","date":"2018-04-26T02:53:06.000Z","volume":1000,"label":" ","price":73.5},{"type":"A","date":"2018-04-26T02:53:06.000Z","volume":500,"label":" ","price":73.55},{"type":"A","date":"2018-04-26T02:53:07.000Z","volume":500,"label":" ","price":73.5},{"type":"A","date":"2018-04-26T02:53:15.000Z","volume":500,"label":" ","price":73.55},{"type":"A","date":"2018-04-26T02:53:16.000Z","volume":2000,"label":" ","price":73.55},{"type":"B","date":"2018-04-26T02:53:18.000Z","volume":500,"label":" ","price":73.55},{"type":"B","date":"2018-04-26T02:53:18.000Z","volume":2000,"label":" ","price":73.55},{"type":"U","date":"2018-04-26T02:53:29.000Z","volume":500,"label":" ","price":73.5},{"type":"B","date":"2018-04-26T02:53:53.000Z","volume":8000,"label":" ","price":73.45},{"type":"B","date":"2018-04-26T02:54:51.000Z","volume":6500,"label":" ","price":73.4},{"type":"A","date":"2018-04-26T02:54:52.000Z","volume":500,"label":" ","price":73.4},{"type":"B","date":"2018-04-26T02:55:38.000Z","volume":4000,"label":" ","price":73.35},{"type":"B","date":"2018-04-26T02:55:59.000Z","volume":500,"label":" ","price":73.35},{"type":"B","date":"2018-04-26T02:57:13.000Z","volume":1500,"label":" ","price":73.3},{"type":"A","date":"2018-04-26T02:57:13.000Z","volume":500,"label":" ","price":73.3},{"type":"A","date":"2018-04-26T02:57:13.000Z","volume":500,"label":" ","price":73.3},{"type":"A","date":"2018-04-26T02:59:55.000Z","volume":2000,"label":" ","price":73.3},{"type":"B","date":"2018-04-26T03:00:06.000Z","volume":1500,"label":" ","price":73.3},{"type":"A","date":"2018-04-26T03:00:36.000Z","volume":1000,"label":" ","price":73.4},{"type":"B","date":"2018-04-26T03:04:55.000Z","volume":1000,"label":" ","price":73.35},{"type":"A","date":"2018-04-26T03:05:09.000Z","volume":3500,"label":" ","price":73.4},{"type":"A","date":"2018-04-26T03:05:30.000Z","volume":500,"label":" ","price":73.45},{"type":"A","date":"2018-04-26T03:05:33.000Z","volume":500,"label":" ","price":73.45},{"type":"A","date":"2018-04-26T03:06:06.000Z","volume":1000,"label":" ","price":73.45},{"type":"B","date":"2018-04-26T03:07:47.000Z","volume":3000,"label":" ","price":73.4},{"type":"A","date":"2018-04-26T03:09:33.000Z","volume":500,"label":" ","price":73.45},{"type":"B","date":"2018-04-26T03:11:17.000Z","volume":2000,"label":" ","price":73.4},{"type":"B","date":"2018-04-26T03:11:17.000Z","volume":500,"label":" ","price":73.35},{"type":"B","date":"2018-04-26T03:12:00.000Z","volume":2000,"label":" ","price":73.4},{"type":"B","date":"2018-04-26T03:12:21.000Z","volume":1000,"label":" ","price":73.4},{"type":"A","date":"2018-04-26T03:15:09.000Z","volume":500,"label":" ","price":73.4},{"type":"A","date":"2018-04-26T03:15:14.000Z","volume":500,"label":" ","price":73.4},{"type":"A","date":"2018-04-26T03:15:14.000Z","volume":500,"label":" ","price":73.4},{"type":"A","date":"2018-04-26T03:15:16.000Z","volume":500,"label":" ","price":73.4},{"type":"A","date":"2018-04-26T03:17:22.000Z","volume":500,"label":" ","price":73.4},{"type":"A","date":"2018-04-26T03:17:28.000Z","volume":500,"label":" ","price":73.4},{"type":"A","date":"2018-04-26T03:18:40.000Z","volume":3500,"label":" ","price":73.45},{"type":"U","date":"2018-04-26T03:18:45.000Z","volume":500,"label":"X","price":73.45},{"type":"A","date":"2018-04-26T03:23:30.000Z","volume":500,"label":" ","price":73.5},{"type":"A","date":"2018-04-26T03:25:46.000Z","volume":500,"label":" ","price":73.5},{"type":"A","date":"2018-04-26T03:26:20.000Z","volume":500,"label":" ","price":73.5},{"type":"B","date":"2018-04-26T03:26:32.000Z","volume":10000,"label":" ","price":73.45},{"type":"B","date":"2018-04-26T03:29:59.000Z","volume":500,"label":" ","price":73.45},{"type":"A","date":"2018-04-26T03:31:31.000Z","volume":500,"label":" ","price":73.5},{"type":"A","date":"2018-04-26T03:31:31.000Z","volume":500,"label":" ","price":73.5},{"type":"A","date":"2018-04-26T03:34:31.000Z","volume":500,"label":" ","price":73.5},{"type":"A","date":"2018-04-26T03:35:13.000Z","volume":500,"label":" ","price":73.5},{"type":"A","date":"2018-04-26T03:36:33.000Z","volume":500,"label":" ","price":73.5},{"type":"A","date":"2018-04-26T03:36:59.000Z","volume":500,"label":" ","price":73.5},{"type":"A","date":"2018-04-26T03:37:01.000Z","volume":500,"label":" ","price":73.5},{"type":"A","date":"2018-04-26T03:37:01.000Z","volume":500,"label":" ","price":73.5},{"type":"A","date":"2018-04-26T03:38:46.000Z","volume":500,"label":" ","price":73.5},{"type":"A","date":"2018-04-26T03:40:01.000Z","volume":500,"label":" ","price":73.5},{"type":"A","date":"2018-04-26T03:40:01.000Z","volume":500,"label":" ","price":73.5},{"type":"A","date":"2018-04-26T03:40:32.000Z","volume":500,"label":" ","price":73.5},{"type":"A","date":"2018-04-26T03:41:30.000Z","volume":500,"label":" ","price":73.5},{"type":"A","date":"2018-04-26T03:41:34.000Z","volume":500,"label":" ","price":73.5},{"type":"B","date":"2018-04-26T03:42:12.000Z","volume":11500,"label":" ","price":73.45},{"type":"A","date":"2018-04-26T03:43:14.000Z","volume":6000,"label":" ","price":73.45},{"type":"U","date":"2018-04-26T03:43:27.000Z","volume":500,"label":"X","price":73.45},{"type":"U","date":"2018-04-26T03:43:27.000Z","volume":500,"label":"X","price":73.45},{"type":"A","date":"2018-04-26T03:49:25.000Z","volume":500,"label":" ","price":73.5},{"type":"A","date":"2018-04-26T03:49:46.000Z","volume":500,"label":" ","price":73.5},{"type":"A","date":"2018-04-26T03:49:46.000Z","volume":500,"label":" ","price":73.5},{"type":"A","date":"2018-04-26T03:49:48.000Z","volume":500,"label":" ","price":73.5},{"type":"A","date":"2018-04-26T03:51:11.000Z","volume":500,"label":" ","price":73.5},{"type":"A","date":"2018-04-26T03:52:31.000Z","volume":500,"label":" ","price":73.5},{"type":"A","date":"2018-04-26T03:52:58.000Z","volume":500,"label":" ","price":73.5},{"type":"A","date":"2018-04-26T03:54:16.000Z","volume":500,"label":" ","price":73.5},{"type":"A","date":"2018-04-26T03:54:16.000Z","volume":500,"label":" ","price":73.5},{"type":"A","date":"2018-04-26T03:54:44.000Z","volume":500,"label":" ","price":73.5},{"type":"A","date":"2018-04-26T03:56:01.000Z","volume":500,"label":" ","price":73.5},{"type":"A","date":"2018-04-26T03:56:31.000Z","volume":500,"label":" ","price":73.5},{"type":"A","date":"2018-04-26T03:57:46.000Z","volume":500,"label":" ","price":73.5},{"type":"A","date":"2018-04-26T03:58:18.000Z","volume":500,"label":" ","price":73.5},{"type":"A","date":"2018-04-26T03:58:40.000Z","volume":500,"label":" ","price":73.5},{"type":"A","date":"2018-04-26T03:59:30.000Z","volume":500,"label":" ","price":73.5},{"type":"A","date":"2018-04-26T03:59:55.000Z","volume":29500,"label":" ","price":73.5},{"type":"A","date":"2018-04-26T03:59:55.000Z","volume":16500,"label":" ","price":73.5},{"type":"A","date":"2018-04-26T05:00:00.000Z","volume":500,"label":" ","price":73.5},{"type":"A","date":"2018-04-26T05:00:00.000Z","volume":500,"label":" ","price":73.5},{"type":"U","date":"2018-04-26T05:00:01.000Z","volume":1500,"label":"X","price":73.5},{"type":"B","date":"2018-04-26T05:00:01.000Z","volume":3500,"label":" ","price":73.5},{"type":"U","date":"2018-04-26T05:00:03.000Z","volume":500,"label":"X","price":73.5},{"type":"U","date":"2018-04-26T05:00:03.000Z","volume":500,"label":"X","price":73.5},{"type":"B","date":"2018-04-26T05:00:03.000Z","volume":1500,"label":" ","price":73.5},{"type":"U","date":"2018-04-26T05:00:05.000Z","volume":1500,"label":"X","price":73.5},{"type":"B","date":"2018-04-26T05:00:08.000Z","volume":2000,"label":" ","price":73.45},{"type":"U","date":"2018-04-26T05:00:09.000Z","volume":1500,"label":"X","price":73.5},{"type":"B","date":"2018-04-26T05:00:10.000Z","volume":500,"label":"Y","price":73.45},{"type":"B","date":"2018-04-26T05:00:11.000Z","volume":500,"label":" ","price":73.45},{"type":"A","date":"2018-04-26T05:00:13.000Z","volume":500,"label":" ","price":73.5},{"type":"A","date":"2018-04-26T05:02:17.000Z","volume":500,"label":"Y","price":73.5},{"type":"A","date":"2018-04-26T05:03:32.000Z","volume":1500,"label":"Y","price":73.5},{"type":"A","date":"2018-04-26T05:07:10.000Z","volume":500,"label":" ","price":73.5},{"type":"A","date":"2018-04-26T05:07:53.000Z","volume":500,"label":" ","price":73.5},{"type":"A","date":"2018-04-26T05:08:17.000Z","volume":500,"label":"Y","price":73.5},{"type":"A","date":"2018-04-26T05:08:56.000Z","volume":500,"label":" ","price":73.5},{"type":"B","date":"2018-04-26T05:08:59.000Z","volume":500,"label":"Y","price":73.45},{"type":"A","date":"2018-04-26T05:09:32.000Z","volume":500,"label":"Y","price":73.5},{"type":"A","date":"2018-04-26T05:10:43.000Z","volume":500,"label":" ","price":73.5},{"type":"A","date":"2018-04-26T05:11:02.000Z","volume":500,"label":"Y","price":73.5},{"type":"A","date":"2018-04-26T05:11:02.000Z","volume":500,"label":"Y","price":73.5},{"type":"A","date":"2018-04-26T05:11:30.000Z","volume":500,"label":" ","price":73.5},{"type":"A","date":"2018-04-26T05:12:27.000Z","volume":500,"label":" ","price":73.5},{"type":"A","date":"2018-04-26T05:12:27.000Z","volume":500,"label":" ","price":73.5},{"type":"A","date":"2018-04-26T05:12:29.000Z","volume":500,"label":" ","price":73.5},{"type":"B","date":"2018-04-26T05:12:48.000Z","volume":12500,"label":" ","price":73.45},{"type":"B","date":"2018-04-26T05:12:48.000Z","volume":4500,"label":" ","price":73.4},{"type":"B","date":"2018-04-26T05:12:48.000Z","volume":1000,"label":" ","price":73.45},{"type":"B","date":"2018-04-26T05:12:48.000Z","volume":500,"label":"Y","price":73.4},{"type":"A","date":"2018-04-26T05:16:02.000Z","volume":500,"label":" ","price":73.5},{"type":"A","date":"2018-04-26T05:17:49.000Z","volume":500,"label":" ","price":73.5},{"type":"A","date":"2018-04-26T05:19:36.000Z","volume":500,"label":" ","price":73.5},{"type":"A","date":"2018-04-26T05:21:22.000Z","volume":500,"label":" ","price":73.5},{"type":"A","date":"2018-04-26T05:23:08.000Z","volume":500,"label":" ","price":73.5},{"type":"A","date":"2018-04-26T05:24:32.000Z","volume":500,"label":"Y","price":73.5},{"type":"A","date":"2018-04-26T05:24:32.000Z","volume":500,"label":"Y","price":73.5},{"type":"B","date":"2018-04-26T05:24:45.000Z","volume":500,"label":" ","price":73.45},{"type":"A","date":"2018-04-26T05:24:55.000Z","volume":500,"label":" ","price":73.5},{"type":"A","date":"2018-04-26T05:26:42.000Z","volume":500,"label":" ","price":73.5},{"type":"B","date":"2018-04-26T05:26:43.000Z","volume":500,"label":"Y","price":73.45},{"type":"A","date":"2018-04-26T05:28:28.000Z","volume":500,"label":" ","price":73.5},{"type":"A","date":"2018-04-26T05:28:28.000Z","volume":500,"label":" ","price":73.5},{"type":"A","date":"2018-04-26T05:28:32.000Z","volume":500,"label":" ","price":73.5},{"type":"A","date":"2018-04-26T05:28:44.000Z","volume":500,"label":" ","price":73.5},{"type":"A","date":"2018-04-26T05:29:30.000Z","volume":500,"label":" ","price":73.5},{"type":"A","date":"2018-04-26T05:30:15.000Z","volume":500,"label":" ","price":73.5},{"type":"A","date":"2018-04-26T05:31:02.000Z","volume":500,"label":" ","price":73.5},{"type":"B","date":"2018-04-26T05:31:52.000Z","volume":500,"label":" ","price":73.45},{"type":"A","date":"2018-04-26T05:32:01.000Z","volume":500,"label":" ","price":73.5},{"type":"U","date":"2018-04-26T05:32:10.000Z","volume":1000,"label":"X","price":73.45},{"type":"A","date":"2018-04-26T05:33:32.000Z","volume":500,"label":" ","price":73.5},{"type":"A","date":"2018-04-26T05:33:48.000Z","volume":500,"label":" ","price":73.5},{"type":"B","date":"2018-04-26T05:35:17.000Z","volume":2000,"label":" ","price":73.45},{"type":"A","date":"2018-04-26T05:35:34.000Z","volume":500,"label":" ","price":73.5},{"type":"A","date":"2018-04-26T05:36:17.000Z","volume":500,"label":"Y","price":73.5},{"type":"A","date":"2018-04-26T05:37:21.000Z","volume":500,"label":" ","price":73.5},{"type":"A","date":"2018-04-26T05:38:54.000Z","volume":500,"label":" ","price":73.5},{"type":"A","date":"2018-04-26T05:39:02.000Z","volume":500,"label":"Y","price":73.5},{"type":"A","date":"2018-04-26T05:39:07.000Z","volume":500,"label":" ","price":73.5},{"type":"A","date":"2018-04-26T05:39:07.000Z","volume":500,"label":" ","price":73.5},{"type":"A","date":"2018-04-26T05:40:54.000Z","volume":500,"label":" ","price":73.5},{"type":"A","date":"2018-04-26T05:41:47.000Z","volume":500,"label":"Y","price":73.5},{"type":"A","date":"2018-04-26T05:41:47.000Z","volume":500,"label":"Y","price":73.5},{"type":"A","date":"2018-04-26T05:41:58.000Z","volume":500,"label":" ","price":73.5},{"type":"A","date":"2018-04-26T05:42:40.000Z","volume":500,"label":" ","price":73.5},{"type":"B","date":"2018-04-26T05:42:44.000Z","volume":1000,"label":" ","price":73.45},{"type":"A","date":"2018-04-26T05:44:27.000Z","volume":500,"label":" ","price":73.5},{"type":"B","date":"2018-04-26T05:45:43.000Z","volume":500,"label":" ","price":73.45},{"type":"A","date":"2018-04-26T05:46:13.000Z","volume":500,"label":" ","price":73.5},{"type":"A","date":"2018-04-26T05:47:02.000Z","volume":500,"label":" ","price":73.5},{"type":"A","date":"2018-04-26T05:47:02.000Z","volume":500,"label":" ","price":73.5},{"type":"A","date":"2018-04-26T05:47:02.000Z","volume":500,"label":" ","price":73.5},{"type":"U","date":"2018-04-26T05:47:03.000Z","volume":1500,"label":"X","price":73.5},{"type":"A","date":"2018-04-26T05:47:30.000Z","volume":500,"label":" ","price":73.5},{"type":"A","date":"2018-04-26T05:48:00.000Z","volume":500,"label":" ","price":73.5},{"type":"A","date":"2018-04-26T05:49:46.000Z","volume":500,"label":" ","price":73.5},{"type":"A","date":"2018-04-26T05:50:07.000Z","volume":500,"label":" ","price":73.5},{"type":"A","date":"2018-04-26T05:50:32.000Z","volume":500,"label":"Y","price":73.5},{"type":"A","date":"2018-04-26T05:50:32.000Z","volume":500,"label":"Y","price":73.5},{"type":"A","date":"2018-04-26T05:50:40.000Z","volume":500,"label":" ","price":73.5},{"type":"A","date":"2018-04-26T05:50:55.000Z","volume":1000,"label":"Y","price":73.5},{"type":"A","date":"2018-04-26T05:50:55.000Z","volume":3500,"label":" ","price":73.5},{"type":"U","date":"2018-04-26T05:50:55.000Z","volume":1500,"label":"X","price":73.5},{"type":"A","date":"2018-04-26T05:50:55.000Z","volume":500,"label":" ","price":73.55},{"type":"A","date":"2018-04-26T05:50:55.000Z","volume":7500,"label":" ","price":73.5},{"type":"U","date":"2018-04-26T05:50:55.000Z","volume":2000,"label":"X","price":73.5},{"type":"U","date":"2018-04-26T05:50:55.000Z","volume":2000,"label":"X","price":73.5},{"type":"B","date":"2018-04-26T05:50:57.000Z","volume":500,"label":" ","price":73.5},{"type":"B","date":"2018-04-26T05:50:57.000Z","volume":1000,"label":" ","price":73.5},{"type":"A","date":"2018-04-26T05:50:57.000Z","volume":500,"label":" ","price":73.55},{"type":"B","date":"2018-04-26T05:50:57.000Z","volume":1000,"label":"Y","price":73.5},{"type":"U","date":"2018-04-26T05:50:57.000Z","volume":500,"label":"X","price":73.5},{"type":"U","date":"2018-04-26T05:51:00.000Z","volume":500,"label":"X","price":73.5},{"type":"A","date":"2018-04-26T05:51:00.000Z","volume":500,"label":" ","price":73.55},{"type":"U","date":"2018-04-26T05:51:00.000Z","volume":1500,"label":"X","price":73.5},{"type":"U","date":"2018-04-26T05:51:00.000Z","volume":500,"label":"X","price":73.5},{"type":"U","date":"2018-04-26T05:51:31.000Z","volume":1500,"label":"X","price":73.5},{"type":"U","date":"2018-04-26T05:51:31.000Z","volume":1500,"label":"X","price":73.5},{"type":"A","date":"2018-04-26T05:53:55.000Z","volume":500,"label":" ","price":73.55},{"type":"A","date":"2018-04-26T05:54:17.000Z","volume":500,"label":"Y","price":73.55},{"type":"A","date":"2018-04-26T05:56:32.000Z","volume":500,"label":" ","price":73.55},{"type":"A","date":"2018-04-26T05:56:52.000Z","volume":500,"label":" ","price":73.55},{"type":"A","date":"2018-04-26T05:58:02.000Z","volume":500,"label":"Y","price":73.55},{"type":"A","date":"2018-04-26T05:58:39.000Z","volume":500,"label":" ","price":73.55},{"type":"A","date":"2018-04-26T05:59:47.000Z","volume":500,"label":"Y","price":73.55},{"type":"A","date":"2018-04-26T06:00:25.000Z","volume":500,"label":" ","price":73.55},{"type":"A","date":"2018-04-26T06:01:02.000Z","volume":500,"label":"Y","price":73.55},{"type":"A","date":"2018-04-26T06:01:02.000Z","volume":4500,"label":" ","price":73.55},{"type":"A","date":"2018-04-26T06:01:03.000Z","volume":500,"label":" ","price":73.55},{"type":"U","date":"2018-04-26T06:01:35.000Z","volume":467,"label":"D","price":73.5},{"type":"A","date":"2018-04-26T06:02:12.000Z","volume":500,"label":" ","price":73.55},{"type":"U","date":"2018-04-26T06:02:47.000Z","volume":500,"label":"X","price":73.525},{"type":"B","date":"2018-04-26T06:03:56.000Z","volume":1500,"label":" ","price":73.5},{"type":"A","date":"2018-04-26T06:03:58.000Z","volume":500,"label":" ","price":73.55},{"type":"B","date":"2018-04-26T06:03:59.000Z","volume":500,"label":"Y","price":73.5},{"type":"B","date":"2018-04-26T06:04:37.000Z","volume":1500,"label":" ","price":73.5},{"type":"B","date":"2018-04-26T06:04:40.000Z","volume":500,"label":"Y","price":73.5},{"type":"U","date":"2018-04-26T06:04:42.000Z","volume":500,"label":"X","price":73.5},{"type":"A","date":"2018-04-26T06:04:47.000Z","volume":500,"label":"Y","price":73.55},{"type":"U","date":"2018-04-26T06:04:48.000Z","volume":2000,"label":"X","price":73.5},{"type":"B","date":"2018-04-26T06:04:50.000Z","volume":1000,"label":" ","price":73.5},{"type":"B","date":"2018-04-26T06:04:54.000Z","volume":500,"label":" ","price":73.5},{"type":"U","date":"2018-04-26T06:05:04.000Z","volume":2000,"label":"X","price":73.5},{"type":"A","date":"2018-04-26T06:05:30.000Z","volume":500,"label":" ","price":73.55},{"type":"A","date":"2018-04-26T06:05:30.000Z","volume":500,"label":" ","price":73.55},{"type":"A","date":"2018-04-26T06:05:45.000Z","volume":500,"label":" ","price":73.55},{"type":"B","date":"2018-04-26T06:05:59.000Z","volume":500,"label":"Y","price":73.5},{"type":"B","date":"2018-04-26T06:05:59.000Z","volume":1000,"label":" ","price":73.5},{"type":"B","date":"2018-04-26T06:06:00.000Z","volume":500,"label":" ","price":73.5},{"type":"U","date":"2018-04-26T06:06:02.000Z","volume":500,"label":"X","price":73.5},{"type":"U","date":"2018-04-26T06:06:02.000Z","volume":1500,"label":"X","price":73.5},{"type":"U","date":"2018-04-26T06:06:04.000Z","volume":1500,"label":"X","price":73.525},{"type":"A","date":"2018-04-26T06:07:31.000Z","volume":500,"label":" ","price":73.55},{"type":"A","date":"2018-04-26T06:09:18.000Z","volume":500,"label":" ","price":73.55},{"type":"A","date":"2018-04-26T06:10:49.000Z","volume":10000,"label":" ","price":73.55},{"type":"A","date":"2018-04-26T06:10:49.000Z","volume":500,"label":" ","price":73.55},{"type":"A","date":"2018-04-26T06:10:49.000Z","volume":1000,"label":" ","price":73.55},{"type":"A","date":"2018-04-26T06:10:51.000Z","volume":500,"label":" ","price":73.55},{"type":"A","date":"2018-04-26T06:10:51.000Z","volume":1000,"label":" ","price":73.55},{"type":"U","date":"2018-04-26T06:10:54.000Z","volume":500,"label":"X","price":73.5},{"type":"A","date":"2018-04-26T06:11:02.000Z","volume":1000,"label":" ","price":73.55},{"type":"A","date":"2018-04-26T06:11:04.000Z","volume":500,"label":" ","price":73.55},{"type":"A","date":"2018-04-26T06:11:06.000Z","volume":500,"label":" ","price":73.55},{"type":"A","date":"2018-04-26T06:12:13.000Z","volume":5000,"label":" ","price":73.55},{"type":"A","date":"2018-04-26T06:12:13.000Z","volume":500,"label":" ","price":73.55},{"type":"U","date":"2018-04-26T06:12:14.000Z","volume":500,"label":"X","price":73.525},{"type":"A","date":"2018-04-26T06:12:17.000Z","volume":500,"label":" ","price":73.55},{"type":"A","date":"2018-04-26T06:12:17.000Z","volume":500,"label":"Y","price":73.55},{"type":"A","date":"2018-04-26T06:12:17.000Z","volume":500,"label":"Y","price":73.55},{"type":"A","date":"2018-04-26T06:12:18.000Z","volume":500,"label":" ","price":73.6},{"type":"B","date":"2018-04-26T06:12:19.000Z","volume":500,"label":" ","price":73.55},{"type":"B","date":"2018-04-26T06:12:19.000Z","volume":500,"label":" ","price":73.55},{"type":"A","date":"2018-04-26T06:12:30.000Z","volume":500,"label":" ","price":73.6},{"type":"B","date":"2018-04-26T06:13:21.000Z","volume":1000,"label":" ","price":73.55},{"type":"B","date":"2018-04-26T06:13:21.000Z","volume":2000,"label":" ","price":73.55},{"type":"A","date":"2018-04-26T06:13:55.000Z","volume":500,"label":" ","price":73.55},{"type":"B","date":"2018-04-26T06:16:21.000Z","volume":11500,"label":" ","price":73.5},{"type":"B","date":"2018-04-26T06:16:22.000Z","volume":500,"label":"Y","price":73.45},{"type":"B","date":"2018-04-26T06:16:25.000Z","volume":12000,"label":" ","price":73.45},{"type":"A","date":"2018-04-26T06:16:25.000Z","volume":500,"label":" ","price":73.5},{"type":"A","date":"2018-04-26T06:16:27.000Z","volume":500,"label":" ","price":73.45},{"type":"B","date":"2018-04-26T06:17:38.000Z","volume":2500,"label":" ","price":73.4},{"type":"B","date":"2018-04-26T06:18:28.000Z","volume":500,"label":" ","price":73.4},{"type":"B","date":"2018-04-26T06:19:14.000Z","volume":500,"label":" ","price":73.4},{"type":"B","date":"2018-04-26T06:20:14.000Z","volume":500,"label":" ","price":73.4},{"type":"B","date":"2018-04-26T06:20:16.000Z","volume":1000,"label":" ","price":73.4},{"type":"B","date":"2018-04-26T06:20:16.000Z","volume":10000,"label":" ","price":73.4},{"type":"B","date":"2018-04-26T06:20:59.000Z","volume":500,"label":" ","price":73.35},{"type":"B","date":"2018-04-26T06:21:16.000Z","volume":1000,"label":" ","price":73.4},{"type":"B","date":"2018-04-26T06:21:18.000Z","volume":2000,"label":" ","price":73.4},{"type":"B","date":"2018-04-26T06:21:29.000Z","volume":500,"label":" ","price":73.4},{"type":"B","date":"2018-04-26T06:21:29.000Z","volume":3500,"label":" ","price":73.35},{"type":"U","date":"2018-04-26T06:22:16.000Z","volume":5000,"label":" ","price":73.4},{"type":"A","date":"2018-04-26T06:22:44.000Z","volume":3500,"label":"Y","price":73.45},{"type":"A","date":"2018-04-26T06:22:44.000Z","volume":1000,"label":" ","price":73.45},{"type":"B","date":"2018-04-26T06:22:59.000Z","volume":5000,"label":" ","price":73.45},{"type":"A","date":"2018-04-26T06:22:59.000Z","volume":500,"label":" ","price":73.45},{"type":"B","date":"2018-04-26T06:23:45.000Z","volume":3000,"label":" ","price":73.4},{"type":"B","date":"2018-04-26T06:23:59.000Z","volume":500,"label":" ","price":73.4},{"type":"B","date":"2018-04-26T06:24:43.000Z","volume":1000,"label":" ","price":73.4},{"type":"B","date":"2018-04-26T06:26:29.000Z","volume":2500,"label":" ","price":73.4},{"type":"B","date":"2018-04-26T06:26:59.000Z","volume":500,"label":" ","price":73.35},{"type":"B","date":"2018-04-26T06:28:14.000Z","volume":500,"label":" ","price":73.35},{"type":"A","date":"2018-04-26T06:28:50.000Z","volume":1000,"label":" ","price":73.4},{"type":"A","date":"2018-04-26T06:28:55.000Z","volume":500,"label":" ","price":73.4},{"type":"B","date":"2018-04-26T06:29:29.000Z","volume":500,"label":" ","price":73.35},{"type":"B","date":"2018-04-26T06:29:56.000Z","volume":5000,"label":" ","price":73.35},{"type":"B","date":"2018-04-26T06:29:59.000Z","volume":500,"label":"Y","price":73.35},{"type":"A","date":"2018-04-26T06:30:17.000Z","volume":2000,"label":" ","price":73.35},{"type":"A","date":"2018-04-26T06:30:58.000Z","volume":1500,"label":" ","price":73.4},{"type":"B","date":"2018-04-26T06:31:11.000Z","volume":1000,"label":" ","price":73.4},{"type":"B","date":"2018-04-26T06:31:52.000Z","volume":500,"label":" ","price":73.4},{"type":"B","date":"2018-04-26T06:32:01.000Z","volume":1000,"label":" ","price":73.4},{"type":"B","date":"2018-04-26T06:33:32.000Z","volume":500,"label":" ","price":73.4},{"type":"B","date":"2018-04-26T06:35:44.000Z","volume":1000,"label":" ","price":73.4},{"type":"B","date":"2018-04-26T06:36:40.000Z","volume":1000,"label":" ","price":73.4},{"type":"B","date":"2018-04-26T06:37:14.000Z","volume":500,"label":" ","price":73.4},{"type":"A","date":"2018-04-26T06:37:29.000Z","volume":2000,"label":"Y","price":73.45},{"type":"A","date":"2018-04-26T06:37:29.000Z","volume":3000,"label":" ","price":73.45},{"type":"B","date":"2018-04-26T06:39:14.000Z","volume":500,"label":" ","price":73.45},{"type":"A","date":"2018-04-26T06:39:14.000Z","volume":1000,"label":" ","price":73.5},{"type":"B","date":"2018-04-26T06:39:59.000Z","volume":500,"label":" ","price":73.45},{"type":"B","date":"2018-04-26T06:39:59.000Z","volume":500,"label":" ","price":73.45},{"type":"B","date":"2018-04-26T06:40:00.000Z","volume":500,"label":"Y","price":73.45},{"type":"A","date":"2018-04-26T06:40:17.000Z","volume":500,"label":" ","price":73.5},{"type":"A","date":"2018-04-26T06:40:17.000Z","volume":500,"label":" ","price":73.5},{"type":"B","date":"2018-04-26T06:41:14.000Z","volume":500,"label":" ","price":73.45},{"type":"B","date":"2018-04-26T06:41:14.000Z","volume":500,"label":" ","price":73.45},{"type":"B","date":"2018-04-26T06:41:14.000Z","volume":500,"label":" ","price":73.45},{"type":"B","date":"2018-04-26T06:41:14.000Z","volume":500,"label":"Y","price":73.45},{"type":"A","date":"2018-04-26T06:41:15.000Z","volume":500,"label":" ","price":73.5},{"type":"A","date":"2018-04-26T06:41:30.000Z","volume":500,"label":" ","price":73.5},{"type":"B","date":"2018-04-26T06:41:53.000Z","volume":7000,"label":" ","price":73.45},{"type":"B","date":"2018-04-26T06:42:44.000Z","volume":500,"label":"Y","price":73.4},{"type":"B","date":"2018-04-26T06:42:44.000Z","volume":500,"label":"Y","price":73.4},{"type":"B","date":"2018-04-26T06:43:59.000Z","volume":500,"label":" ","price":73.4},{"type":"B","date":"2018-04-26T06:44:44.000Z","volume":500,"label":" ","price":73.4},{"type":"B","date":"2018-04-26T06:45:21.000Z","volume":1500,"label":" ","price":73.4},{"type":"B","date":"2018-04-26T06:45:29.000Z","volume":500,"label":" ","price":73.4},{"type":"B","date":"2018-04-26T06:45:29.000Z","volume":500,"label":" ","price":73.4},{"type":"B","date":"2018-04-26T06:46:59.000Z","volume":500,"label":" ","price":73.4},{"type":"B","date":"2018-04-26T06:46:59.000Z","volume":500,"label":" ","price":73.4},{"type":"A","date":"2018-04-26T06:47:47.000Z","volume":500,"label":" ","price":73.45},{"type":"A","date":"2018-04-26T06:47:47.000Z","volume":500,"label":" ","price":73.45},{"type":"B","date":"2018-04-26T06:48:44.000Z","volume":500,"label":" ","price":73.4},{"type":"A","date":"2018-04-26T06:48:49.000Z","volume":20500,"label":" ","price":73.45},{"type":"A","date":"2018-04-26T06:48:49.000Z","volume":1000,"label":" ","price":73.45},{"type":"A","date":"2018-04-26T06:49:43.000Z","volume":1000,"label":" ","price":73.5},{"type":"B","date":"2018-04-26T06:51:14.000Z","volume":500,"label":" ","price":73.45},{"type":"B","date":"2018-04-26T06:51:14.000Z","volume":500,"label":" ","price":73.45},{"type":"A","date":"2018-04-26T06:51:15.000Z","volume":3500,"label":"Y","price":73.5},{"type":"A","date":"2018-04-26T06:51:15.000Z","volume":1500,"label":" ","price":73.5},{"type":"B","date":"2018-04-26T06:51:16.000Z","volume":500,"label":" ","price":73.45},{"type":"B","date":"2018-04-26T06:51:17.000Z","volume":500,"label":" ","price":73.45},{"type":"A","date":"2018-04-26T06:51:32.000Z","volume":500,"label":"Y","price":73.5},{"type":"A","date":"2018-04-26T06:51:32.000Z","volume":500,"label":"Y","price":73.5},{"type":"A","date":"2018-04-26T06:51:32.000Z","volume":500,"label":" ","price":73.5},{"type":"A","date":"2018-04-26T06:51:32.000Z","volume":500,"label":" ","price":73.5},{"type":"A","date":"2018-04-26T06:51:32.000Z","volume":500,"label":"Y","price":73.5},{"type":"A","date":"2018-04-26T06:51:32.000Z","volume":500,"label":"Y","price":73.5},{"type":"U","date":"2018-04-26T06:51:32.000Z","volume":500,"label":"X","price":73.5},{"type":"U","date":"2018-04-26T06:51:32.000Z","volume":500,"label":"X","price":73.5},{"type":"U","date":"2018-04-26T06:51:32.000Z","volume":500,"label":"X","price":73.5},{"type":"B","date":"2018-04-26T06:51:33.000Z","volume":500,"label":" ","price":73.5},{"type":"U","date":"2018-04-26T06:51:34.000Z","volume":500,"label":"X","price":73.525},{"type":"U","date":"2018-04-26T06:51:35.000Z","volume":500,"label":"X","price":73.525},{"type":"U","date":"2018-04-26T06:51:51.000Z","volume":500,"label":"X","price":73.525},{"type":"U","date":"2018-04-26T06:51:51.000Z","volume":1000,"label":"X","price":73.5},{"type":"U","date":"2018-04-26T06:52:07.000Z","volume":500,"label":"X","price":73.525},{"type":"U","date":"2018-04-26T06:52:07.000Z","volume":1000,"label":"X","price":73.5},{"type":"B","date":"2018-04-26T06:52:09.000Z","volume":1000,"label":" ","price":73.5},{"type":"B","date":"2018-04-26T06:52:13.000Z","volume":500,"label":"Y","price":73.5},{"type":"B","date":"2018-04-26T06:53:23.000Z","volume":2000,"label":" ","price":73.5},{"type":"B","date":"2018-04-26T06:53:23.000Z","volume":500,"label":"Y","price":73.5},{"type":"B","date":"2018-04-26T06:53:37.000Z","volume":500,"label":" ","price":73.5},{"type":"B","date":"2018-04-26T06:54:04.000Z","volume":1000,"label":" ","price":73.5},{"type":"B","date":"2018-04-26T06:54:04.000Z","volume":500,"label":" ","price":73.5},{"type":"B","date":"2018-04-26T06:55:34.000Z","volume":2000,"label":" ","price":73.5},{"type":"B","date":"2018-04-26T06:55:59.000Z","volume":500,"label":" ","price":73.45},{"type":"B","date":"2018-04-26T06:55:59.000Z","volume":500,"label":" ","price":73.45},{"type":"A","date":"2018-04-26T06:57:02.000Z","volume":500,"label":" ","price":73.5},{"type":"A","date":"2018-04-26T06:57:04.000Z","volume":1000,"label":"Y","price":73.5},{"type":"B","date":"2018-04-26T06:57:14.000Z","volume":6000,"label":" ","price":73.5},{"type":"B","date":"2018-04-26T06:57:29.000Z","volume":500,"label":" ","price":73.45},{"type":"B","date":"2018-04-26T06:57:29.000Z","volume":500,"label":" ","price":73.45},{"type":"B","date":"2018-04-26T06:57:31.000Z","volume":500,"label":"Y","price":73.45},{"type":"B","date":"2018-04-26T06:57:31.000Z","volume":7500,"label":" ","price":73.45},{"type":"B","date":"2018-04-26T06:57:31.000Z","volume":500,"label":" ","price":73.45},{"type":"B","date":"2018-04-26T06:57:31.000Z","volume":1000,"label":"Y","price":73.45},{"type":"B","date":"2018-04-26T06:57:31.000Z","volume":500,"label":"Y","price":73.45},{"type":"A","date":"2018-04-26T06:57:46.000Z","volume":1000,"label":"Y","price":73.45},{"type":"A","date":"2018-04-26T06:57:46.000Z","volume":1000,"label":" ","price":73.45},{"type":"B","date":"2018-04-26T06:57:46.000Z","volume":500,"label":"Y","price":73.45},{"type":"B","date":"2018-04-26T07:00:44.000Z","volume":500,"label":" ","price":73.45},{"type":"B","date":"2018-04-26T07:01:29.000Z","volume":500,"label":" ","price":73.45},{"type":"B","date":"2018-04-26T07:02:02.000Z","volume":500,"label":" ","price":73.45},{"type":"B","date":"2018-04-26T07:02:02.000Z","volume":500,"label":"Y","price":73.45},{"type":"B","date":"2018-04-26T07:02:14.000Z","volume":500,"label":" ","price":73.45},{"type":"B","date":"2018-04-26T07:03:14.000Z","volume":500,"label":" ","price":73.45},{"type":"B","date":"2018-04-26T07:03:14.000Z","volume":500,"label":" ","price":73.45},{"type":"B","date":"2018-04-26T07:03:16.000Z","volume":500,"label":" ","price":73.45},{"type":"A","date":"2018-04-26T07:03:47.000Z","volume":500,"label":" ","price":73.5},{"type":"A","date":"2018-04-26T07:03:47.000Z","volume":500,"label":" ","price":73.5},{"type":"B","date":"2018-04-26T07:04:14.000Z","volume":500,"label":" ","price":73.45},{"type":"B","date":"2018-04-26T07:04:59.000Z","volume":500,"label":" ","price":73.45},{"type":"B","date":"2018-04-26T07:04:59.000Z","volume":500,"label":" ","price":73.45},{"type":"B","date":"2018-04-26T07:05:00.000Z","volume":500,"label":" ","price":73.45},{"type":"B","date":"2018-04-26T07:05:07.000Z","volume":500,"label":" ","price":73.45},{"type":"B","date":"2018-04-26T07:06:14.000Z","volume":500,"label":" ","price":73.45},{"type":"B","date":"2018-04-26T07:06:14.000Z","volume":500,"label":" ","price":73.45},{"type":"B","date":"2018-04-26T07:06:14.000Z","volume":500,"label":" ","price":73.45},{"type":"U","date":"2018-04-26T07:06:21.000Z","volume":500,"label":"X","price":73.45},{"type":"A","date":"2018-04-26T07:06:32.000Z","volume":500,"label":" ","price":73.5},{"type":"A","date":"2018-04-26T07:06:32.000Z","volume":500,"label":" ","price":73.5},{"type":"A","date":"2018-04-26T07:06:44.000Z","volume":10000,"label":"Y","price":73.5},{"type":"A","date":"2018-04-26T07:06:44.000Z","volume":12000,"label":" ","price":73.5},{"type":"B","date":"2018-04-26T07:06:44.000Z","volume":3000,"label":"Y","price":73.5},{"type":"U","date":"2018-04-26T07:06:44.000Z","volume":500,"label":"X","price":73.5},{"type":"B","date":"2018-04-26T07:06:44.000Z","volume":1500,"label":"Y","price":73.5},{"type":"U","date":"2018-04-26T07:06:54.000Z","volume":1500,"label":"X","price":73.5},{"type":"B","date":"2018-04-26T07:09:27.000Z","volume":1000,"label":" ","price":73.5},{"type":"B","date":"2018-04-26T07:09:30.000Z","volume":500,"label":"Y","price":73.5},{"type":"B","date":"2018-04-26T07:09:44.000Z","volume":1000,"label":" ","price":73.5},{"type":"B","date":"2018-04-26T07:09:45.000Z","volume":500,"label":" ","price":73.5},{"type":"A","date":"2018-04-26T07:10:47.000Z","volume":500,"label":" ","price":73.55},{"type":"A","date":"2018-04-26T07:10:47.000Z","volume":500,"label":" ","price":73.55},{"type":"B","date":"2018-04-26T07:10:48.000Z","volume":500,"label":"Y","price":73.5},{"type":"B","date":"2018-04-26T07:11:14.000Z","volume":500,"label":" ","price":73.5},{"type":"B","date":"2018-04-26T07:11:14.000Z","volume":500,"label":" ","price":73.5},{"type":"B","date":"2018-04-26T07:11:14.000Z","volume":500,"label":" ","price":73.5},{"type":"B","date":"2018-04-26T07:11:14.000Z","volume":500,"label":" ","price":73.5},{"type":"B","date":"2018-04-26T07:11:16.000Z","volume":500,"label":"Y","price":73.5},{"type":"A","date":"2018-04-26T07:11:30.000Z","volume":10000,"label":" ","price":73.55},{"type":"B","date":"2018-04-26T07:12:59.000Z","volume":500,"label":" ","price":73.5},{"type":"B","date":"2018-04-26T07:12:59.000Z","volume":500,"label":" ","price":73.5},{"type":"B","date":"2018-04-26T07:13:07.000Z","volume":500,"label":" ","price":73.5},{"type":"A","date":"2018-04-26T07:13:17.000Z","volume":500,"label":"Y","price":73.55},{"type":"B","date":"2018-04-26T07:14:14.000Z","volume":500,"label":" ","price":73.5},{"type":"B","date":"2018-04-26T07:14:14.000Z","volume":500,"label":" ","price":73.5},{"type":"B","date":"2018-04-26T07:14:16.000Z","volume":1000,"label":"Y","price":73.5},{"type":"A","date":"2018-04-26T07:14:17.000Z","volume":500,"label":"Y","price":73.55},{"type":"U","date":"2018-04-26T07:15:16.000Z","volume":1500,"label":"X","price":73.5},{"type":"B","date":"2018-04-26T07:15:32.000Z","volume":5000,"label":" ","price":73.5},{"type":"B","date":"2018-04-26T07:15:32.000Z","volume":1500,"label":" ","price":73.5},{"type":"B","date":"2018-04-26T07:15:44.000Z","volume":500,"label":" ","price":73.5},{"type":"B","date":"2018-04-26T07:15:44.000Z","volume":500,"label":" ","price":73.5},{"type":"B","date":"2018-04-26T07:15:44.000Z","volume":500,"label":"Y","price":73.5},{"type":"B","date":"2018-04-26T07:15:44.000Z","volume":500,"label":"Y","price":73.5},{"type":"B","date":"2018-04-26T07:15:52.000Z","volume":1000,"label":"Y","price":73.5},{"type":"B","date":"2018-04-26T07:16:00.000Z","volume":4500,"label":" ","price":73.5},{"type":"B","date":"2018-04-26T07:18:14.000Z","volume":500,"label":" ","price":73.45},{"type":"B","date":"2018-04-26T07:18:14.000Z","volume":1000,"label":" ","price":73.45},{"type":"B","date":"2018-04-26T07:18:16.000Z","volume":500,"label":"Y","price":73.45},{"type":"B","date":"2018-04-26T07:19:44.000Z","volume":500,"label":" ","price":73.45},{"type":"B","date":"2018-04-26T07:19:44.000Z","volume":500,"label":" ","price":73.45},{"type":"B","date":"2018-04-26T07:19:44.000Z","volume":500,"label":" ","price":73.45},{"type":"B","date":"2018-04-26T07:19:45.000Z","volume":500,"label":"Y","price":73.45},{"type":"B","date":"2018-04-26T07:19:49.000Z","volume":500,"label":"Y","price":73.45},{"type":"B","date":"2018-04-26T07:20:59.000Z","volume":500,"label":" ","price":73.45},{"type":"B","date":"2018-04-26T07:20:59.000Z","volume":500,"label":" ","price":73.45},{"type":"A","date":"2018-04-26T07:21:00.000Z","volume":500,"label":" ","price":73.5},{"type":"A","date":"2018-04-26T07:21:16.000Z","volume":1000,"label":" ","price":73.5},{"type":"A","date":"2018-04-26T07:21:17.000Z","volume":1000,"label":" ","price":73.5},{"type":"A","date":"2018-04-26T07:21:40.000Z","volume":500,"label":" ","price":73.5},{"type":"A","date":"2018-04-26T07:21:47.000Z","volume":500,"label":" ","price":73.5},{"type":"A","date":"2018-04-26T07:21:47.000Z","volume":500,"label":" ","price":73.5},{"type":"B","date":"2018-04-26T07:21:59.000Z","volume":500,"label":" ","price":73.45},{"type":"B","date":"2018-04-26T07:21:59.000Z","volume":500,"label":" ","price":73.45},{"type":"B","date":"2018-04-26T07:21:59.000Z","volume":500,"label":"Y","price":73.45},{"type":"A","date":"2018-04-26T07:22:25.000Z","volume":500,"label":" ","price":73.5},{"type":"B","date":"2018-04-26T07:22:59.000Z","volume":500,"label":" ","price":73.45},{"type":"B","date":"2018-04-26T07:22:59.000Z","volume":500,"label":" ","price":73.45},{"type":"B","date":"2018-04-26T07:22:59.000Z","volume":500,"label":"Y","price":73.45},{"type":"A","date":"2018-04-26T07:23:10.000Z","volume":500,"label":" ","price":73.5},{"type":"A","date":"2018-04-26T07:23:25.000Z","volume":2000,"label":" ","price":73.5},{"type":"A","date":"2018-04-26T07:23:32.000Z","volume":500,"label":" ","price":73.5},{"type":"A","date":"2018-04-26T07:23:32.000Z","volume":500,"label":" ","price":73.5},{"type":"B","date":"2018-04-26T07:23:44.000Z","volume":500,"label":" ","price":73.45},{"type":"A","date":"2018-04-26T07:24:09.000Z","volume":500,"label":" ","price":73.5},{"type":"B","date":"2018-04-26T07:24:10.000Z","volume":500,"label":" ","price":73.45},{"type":"B","date":"2018-04-26T07:24:29.000Z","volume":500,"label":" ","price":73.45},{"type":"B","date":"2018-04-26T07:24:29.000Z","volume":500,"label":" ","price":73.45},{"type":"B","date":"2018-04-26T07:24:30.000Z","volume":500,"label":" ","price":73.45},{"type":"U","date":"2018-04-26T07:24:32.000Z","volume":1500,"label":"X","price":73.5},{"type":"A","date":"2018-04-26T07:25:02.000Z","volume":500,"label":" ","price":73.5},{"type":"A","date":"2018-04-26T07:25:02.000Z","volume":500,"label":" ","price":73.5},{"type":"A","date":"2018-04-26T07:25:27.000Z","volume":500,"label":" ","price":73.5},{"type":"B","date":"2018-04-26T07:25:29.000Z","volume":1000,"label":" ","price":73.45},{"type":"A","date":"2018-04-26T07:25:29.000Z","volume":1000,"label":" ","price":73.5},{"type":"B","date":"2018-04-26T07:25:30.000Z","volume":500,"label":" ","price":73.45},{"type":"A","date":"2018-04-26T07:25:57.000Z","volume":500,"label":" ","price":73.5},{"type":"B","date":"2018-04-26T07:26:14.000Z","volume":500,"label":" ","price":73.45},{"type":"B","date":"2018-04-26T07:26:32.000Z","volume":500,"label":" ","price":73.45},{"type":"A","date":"2018-04-26T07:26:32.000Z","volume":500,"label":" ","price":73.5},{"type":"A","date":"2018-04-26T07:26:32.000Z","volume":500,"label":" ","price":73.5},{"type":"B","date":"2018-04-26T07:26:44.000Z","volume":500,"label":" ","price":73.45},{"type":"B","date":"2018-04-26T07:26:46.000Z","volume":500,"label":" ","price":73.45},{"type":"A","date":"2018-04-26T07:26:54.000Z","volume":500,"label":" ","price":73.5},{"type":"A","date":"2018-04-26T07:26:59.000Z","volume":1000,"label":" ","price":73.5},{"type":"U","date":"2018-04-26T07:26:59.000Z","volume":1500,"label":"X","price":73.5},{"type":"B","date":"2018-04-26T07:27:07.000Z","volume":2000,"label":" ","price":73.45},{"type":"B","date":"2018-04-26T07:27:07.000Z","volume":500,"label":"Y","price":73.45},{"type":"B","date":"2018-04-26T07:27:14.000Z","volume":500,"label":" ","price":73.45},{"type":"B","date":"2018-04-26T07:27:14.000Z","volume":500,"label":" ","price":73.45},{"type":"B","date":"2018-04-26T07:27:14.000Z","volume":500,"label":" ","price":73.45},{"type":"B","date":"2018-04-26T07:27:15.000Z","volume":500,"label":" ","price":73.45},{"type":"A","date":"2018-04-26T07:27:53.000Z","volume":500,"label":" ","price":73.5},{"type":"U","date":"2018-04-26T07:28:17.000Z","volume":1500,"label":"X","price":73.5},{"type":"A","date":"2018-04-26T07:28:34.000Z","volume":500,"label":" ","price":73.5},{"type":"A","date":"2018-04-26T07:28:39.000Z","volume":500,"label":" ","price":73.5},{"type":"A","date":"2018-04-26T07:28:39.000Z","volume":14000,"label":" ","price":73.5},{"type":"U","date":"2018-04-26T07:28:39.000Z","volume":500,"label":"X","price":73.5},{"type":"B","date":"2018-04-26T07:28:39.000Z","volume":2000,"label":"Y","price":73.45},{"type":"B","date":"2018-04-26T07:28:39.000Z","volume":1000,"label":" ","price":73.45},{"type":"U","date":"2018-04-26T07:28:42.000Z","volume":500,"label":" ","price":73.5},{"type":"B","date":"2018-04-26T07:28:44.000Z","volume":500,"label":" ","price":73.5},{"type":"A","date":"2018-04-26T07:28:47.000Z","volume":500,"label":"Y","price":73.55},{"type":"A","date":"2018-04-26T07:28:47.000Z","volume":500,"label":"Y","price":73.55},{"type":"U","date":"2018-04-26T07:30:52.000Z","volume":1500,"label":"X","price":73.5},{"type":"B","date":"2018-04-26T07:30:53.000Z","volume":1000,"label":" ","price":73.45},{"type":"B","date":"2018-04-26T07:30:59.000Z","volume":500,"label":" ","price":73.5},{"type":"A","date":"2018-04-26T07:30:59.000Z","volume":500,"label":" ","price":73.5},{"type":"B","date":"2018-04-26T07:30:59.000Z","volume":500,"label":" ","price":73.5},{"type":"U","date":"2018-04-26T07:31:15.000Z","volume":500,"label":" ","price":73.5},{"type":"U","date":"2018-04-26T07:31:16.000Z","volume":500,"label":"X","price":73.5},{"type":"A","date":"2018-04-26T07:31:32.000Z","volume":500,"label":"Y","price":73.55},{"type":"A","date":"2018-04-26T07:31:32.000Z","volume":500,"label":"Y","price":73.55},{"type":"B","date":"2018-04-26T07:31:35.000Z","volume":500,"label":" ","price":73.5},{"type":"B","date":"2018-04-26T07:31:35.000Z","volume":500,"label":" ","price":73.5},{"type":"B","date":"2018-04-26T07:33:29.000Z","volume":500,"label":" ","price":73.5},{"type":"A","date":"2018-04-26T07:33:47.000Z","volume":500,"label":"Y","price":73.55},{"type":"A","date":"2018-04-26T07:33:47.000Z","volume":500,"label":"Y","price":73.55},{"type":"U","date":"2018-04-26T07:33:49.000Z","volume":500,"label":"X","price":73.525},{"type":"B","date":"2018-04-26T07:33:59.000Z","volume":500,"label":" ","price":73.5},{"type":"B","date":"2018-04-26T07:33:59.000Z","volume":500,"label":" ","price":73.5},{"type":"B","date":"2018-04-26T07:33:59.000Z","volume":500,"label":"Y","price":73.5},{"type":"B","date":"2018-04-26T07:33:59.000Z","volume":500,"label":" ","price":73.5},{"type":"B","date":"2018-04-26T07:34:02.000Z","volume":500,"label":" ","price":73.5},{"type":"B","date":"2018-04-26T07:34:47.000Z","volume":10000,"label":" ","price":73.5},{"type":"A","date":"2018-04-26T07:34:47.000Z","volume":1000,"label":" ","price":73.5},{"type":"B","date":"2018-04-26T07:35:13.000Z","volume":500,"label":" ","price":73.45},{"type":"A","date":"2018-04-26T07:35:30.000Z","volume":500,"label":" ","price":73.55},{"type":"B","date":"2018-04-26T07:35:59.000Z","volume":500,"label":" ","price":73.45},{"type":"B","date":"2018-04-26T07:35:59.000Z","volume":500,"label":" ","price":73.45},{"type":"A","date":"2018-04-26T07:35:59.000Z","volume":3000,"label":" ","price":73.5},{"type":"A","date":"2018-04-26T07:37:16.000Z","volume":500,"label":" ","price":73.5},{"type":"A","date":"2018-04-26T07:38:00.000Z","volume":500,"label":" ","price":73.5},{"type":"B","date":"2018-04-26T07:38:59.000Z","volume":1000,"label":" ","price":73.45},{"type":"B","date":"2018-04-26T07:38:59.000Z","volume":500,"label":" ","price":73.45},{"type":"A","date":"2018-04-26T07:40:14.000Z","volume":500,"label":"Y","price":73.5},{"type":"A","date":"2018-04-26T07:40:14.000Z","volume":3500,"label":" ","price":73.5},{"type":"A","date":"2018-04-26T07:40:17.000Z","volume":500,"label":" ","price":73.5},{"type":"A","date":"2018-04-26T07:40:17.000Z","volume":500,"label":" ","price":73.5},{"type":"A","date":"2018-04-26T07:40:17.000Z","volume":500,"label":"Y","price":73.5},{"type":"A","date":"2018-04-26T07:40:17.000Z","volume":500,"label":"Y","price":73.5},{"type":"A","date":"2018-04-26T07:40:17.000Z","volume":500,"label":"Y","price":73.5},{"type":"U","date":"2018-04-26T07:40:17.000Z","volume":1000,"label":"X","price":73.5},{"type":"B","date":"2018-04-26T07:40:19.000Z","volume":500,"label":"Y","price":73.5},{"type":"B","date":"2018-04-26T07:40:19.000Z","volume":500,"label":" ","price":73.5},{"type":"B","date":"2018-04-26T07:40:20.000Z","volume":500,"label":"Y","price":73.5},{"type":"U","date":"2018-04-26T07:41:08.000Z","volume":200000,"label":"X","price":73.525},{"type":"U","date":"2018-04-26T07:41:10.000Z","volume":500,"label":"X","price":73.525},{"type":"U","date":"2018-04-26T07:41:11.000Z","volume":500,"label":"X","price":73.525},{"type":"U","date":"2018-04-26T07:41:14.000Z","volume":500,"label":"X","price":73.525},{"type":"U","date":"2018-04-26T07:42:20.000Z","volume":200000,"label":"X","price":73.525},{"type":"B","date":"2018-04-26T07:43:59.000Z","volume":1000,"label":" ","price":73.5},{"type":"B","date":"2018-04-26T07:45:14.000Z","volume":1000,"label":" ","price":73.5},{"type":"B","date":"2018-04-26T07:45:15.000Z","volume":500,"label":" ","price":73.5},{"type":"B","date":"2018-04-26T07:46:14.000Z","volume":1000,"label":" ","price":73.5},{"type":"B","date":"2018-04-26T07:46:16.000Z","volume":500,"label":"Y","price":73.5},{"type":"B","date":"2018-04-26T07:46:37.000Z","volume":500,"label":" ","price":73.5},{"type":"A","date":"2018-04-26T07:47:02.000Z","volume":500,"label":"Y","price":73.55},{"type":"A","date":"2018-04-26T07:47:02.000Z","volume":500,"label":"Y","price":73.55},{"type":"B","date":"2018-04-26T07:47:29.000Z","volume":1000,"label":" ","price":73.5},{"type":"B","date":"2018-04-26T07:47:30.000Z","volume":500,"label":"Y","price":73.5},{"type":"B","date":"2018-04-26T07:47:32.000Z","volume":500,"label":"Y","price":73.5},{"type":"B","date":"2018-04-26T07:48:14.000Z","volume":1000,"label":" ","price":73.5},{"type":"B","date":"2018-04-26T07:48:14.000Z","volume":1000,"label":" ","price":73.5},{"type":"B","date":"2018-04-26T07:48:16.000Z","volume":500,"label":" ","price":73.5},{"type":"B","date":"2018-04-26T07:48:25.000Z","volume":500,"label":" ","price":73.5},{"type":"B","date":"2018-04-26T07:48:26.000Z","volume":500,"label":" ","price":73.5},{"type":"A","date":"2018-04-26T07:49:17.000Z","volume":1000,"label":"Y","price":73.55},{"type":"B","date":"2018-04-26T07:49:29.000Z","volume":1000,"label":" ","price":73.5},{"type":"B","date":"2018-04-26T07:49:54.000Z","volume":500,"label":" ","price":73.5},{"type":"B","date":"2018-04-26T07:49:57.000Z","volume":500,"label":" ","price":73.5},{"type":"B","date":"2018-04-26T07:50:29.000Z","volume":1000,"label":" ","price":73.5},{"type":"A","date":"2018-04-26T07:50:30.000Z","volume":500,"label":" ","price":73.55},{"type":"B","date":"2018-04-26T07:50:37.000Z","volume":500,"label":" ","price":73.5},{"type":"B","date":"2018-04-26T07:50:39.000Z","volume":500,"label":" ","price":73.5},{"type":"B","date":"2018-04-26T07:50:59.000Z","volume":1500,"label":" ","price":73.5},{"type":"B","date":"2018-04-26T07:51:02.000Z","volume":500,"label":" ","price":73.5},{"type":"B","date":"2018-04-26T07:51:03.000Z","volume":500,"label":" ","price":73.5},{"type":"A","date":"2018-04-26T07:51:11.000Z","volume":500,"label":" ","price":73.55},{"type":"A","date":"2018-04-26T07:51:17.000Z","volume":1000,"label":"Y","price":73.55},{"type":"B","date":"2018-04-26T07:51:17.000Z","volume":15500,"label":" ","price":73.5},{"type":"B","date":"2018-04-26T07:51:17.000Z","volume":500,"label":" ","price":73.5},{"type":"A","date":"2018-04-26T07:51:17.000Z","volume":500,"label":" ","price":73.55},{"type":"B","date":"2018-04-26T07:51:59.000Z","volume":1000,"label":" ","price":73.45},{"type":"B","date":"2018-04-26T07:52:59.000Z","volume":1000,"label":" ","price":73.45},{"type":"B","date":"2018-04-26T07:52:59.000Z","volume":1000,"label":" ","price":73.45},{"type":"B","date":"2018-04-26T07:53:59.000Z","volume":1000,"label":" ","price":73.45},{"type":"A","date":"2018-04-26T07:54:02.000Z","volume":500,"label":" ","price":73.5},{"type":"A","date":"2018-04-26T07:54:02.000Z","volume":500,"label":" ","price":73.5},{"type":"A","date":"2018-04-26T07:54:02.000Z","volume":1000,"label":" ","price":73.5},{"type":"B","date":"2018-04-26T07:54:29.000Z","volume":1000,"label":" ","price":73.45},{"type":"B","date":"2018-04-26T07:54:29.000Z","volume":500,"label":" ","price":73.45},{"type":"A","date":"2018-04-26T07:55:24.000Z","volume":500,"label":"Y","price":73.5},{"type":"B","date":"2018-04-26T07:55:44.000Z","volume":500,"label":" ","price":73.45},{"type":"B","date":"2018-04-26T07:55:59.000Z","volume":1500,"label":" ","price":73.45},{"type":"B","date":"2018-04-26T07:55:59.000Z","volume":500,"label":" ","price":73.45},{"type":"B","date":"2018-04-26T07:56:00.000Z","volume":1000,"label":"Y","price":73.45},{"type":"A","date":"2018-04-26T07:56:03.000Z","volume":500,"label":"Y","price":73.5},{"type":"A","date":"2018-04-26T07:56:32.000Z","volume":1500,"label":" ","price":73.5},{"type":"A","date":"2018-04-26T07:56:33.000Z","volume":500,"label":"Y","price":73.5},{"type":"B","date":"2018-04-26T07:56:44.000Z","volume":500,"label":" ","price":73.45},{"type":"B","date":"2018-04-26T07:56:44.000Z","volume":500,"label":" ","price":73.45},{"type":"U","date":"2018-04-26T07:56:58.000Z","volume":2500,"label":"X","price":73.5},{"type":"A","date":"2018-04-26T07:57:02.000Z","volume":500,"label":"Y","price":73.5},{"type":"A","date":"2018-04-26T07:57:06.000Z","volume":500,"label":" ","price":73.5},{"type":"B","date":"2018-04-26T07:57:14.000Z","volume":500,"label":" ","price":73.45},{"type":"B","date":"2018-04-26T07:57:14.000Z","volume":500,"label":" ","price":73.45},{"type":"B","date":"2018-04-26T07:57:14.000Z","volume":500,"label":"Y","price":73.45},{"type":"A","date":"2018-04-26T07:57:32.000Z","volume":500,"label":"Y","price":73.5},{"type":"A","date":"2018-04-26T07:57:35.000Z","volume":3500,"label":"Y","price":73.5},{"type":"A","date":"2018-04-26T07:57:35.000Z","volume":1500,"label":" ","price":73.5},{"type":"U","date":"2018-04-26T07:57:44.000Z","volume":1500,"label":"X","price":73.5},{"type":"A","date":"2018-04-26T07:58:02.000Z","volume":500,"label":" ","price":73.5},{"type":"A","date":"2018-04-26T07:58:07.000Z","volume":500,"label":"Y","price":73.5},{"type":"B","date":"2018-04-26T07:58:14.000Z","volume":500,"label":" ","price":73.45},{"type":"B","date":"2018-04-26T07:58:14.000Z","volume":500,"label":" ","price":73.45},{"type":"B","date":"2018-04-26T07:58:14.000Z","volume":500,"label":" ","price":73.45},{"type":"B","date":"2018-04-26T07:58:14.000Z","volume":500,"label":"Y","price":73.45},{"type":"A","date":"2018-04-26T07:58:17.000Z","volume":500,"label":" ","price":73.5},{"type":"A","date":"2018-04-26T07:58:40.000Z","volume":500,"label":"Y","price":73.5},{"type":"B","date":"2018-04-26T07:58:44.000Z","volume":500,"label":" ","price":73.45},{"type":"B","date":"2018-04-26T07:58:44.000Z","volume":1000,"label":" ","price":73.45},{"type":"A","date":"2018-04-26T07:58:46.000Z","volume":500,"label":"Y","price":73.5},{"type":"A","date":"2018-04-26T07:58:47.000Z","volume":500,"label":" ","price":73.5},{"type":"B","date":"2018-04-26T07:58:48.000Z","volume":500,"label":"Y","price":73.45},{"type":"A","date":"2018-04-26T07:59:00.000Z","volume":500,"label":"Y","price":73.5},{"type":"A","date":"2018-04-26T07:59:01.000Z","volume":500,"label":" ","price":73.5},{"type":"B","date":"2018-04-26T07:59:02.000Z","volume":500,"label":" ","price":73.45},{"type":"B","date":"2018-04-26T07:59:04.000Z","volume":500,"label":" ","price":73.45},{"type":"A","date":"2018-04-26T07:59:09.000Z","volume":500,"label":"Y","price":73.5},{"type":"A","date":"2018-04-26T07:59:16.000Z","volume":500,"label":"Y","price":73.5},{"type":"A","date":"2018-04-26T07:59:17.000Z","volume":500,"label":" ","price":73.5},{"type":"A","date":"2018-04-26T07:59:24.000Z","volume":500,"label":" ","price":73.5},{"type":"A","date":"2018-04-26T07:59:27.000Z","volume":500,"label":" ","price":73.5},{"type":"A","date":"2018-04-26T07:59:53.000Z","volume":6000,"label":"Y","price":73.5},{"type":"A","date":"2018-04-26T07:59:53.000Z","volume":11500,"label":" ","price":73.5},{"type":"B","date":"2018-04-26T07:59:58.000Z","volume":5000,"label":" ","price":73.5},{"type":"B","date":"2018-04-26T07:59:58.000Z","volume":2000,"label":"Y","price":73.5},{"type":"U","date":"2018-04-26T08:08:16.000Z","volume":23000,"label":"U","price":73.55}]