[{"type":"B","date":"2018-03-21T05:41:34.000Z","volume":80,"label":" ","price":47.4},{"type":"B","date":"2018-03-21T05:45:08.000Z","volume":1600,"label":" ","price":47.4},{"type":"B","date":"2018-03-21T05:54:51.000Z","volume":2000,"label":" ","price":47.8},{"type":"B","date":"2018-03-21T05:56:02.000Z","volume":800,"label":" ","price":47.85},{"type":"B","date":"2018-03-21T05:58:00.000Z","volume":800,"label":" ","price":47.95},{"type":"B","date":"2018-03-21T05:59:05.000Z","volume":3120,"label":" ","price":48.05},{"type":"B","date":"2018-03-21T06:00:14.000Z","volume":4000,"label":" ","price":48.1},{"type":"B","date":"2018-03-21T06:01:12.000Z","volume":4800,"label":" ","price":48.15},{"type":"B","date":"2018-03-21T06:01:51.000Z","volume":2000,"label":" ","price":48.2},{"type":"B","date":"2018-03-21T06:01:51.000Z","volume":2800,"label":" ","price":48.15},{"type":"B","date":"2018-03-21T06:02:36.000Z","volume":4800,"label":" ","price":48.2},{"type":"B","date":"2018-03-21T06:03:19.000Z","volume":5200,"label":" ","price":48.2},{"type":"B","date":"2018-03-21T06:03:26.000Z","volume":3120,"label":" ","price":48.2},{"type":"B","date":"2018-03-21T06:33:41.000Z","volume":80,"label":" ","price":47.95},{"type":"B","date":"2018-03-21T06:35:41.000Z","volume":3200,"label":" ","price":47.8},{"type":"B","date":"2018-03-21T06:37:58.000Z","volume":80,"label":" ","price":47.4},{"type":"B","date":"2018-03-21T06:39:23.000Z","volume":80,"label":" ","price":48.55},{"type":"A","date":"2018-03-21T06:40:16.000Z","volume":80,"label":" ","price":48.75},{"type":"B","date":"2018-03-21T07:55:06.000Z","volume":80,"label":" ","price":46.5},{"type":"B","date":"2018-03-21T07:59:18.000Z","volume":320,"label":" ","price":47.4},{"type":"B","date":"2018-03-21T07:59:25.000Z","volume":80,"label":" ","price":47.45},{"type":"B","date":"2018-03-21T07:59:25.000Z","volume":800,"label":" ","price":47.4},{"type":"B","date":"2018-03-21T07:59:39.000Z","volume":80,"label":" ","price":46.5},{"type":"B","date":"2018-03-21T07:59:56.000Z","volume":640,"label":" ","price":46.5}]