[{"type":"A","date":"2018-04-12T01:30:09.000Z","volume":10000,"label":" ","price":2.47},{"type":"A","date":"2018-04-12T01:31:10.000Z","volume":100,"label":" ","price":2.47},{"type":"A","date":"2018-04-12T01:31:58.000Z","volume":100,"label":" ","price":2.47},{"type":"A","date":"2018-04-12T01:32:37.000Z","volume":500,"label":" ","price":2.47},{"type":"A","date":"2018-04-12T01:32:46.000Z","volume":100,"label":" ","price":2.47},{"type":"A","date":"2018-04-12T01:33:11.000Z","volume":100,"label":" ","price":2.47},{"type":"A","date":"2018-04-12T01:34:04.000Z","volume":100,"label":" ","price":2.47},{"type":"A","date":"2018-04-12T01:35:06.000Z","volume":100,"label":" ","price":2.47},{"type":"A","date":"2018-04-12T01:35:51.000Z","volume":100,"label":" ","price":2.47},{"type":"A","date":"2018-04-12T01:35:59.000Z","volume":100,"label":" ","price":2.47},{"type":"A","date":"2018-04-12T01:37:13.000Z","volume":100,"label":" ","price":2.47},{"type":"U","date":"2018-04-12T01:37:52.000Z","volume":32,"label":"D","price":2.43},{"type":"B","date":"2018-04-12T01:38:00.000Z","volume":200,"label":" ","price":2.46},{"type":"B","date":"2018-04-12T01:38:00.000Z","volume":100,"label":" ","price":2.46},{"type":"B","date":"2018-04-12T01:38:00.000Z","volume":100,"label":" ","price":2.46},{"type":"A","date":"2018-04-12T01:38:18.000Z","volume":100,"label":" ","price":2.47},{"type":"B","date":"2018-04-12T01:38:41.000Z","volume":100,"label":" ","price":2.46},{"type":"A","date":"2018-04-12T01:39:18.000Z","volume":100,"label":" ","price":2.47},{"type":"A","date":"2018-04-12T01:39:37.000Z","volume":10000,"label":" ","price":2.47},{"type":"B","date":"2018-04-12T01:40:57.000Z","volume":100,"label":" ","price":2.46},{"type":"B","date":"2018-04-12T01:41:09.000Z","volume":100,"label":" ","price":2.46},{"type":"A","date":"2018-04-12T01:41:48.000Z","volume":100,"label":" ","price":2.47},{"type":"A","date":"2018-04-12T01:42:41.000Z","volume":100,"label":" ","price":2.47},{"type":"A","date":"2018-04-12T01:43:57.000Z","volume":100,"label":" ","price":2.47},{"type":"A","date":"2018-04-12T01:45:52.000Z","volume":58000,"label":" ","price":2.47},{"type":"A","date":"2018-04-12T01:45:52.000Z","volume":800,"label":" ","price":2.47},{"type":"A","date":"2018-04-12T01:46:02.000Z","volume":1300,"label":" ","price":2.48},{"type":"B","date":"2018-04-12T01:46:21.000Z","volume":200,"label":" ","price":2.47},{"type":"A","date":"2018-04-12T01:47:07.000Z","volume":200,"label":" ","price":2.48},{"type":"A","date":"2018-04-12T01:48:20.000Z","volume":1100,"label":" ","price":2.48},{"type":"A","date":"2018-04-12T01:48:31.000Z","volume":1000,"label":" ","price":2.48},{"type":"A","date":"2018-04-12T01:49:01.000Z","volume":400,"label":" ","price":2.48},{"type":"A","date":"2018-04-12T01:49:31.000Z","volume":1000,"label":" ","price":2.48},{"type":"B","date":"2018-04-12T01:50:19.000Z","volume":100,"label":" ","price":2.47},{"type":"A","date":"2018-04-12T01:50:39.000Z","volume":900,"label":" ","price":2.48},{"type":"A","date":"2018-04-12T01:51:06.000Z","volume":600,"label":" ","price":2.48},{"type":"A","date":"2018-04-12T01:51:40.000Z","volume":900,"label":" ","price":2.48},{"type":"A","date":"2018-04-12T01:52:37.000Z","volume":800,"label":" ","price":2.48},{"type":"A","date":"2018-04-12T01:53:36.000Z","volume":800,"label":" ","price":2.48},{"type":"A","date":"2018-04-12T01:54:37.000Z","volume":800,"label":" ","price":2.48},{"type":"A","date":"2018-04-12T01:55:29.000Z","volume":800,"label":" ","price":2.48},{"type":"B","date":"2018-04-12T01:55:30.000Z","volume":100,"label":" ","price":2.47},{"type":"A","date":"2018-04-12T01:55:31.000Z","volume":300,"label":" ","price":2.48},{"type":"A","date":"2018-04-12T01:55:39.000Z","volume":10000,"label":" ","price":2.48},{"type":"A","date":"2018-04-12T01:55:39.000Z","volume":1100,"label":" ","price":2.48},{"type":"A","date":"2018-04-12T01:56:08.000Z","volume":1100,"label":" ","price":2.48},{"type":"A","date":"2018-04-12T01:56:08.000Z","volume":800,"label":" ","price":2.48},{"type":"A","date":"2018-04-12T01:56:26.000Z","volume":124400,"label":" ","price":2.48},{"type":"A","date":"2018-04-12T01:56:26.000Z","volume":1100,"label":" ","price":2.49},{"type":"A","date":"2018-04-12T01:56:35.000Z","volume":4200,"label":" ","price":2.49},{"type":"A","date":"2018-04-12T01:56:36.000Z","volume":3700,"label":" ","price":2.49},{"type":"B","date":"2018-04-12T01:57:18.000Z","volume":300,"label":" ","price":2.48},{"type":"A","date":"2018-04-12T01:57:20.000Z","volume":1900,"label":" ","price":2.49},{"type":"A","date":"2018-04-12T01:58:29.000Z","volume":800,"label":" ","price":2.49},{"type":"A","date":"2018-04-12T01:59:12.000Z","volume":700,"label":" ","price":2.49},{"type":"A","date":"2018-04-12T01:59:54.000Z","volume":700,"label":" ","price":2.49},{"type":"A","date":"2018-04-12T02:00:01.000Z","volume":300,"label":" ","price":2.49},{"type":"U","date":"2018-04-12T02:00:17.000Z","volume":58,"label":"D","price":2.45},{"type":"B","date":"2018-04-12T02:00:23.000Z","volume":100,"label":" ","price":2.48},{"type":"A","date":"2018-04-12T02:00:38.000Z","volume":700,"label":" ","price":2.49},{"type":"B","date":"2018-04-12T02:01:09.000Z","volume":400,"label":" ","price":2.48},{"type":"B","date":"2018-04-12T02:01:15.000Z","volume":100,"label":" ","price":2.48},{"type":"A","date":"2018-04-12T02:01:15.000Z","volume":1100,"label":" ","price":2.49},{"type":"A","date":"2018-04-12T02:01:49.000Z","volume":700,"label":" ","price":2.49},{"type":"A","date":"2018-04-12T02:02:15.000Z","volume":100,"label":" ","price":2.49},{"type":"A","date":"2018-04-12T02:03:01.000Z","volume":700,"label":" ","price":2.49},{"type":"A","date":"2018-04-12T02:03:35.000Z","volume":1000,"label":" ","price":2.49},{"type":"A","date":"2018-04-12T02:03:38.000Z","volume":100000,"label":" ","price":2.49},{"type":"A","date":"2018-04-12T02:03:38.000Z","volume":400,"label":"Y","price":2.49},{"type":"A","date":"2018-04-12T02:03:38.000Z","volume":1400,"label":" ","price":2.49},{"type":"A","date":"2018-04-12T02:03:38.000Z","volume":2000,"label":" ","price":2.5},{"type":"A","date":"2018-04-12T02:03:46.000Z","volume":4400,"label":" ","price":2.5},{"type":"A","date":"2018-04-12T02:03:48.000Z","volume":1800,"label":" ","price":2.5},{"type":"A","date":"2018-04-12T02:04:31.000Z","volume":300,"label":" ","price":2.5},{"type":"B","date":"2018-04-12T02:04:51.000Z","volume":100,"label":" ","price":2.49},{"type":"A","date":"2018-04-12T02:05:06.000Z","volume":700,"label":" ","price":2.5},{"type":"A","date":"2018-04-12T02:05:21.000Z","volume":10000,"label":" ","price":2.5},{"type":"A","date":"2018-04-12T02:05:22.000Z","volume":1200,"label":" ","price":2.5},{"type":"A","date":"2018-04-12T02:05:55.000Z","volume":100,"label":" ","price":2.5},{"type":"A","date":"2018-04-12T02:06:14.000Z","volume":600,"label":" ","price":2.5},{"type":"A","date":"2018-04-12T02:06:21.000Z","volume":1100,"label":" ","price":2.5},{"type":"B","date":"2018-04-12T02:06:26.000Z","volume":500,"label":" ","price":2.49},{"type":"B","date":"2018-04-12T02:06:26.000Z","volume":7700,"label":"Y","price":2.49},{"type":"B","date":"2018-04-12T02:06:26.000Z","volume":30500,"label":" ","price":2.49},{"type":"B","date":"2018-04-12T02:06:26.000Z","volume":600,"label":" ","price":2.49},{"type":"U","date":"2018-04-12T02:06:32.000Z","volume":35200,"label":" ","price":2.49},{"type":"U","date":"2018-04-12T02:06:46.000Z","volume":5600,"label":" ","price":2.49},{"type":"B","date":"2018-04-12T02:07:42.000Z","volume":100,"label":" ","price":2.48},{"type":"B","date":"2018-04-12T02:08:04.000Z","volume":10000,"label":" ","price":2.48},{"type":"A","date":"2018-04-12T02:08:09.000Z","volume":2400,"label":" ","price":2.49},{"type":"A","date":"2018-04-12T02:10:41.000Z","volume":10000,"label":" ","price":2.49},{"type":"A","date":"2018-04-12T02:10:41.000Z","volume":600,"label":" ","price":2.49},{"type":"A","date":"2018-04-12T02:12:40.000Z","volume":40000,"label":" ","price":2.49},{"type":"A","date":"2018-04-12T02:12:40.000Z","volume":1800,"label":" ","price":2.49},{"type":"A","date":"2018-04-12T02:12:48.000Z","volume":1200,"label":" ","price":2.49},{"type":"A","date":"2018-04-12T02:13:36.000Z","volume":100,"label":" ","price":2.49},{"type":"A","date":"2018-04-12T02:14:38.000Z","volume":191800,"label":" ","price":2.49},{"type":"A","date":"2018-04-12T02:14:38.000Z","volume":55300,"label":" ","price":2.5},{"type":"B","date":"2018-04-12T02:14:38.000Z","volume":34000,"label":" ","price":2.5},{"type":"A","date":"2018-04-12T02:14:38.000Z","volume":700,"label":" ","price":2.51},{"type":"A","date":"2018-04-12T02:14:38.000Z","volume":29200,"label":" ","price":2.51},{"type":"A","date":"2018-04-12T02:14:42.000Z","volume":29500,"label":" ","price":2.51},{"type":"A","date":"2018-04-12T02:14:47.000Z","volume":10500,"label":" ","price":2.51},{"type":"A","date":"2018-04-12T02:14:50.000Z","volume":90000,"label":" ","price":2.51},{"type":"A","date":"2018-04-12T02:14:50.000Z","volume":5500,"label":" ","price":2.51},{"type":"A","date":"2018-04-12T02:14:50.000Z","volume":14400,"label":" ","price":2.52},{"type":"B","date":"2018-04-12T02:14:57.000Z","volume":100,"label":" ","price":2.51},{"type":"B","date":"2018-04-12T02:15:09.000Z","volume":10000,"label":" ","price":2.51},{"type":"B","date":"2018-04-12T02:15:09.000Z","volume":9300,"label":" ","price":2.51},{"type":"B","date":"2018-04-12T02:15:09.000Z","volume":28900,"label":" ","price":2.51},{"type":"A","date":"2018-04-12T02:15:14.000Z","volume":22300,"label":" ","price":2.51},{"type":"A","date":"2018-04-12T02:15:34.000Z","volume":72700,"label":" ","price":2.51},{"type":"A","date":"2018-04-12T02:15:35.000Z","volume":7300,"label":" ","price":2.52},{"type":"B","date":"2018-04-12T02:15:43.000Z","volume":14500,"label":" ","price":2.52},{"type":"B","date":"2018-04-12T02:16:07.000Z","volume":37400,"label":" ","price":2.51},{"type":"A","date":"2018-04-12T02:16:07.000Z","volume":7500,"label":" ","price":2.51},{"type":"A","date":"2018-04-12T02:16:07.000Z","volume":500,"label":" ","price":2.51},{"type":"A","date":"2018-04-12T02:16:26.000Z","volume":90000,"label":" ","price":2.51},{"type":"A","date":"2018-04-12T02:16:26.000Z","volume":7800,"label":" ","price":2.51},{"type":"A","date":"2018-04-12T02:16:26.000Z","volume":6400,"label":" ","price":2.51},{"type":"B","date":"2018-04-12T02:16:32.000Z","volume":200000,"label":" ","price":2.5},{"type":"B","date":"2018-04-12T02:16:32.000Z","volume":37200,"label":" ","price":2.5},{"type":"U","date":"2018-04-12T02:17:20.000Z","volume":500,"label":" ","price":2.5},{"type":"A","date":"2018-04-12T02:17:33.000Z","volume":10000,"label":" ","price":2.5},{"type":"A","date":"2018-04-12T02:19:24.000Z","volume":5000,"label":" ","price":2.5},{"type":"A","date":"2018-04-12T02:26:19.000Z","volume":100,"label":" ","price":2.5},{"type":"A","date":"2018-04-12T02:27:54.000Z","volume":10000,"label":" ","price":2.5},{"type":"A","date":"2018-04-12T02:28:27.000Z","volume":40000,"label":" ","price":2.5},{"type":"A","date":"2018-04-12T02:28:38.000Z","volume":30000,"label":" ","price":2.5},{"type":"A","date":"2018-04-12T02:28:38.000Z","volume":15700,"label":" ","price":2.5},{"type":"A","date":"2018-04-12T02:28:41.000Z","volume":14300,"label":" ","price":2.5},{"type":"A","date":"2018-04-12T02:28:41.000Z","volume":7400,"label":" ","price":2.5},{"type":"A","date":"2018-04-12T02:28:41.000Z","volume":1800,"label":" ","price":2.5},{"type":"A","date":"2018-04-12T02:28:47.000Z","volume":80000,"label":" ","price":2.5},{"type":"A","date":"2018-04-12T02:28:47.000Z","volume":500,"label":" ","price":2.5},{"type":"A","date":"2018-04-12T02:29:10.000Z","volume":100,"label":" ","price":2.51},{"type":"A","date":"2018-04-12T02:29:32.000Z","volume":900,"label":" ","price":2.51},{"type":"A","date":"2018-04-12T02:30:56.000Z","volume":1100,"label":" ","price":2.51},{"type":"B","date":"2018-04-12T02:31:10.000Z","volume":20000,"label":" ","price":2.5},{"type":"B","date":"2018-04-12T02:32:49.000Z","volume":75000,"label":" ","price":2.5},{"type":"B","date":"2018-04-12T02:32:49.000Z","volume":3900,"label":" ","price":2.5},{"type":"B","date":"2018-04-12T02:36:58.000Z","volume":100,"label":" ","price":2.5},{"type":"B","date":"2018-04-12T02:37:46.000Z","volume":1800,"label":" ","price":2.5},{"type":"B","date":"2018-04-12T02:37:54.000Z","volume":200,"label":" ","price":2.5},{"type":"A","date":"2018-04-12T02:38:05.000Z","volume":100,"label":" ","price":2.51},{"type":"A","date":"2018-04-12T02:38:35.000Z","volume":200,"label":" ","price":2.51},{"type":"B","date":"2018-04-12T02:41:34.000Z","volume":5000,"label":" ","price":2.5},{"type":"A","date":"2018-04-12T02:41:45.000Z","volume":100,"label":" ","price":2.51},{"type":"B","date":"2018-04-12T02:42:32.000Z","volume":20000,"label":"Y","price":2.5},{"type":"B","date":"2018-04-12T02:42:32.000Z","volume":20600,"label":" ","price":2.5},{"type":"A","date":"2018-04-12T02:42:32.000Z","volume":500,"label":" ","price":2.5},{"type":"A","date":"2018-04-12T02:42:32.000Z","volume":12900,"label":" ","price":2.5},{"type":"U","date":"2018-04-12T02:43:18.000Z","volume":37,"label":"D","price":2.45},{"type":"B","date":"2018-04-12T02:43:44.000Z","volume":200,"label":" ","price":2.49},{"type":"B","date":"2018-04-12T02:43:44.000Z","volume":100,"label":" ","price":2.49},{"type":"B","date":"2018-04-12T02:43:44.000Z","volume":300,"label":" ","price":2.49},{"type":"B","date":"2018-04-12T02:45:28.000Z","volume":100000,"label":" ","price":2.49},{"type":"B","date":"2018-04-12T02:45:28.000Z","volume":21700,"label":" ","price":2.49},{"type":"A","date":"2018-04-12T02:45:28.000Z","volume":400,"label":" ","price":2.49},{"type":"B","date":"2018-04-12T02:47:46.000Z","volume":2200,"label":" ","price":2.49},{"type":"B","date":"2018-04-12T02:48:16.000Z","volume":10000,"label":" ","price":2.49},{"type":"B","date":"2018-04-12T02:48:41.000Z","volume":600,"label":" ","price":2.49},{"type":"B","date":"2018-04-12T02:51:41.000Z","volume":5000,"label":" ","price":2.49},{"type":"A","date":"2018-04-12T02:56:58.000Z","volume":100,"label":" ","price":2.5},{"type":"B","date":"2018-04-12T02:59:26.000Z","volume":100,"label":" ","price":2.49},{"type":"B","date":"2018-04-12T03:00:22.000Z","volume":10000,"label":" ","price":2.49},{"type":"A","date":"2018-04-12T03:05:32.000Z","volume":100,"label":" ","price":2.5},{"type":"A","date":"2018-04-12T03:07:21.000Z","volume":100,"label":" ","price":2.5},{"type":"A","date":"2018-04-12T03:07:26.000Z","volume":800,"label":" ","price":2.5},{"type":"A","date":"2018-04-12T03:07:37.000Z","volume":1000,"label":" ","price":2.5},{"type":"A","date":"2018-04-12T03:09:40.000Z","volume":1100,"label":" ","price":2.5},{"type":"A","date":"2018-04-12T03:10:11.000Z","volume":600,"label":" ","price":2.5},{"type":"B","date":"2018-04-12T03:10:21.000Z","volume":400,"label":" ","price":2.49},{"type":"A","date":"2018-04-12T03:10:48.000Z","volume":1000,"label":" ","price":2.5},{"type":"A","date":"2018-04-12T03:11:08.000Z","volume":600,"label":" ","price":2.5},{"type":"A","date":"2018-04-12T03:11:22.000Z","volume":700,"label":" ","price":2.5},{"type":"A","date":"2018-04-12T03:11:22.000Z","volume":100,"label":" ","price":2.5},{"type":"A","date":"2018-04-12T03:11:25.000Z","volume":1800,"label":" ","price":2.5},{"type":"A","date":"2018-04-12T03:11:30.000Z","volume":100,"label":" ","price":2.5},{"type":"A","date":"2018-04-12T03:11:48.000Z","volume":1100,"label":" ","price":2.5},{"type":"A","date":"2018-04-12T03:12:44.000Z","volume":1100,"label":" ","price":2.5},{"type":"A","date":"2018-04-12T03:12:57.000Z","volume":1700,"label":" ","price":2.5},{"type":"B","date":"2018-04-12T03:13:30.000Z","volume":300,"label":" ","price":2.49},{"type":"A","date":"2018-04-12T03:14:04.000Z","volume":300,"label":" ","price":2.5},{"type":"A","date":"2018-04-12T03:14:24.000Z","volume":1100,"label":" ","price":2.5},{"type":"A","date":"2018-04-12T03:14:53.000Z","volume":100,"label":" ","price":2.5},{"type":"A","date":"2018-04-12T03:15:01.000Z","volume":1100,"label":" ","price":2.5},{"type":"A","date":"2018-04-12T03:15:02.000Z","volume":1700,"label":" ","price":2.5},{"type":"A","date":"2018-04-12T03:15:10.000Z","volume":100,"label":" ","price":2.5},{"type":"A","date":"2018-04-12T03:16:06.000Z","volume":1100,"label":" ","price":2.5},{"type":"A","date":"2018-04-12T03:16:53.000Z","volume":1700,"label":" ","price":2.5},{"type":"A","date":"2018-04-12T03:17:16.000Z","volume":1100,"label":" ","price":2.5},{"type":"A","date":"2018-04-12T03:18:08.000Z","volume":218500,"label":" ","price":2.5},{"type":"A","date":"2018-04-12T03:18:09.000Z","volume":26300,"label":" ","price":2.51},{"type":"A","date":"2018-04-12T03:18:14.000Z","volume":7700,"label":" ","price":2.51},{"type":"A","date":"2018-04-12T03:18:14.000Z","volume":100,"label":" ","price":2.51},{"type":"A","date":"2018-04-12T03:18:38.000Z","volume":1100,"label":" ","price":2.51},{"type":"A","date":"2018-04-12T03:19:04.000Z","volume":70000,"label":" ","price":2.51},{"type":"A","date":"2018-04-12T03:19:04.000Z","volume":2500,"label":" ","price":2.51},{"type":"A","date":"2018-04-12T03:19:04.000Z","volume":7400,"label":" ","price":2.51},{"type":"A","date":"2018-04-12T03:19:04.000Z","volume":300,"label":" ","price":2.51},{"type":"A","date":"2018-04-12T03:19:04.000Z","volume":6600,"label":" ","price":2.51},{"type":"B","date":"2018-04-12T03:19:37.000Z","volume":100000,"label":" ","price":2.5},{"type":"B","date":"2018-04-12T03:19:37.000Z","volume":29100,"label":" ","price":2.5},{"type":"B","date":"2018-04-12T03:19:37.000Z","volume":12600,"label":" ","price":2.5},{"type":"B","date":"2018-04-12T03:21:14.000Z","volume":100000,"label":" ","price":2.5},{"type":"B","date":"2018-04-12T03:21:14.000Z","volume":4400,"label":" ","price":2.5},{"type":"A","date":"2018-04-12T03:26:33.000Z","volume":100,"label":" ","price":2.51},{"type":"B","date":"2018-04-12T03:26:58.000Z","volume":100,"label":" ","price":2.5},{"type":"A","date":"2018-04-12T03:28:55.000Z","volume":50000,"label":" ","price":2.51},{"type":"A","date":"2018-04-12T03:28:55.000Z","volume":100,"label":"Y","price":2.51},{"type":"A","date":"2018-04-12T03:28:55.000Z","volume":13000,"label":" ","price":2.51},{"type":"B","date":"2018-04-12T03:29:35.000Z","volume":200,"label":" ","price":2.51},{"type":"B","date":"2018-04-12T03:29:47.000Z","volume":8100,"label":"Y","price":2.51},{"type":"B","date":"2018-04-12T03:29:47.000Z","volume":68300,"label":" ","price":2.51},{"type":"A","date":"2018-04-12T03:29:47.000Z","volume":3600,"label":" ","price":2.51},{"type":"A","date":"2018-04-12T03:29:49.000Z","volume":11500,"label":" ","price":2.51},{"type":"B","date":"2018-04-12T03:30:50.000Z","volume":5000,"label":" ","price":2.5},{"type":"B","date":"2018-04-12T03:33:05.000Z","volume":1000,"label":" ","price":2.5},{"type":"A","date":"2018-04-12T03:36:18.000Z","volume":100,"label":" ","price":2.51},{"type":"A","date":"2018-04-12T03:40:00.000Z","volume":20000,"label":" ","price":2.51},{"type":"A","date":"2018-04-12T03:40:00.000Z","volume":8700,"label":" ","price":2.51},{"type":"A","date":"2018-04-12T03:40:46.000Z","volume":50000,"label":" ","price":2.51},{"type":"A","date":"2018-04-12T03:40:46.000Z","volume":3400,"label":" ","price":2.51},{"type":"A","date":"2018-04-12T03:40:46.000Z","volume":800,"label":" ","price":2.51},{"type":"A","date":"2018-04-12T03:40:46.000Z","volume":6900,"label":" ","price":2.51},{"type":"B","date":"2018-04-12T03:40:50.000Z","volume":150000,"label":" ","price":2.5},{"type":"A","date":"2018-04-12T03:43:27.000Z","volume":86300,"label":" ","price":2.51},{"type":"A","date":"2018-04-12T03:43:27.000Z","volume":20000,"label":" ","price":2.51},{"type":"A","date":"2018-04-12T03:43:30.000Z","volume":7700,"label":" ","price":2.52},{"type":"B","date":"2018-04-12T03:43:47.000Z","volume":200000,"label":" ","price":2.51},{"type":"B","date":"2018-04-12T03:43:47.000Z","volume":12100,"label":" ","price":2.51},{"type":"B","date":"2018-04-12T03:43:53.000Z","volume":14100,"label":" ","price":2.51},{"type":"A","date":"2018-04-12T03:46:19.000Z","volume":50000,"label":" ","price":2.51},{"type":"A","date":"2018-04-12T03:46:44.000Z","volume":5200,"label":" ","price":2.51},{"type":"B","date":"2018-04-12T03:49:16.000Z","volume":10000,"label":" ","price":2.5},{"type":"A","date":"2018-04-12T03:50:10.000Z","volume":100,"label":" ","price":2.51},{"type":"A","date":"2018-04-12T03:53:00.000Z","volume":100,"label":" ","price":2.51},{"type":"A","date":"2018-04-12T03:53:03.000Z","volume":57000,"label":" ","price":2.51},{"type":"A","date":"2018-04-12T03:53:18.000Z","volume":50000,"label":" ","price":2.51},{"type":"A","date":"2018-04-12T03:53:18.000Z","volume":800,"label":"Y","price":2.51},{"type":"A","date":"2018-04-12T03:53:18.000Z","volume":17400,"label":" ","price":2.51},{"type":"B","date":"2018-04-12T03:55:09.000Z","volume":10000,"label":" ","price":2.51},{"type":"B","date":"2018-04-12T03:55:53.000Z","volume":2000,"label":" ","price":2.51},{"type":"B","date":"2018-04-12T03:58:27.000Z","volume":10000,"label":" ","price":2.51},{"type":"B","date":"2018-04-12T03:59:12.000Z","volume":19100,"label":" ","price":2.51},{"type":"A","date":"2018-04-12T03:59:12.000Z","volume":900,"label":" ","price":2.51},{"type":"A","date":"2018-04-12T03:59:16.000Z","volume":6300,"label":" ","price":2.51},{"type":"B","date":"2018-04-12T03:59:21.000Z","volume":100000,"label":" ","price":2.5},{"type":"B","date":"2018-04-12T05:00:02.000Z","volume":300,"label":" ","price":2.5},{"type":"U","date":"2018-04-12T05:00:29.000Z","volume":7,"label":"D","price":2.46},{"type":"B","date":"2018-04-12T05:00:36.000Z","volume":100000,"label":" ","price":2.5},{"type":"B","date":"2018-04-12T05:01:31.000Z","volume":100000,"label":" ","price":2.5},{"type":"A","date":"2018-04-12T05:01:40.000Z","volume":200,"label":" ","price":2.5},{"type":"A","date":"2018-04-12T05:01:44.000Z","volume":13500,"label":" ","price":2.5},{"type":"A","date":"2018-04-12T05:01:55.000Z","volume":3400,"label":" ","price":2.51},{"type":"B","date":"2018-04-12T05:09:04.000Z","volume":50000,"label":" ","price":2.5},{"type":"B","date":"2018-04-12T05:09:04.000Z","volume":18600,"label":" ","price":2.5},{"type":"A","date":"2018-04-12T05:10:35.000Z","volume":200,"label":" ","price":2.51},{"type":"A","date":"2018-04-12T05:11:47.000Z","volume":1000,"label":" ","price":2.51},{"type":"A","date":"2018-04-12T05:14:54.000Z","volume":8800,"label":" ","price":2.5},{"type":"A","date":"2018-04-12T05:15:13.000Z","volume":22900,"label":" ","price":2.5},{"type":"A","date":"2018-04-12T05:20:22.000Z","volume":200,"label":" ","price":2.5},{"type":"B","date":"2018-04-12T05:22:30.000Z","volume":200,"label":" ","price":2.49},{"type":"A","date":"2018-04-12T05:25:03.000Z","volume":3000,"label":" ","price":2.5},{"type":"A","date":"2018-04-12T05:26:05.000Z","volume":2400,"label":" ","price":2.5},{"type":"B","date":"2018-04-12T05:27:00.000Z","volume":200,"label":" ","price":2.49},{"type":"A","date":"2018-04-12T05:27:31.000Z","volume":300,"label":" ","price":2.5},{"type":"A","date":"2018-04-12T05:27:31.000Z","volume":7400,"label":" ","price":2.5},{"type":"A","date":"2018-04-12T05:29:35.000Z","volume":100,"label":" ","price":2.5},{"type":"A","date":"2018-04-12T05:29:56.000Z","volume":600,"label":" ","price":2.5},{"type":"B","date":"2018-04-12T05:33:00.000Z","volume":200,"label":" ","price":2.49},{"type":"A","date":"2018-04-12T05:33:35.000Z","volume":2500,"label":" ","price":2.5},{"type":"A","date":"2018-04-12T05:34:45.000Z","volume":1100,"label":" ","price":2.5},{"type":"B","date":"2018-04-12T05:37:30.000Z","volume":200,"label":" ","price":2.49},{"type":"A","date":"2018-04-12T05:38:05.000Z","volume":100,"label":" ","price":2.5},{"type":"A","date":"2018-04-12T05:38:26.000Z","volume":1200,"label":" ","price":2.5},{"type":"A","date":"2018-04-12T05:39:26.000Z","volume":4000,"label":" ","price":2.5},{"type":"A","date":"2018-04-12T05:39:36.000Z","volume":1000,"label":" ","price":2.5},{"type":"A","date":"2018-04-12T05:40:10.000Z","volume":1100,"label":" ","price":2.5},{"type":"A","date":"2018-04-12T05:40:36.000Z","volume":2000,"label":" ","price":2.5},{"type":"A","date":"2018-04-12T05:40:38.000Z","volume":600,"label":" ","price":2.5},{"type":"A","date":"2018-04-12T05:41:05.000Z","volume":2600,"label":" ","price":2.5},{"type":"A","date":"2018-04-12T05:41:33.000Z","volume":10500,"label":" ","price":2.5},{"type":"A","date":"2018-04-12T05:42:01.000Z","volume":600,"label":" ","price":2.5},{"type":"A","date":"2018-04-12T05:42:30.000Z","volume":1100,"label":" ","price":2.5},{"type":"B","date":"2018-04-12T05:44:30.000Z","volume":200,"label":" ","price":2.49},{"type":"A","date":"2018-04-12T05:46:05.000Z","volume":100,"label":" ","price":2.5},{"type":"A","date":"2018-04-12T05:46:51.000Z","volume":1100,"label":" ","price":2.5},{"type":"A","date":"2018-04-12T05:46:54.000Z","volume":1100,"label":" ","price":2.5},{"type":"A","date":"2018-04-12T05:48:24.000Z","volume":26500,"label":" ","price":2.5},{"type":"A","date":"2018-04-12T05:48:24.000Z","volume":39900,"label":" ","price":2.5},{"type":"A","date":"2018-04-12T05:48:24.000Z","volume":3200,"label":"Y","price":2.5},{"type":"A","date":"2018-04-12T05:48:24.000Z","volume":93600,"label":" ","price":2.5},{"type":"A","date":"2018-04-12T05:48:35.000Z","volume":2400,"label":" ","price":2.51},{"type":"A","date":"2018-04-12T05:48:52.000Z","volume":1000,"label":" ","price":2.51},{"type":"A","date":"2018-04-12T05:50:30.000Z","volume":600,"label":" ","price":2.51},{"type":"B","date":"2018-04-12T05:50:51.000Z","volume":130000,"label":" ","price":2.5},{"type":"B","date":"2018-04-12T05:50:51.000Z","volume":13500,"label":" ","price":2.5},{"type":"A","date":"2018-04-12T05:50:51.000Z","volume":300,"label":" ","price":2.5},{"type":"A","date":"2018-04-12T05:50:52.000Z","volume":3400,"label":" ","price":2.5},{"type":"A","date":"2018-04-12T05:51:05.000Z","volume":2000,"label":" ","price":2.5},{"type":"A","date":"2018-04-12T05:51:35.000Z","volume":11000,"label":" ","price":2.5},{"type":"A","date":"2018-04-12T05:51:35.000Z","volume":100,"label":"Y","price":2.5},{"type":"A","date":"2018-04-12T05:52:26.000Z","volume":6400,"label":"Y","price":2.5},{"type":"A","date":"2018-04-12T05:52:38.000Z","volume":34900,"label":" ","price":2.5},{"type":"A","date":"2018-04-12T05:52:38.000Z","volume":4800,"label":" ","price":2.5},{"type":"A","date":"2018-04-12T05:52:38.000Z","volume":300,"label":" ","price":2.5},{"type":"A","date":"2018-04-12T05:52:43.000Z","volume":10900,"label":" ","price":2.5},{"type":"A","date":"2018-04-12T05:59:06.000Z","volume":200,"label":" ","price":2.51},{"type":"B","date":"2018-04-12T06:02:11.000Z","volume":10000,"label":" ","price":2.5},{"type":"B","date":"2018-04-12T06:02:11.000Z","volume":12600,"label":" ","price":2.5},{"type":"B","date":"2018-04-12T06:02:11.000Z","volume":200,"label":" ","price":2.5},{"type":"A","date":"2018-04-12T06:03:22.000Z","volume":5800,"label":" ","price":2.51},{"type":"A","date":"2018-04-12T06:03:24.000Z","volume":4000,"label":" ","price":2.51},{"type":"B","date":"2018-04-12T06:03:34.000Z","volume":4800,"label":" ","price":2.5},{"type":"B","date":"2018-04-12T06:03:34.000Z","volume":100,"label":" ","price":2.5},{"type":"A","date":"2018-04-12T06:03:34.000Z","volume":500,"label":" ","price":2.5},{"type":"A","date":"2018-04-12T06:03:34.000Z","volume":100,"label":" ","price":2.5},{"type":"A","date":"2018-04-12T06:03:36.000Z","volume":200,"label":" ","price":2.5},{"type":"A","date":"2018-04-12T06:03:38.000Z","volume":20600,"label":" ","price":2.5},{"type":"B","date":"2018-04-12T06:04:07.000Z","volume":900,"label":" ","price":2.5},{"type":"B","date":"2018-04-12T06:05:50.000Z","volume":5500,"label":" ","price":2.5},{"type":"A","date":"2018-04-12T06:05:50.000Z","volume":100,"label":" ","price":2.5},{"type":"A","date":"2018-04-12T06:05:50.000Z","volume":800,"label":" ","price":2.5},{"type":"A","date":"2018-04-12T06:06:24.000Z","volume":28300,"label":" ","price":2.5},{"type":"A","date":"2018-04-12T06:06:24.000Z","volume":1200,"label":" ","price":2.5},{"type":"A","date":"2018-04-12T06:06:27.000Z","volume":1000,"label":" ","price":2.5},{"type":"A","date":"2018-04-12T06:07:08.000Z","volume":10000,"label":"Y","price":2.51},{"type":"A","date":"2018-04-12T06:09:45.000Z","volume":50000,"label":" ","price":2.51},{"type":"B","date":"2018-04-12T06:14:30.000Z","volume":300,"label":" ","price":2.5},{"type":"B","date":"2018-04-12T06:14:50.000Z","volume":100,"label":" ","price":2.5},{"type":"A","date":"2018-04-12T06:15:51.000Z","volume":100,"label":"Y","price":2.51},{"type":"B","date":"2018-04-12T06:16:04.000Z","volume":100,"label":" ","price":2.5},{"type":"A","date":"2018-04-12T06:16:29.000Z","volume":5000,"label":" ","price":2.51},{"type":"A","date":"2018-04-12T06:16:46.000Z","volume":200,"label":" ","price":2.51},{"type":"A","date":"2018-04-12T06:16:58.000Z","volume":200,"label":" ","price":2.51},{"type":"B","date":"2018-04-12T06:19:02.000Z","volume":100,"label":" ","price":2.5},{"type":"B","date":"2018-04-12T06:19:28.000Z","volume":200,"label":" ","price":2.5},{"type":"A","date":"2018-04-12T06:19:34.000Z","volume":100,"label":" ","price":2.51},{"type":"A","date":"2018-04-12T06:20:18.000Z","volume":7400,"label":" ","price":2.51},{"type":"B","date":"2018-04-12T06:21:00.000Z","volume":300,"label":" ","price":2.5},{"type":"B","date":"2018-04-12T06:21:59.000Z","volume":10000,"label":" ","price":2.5},{"type":"B","date":"2018-04-12T06:23:13.000Z","volume":100,"label":" ","price":2.5},{"type":"B","date":"2018-04-12T06:24:30.000Z","volume":200,"label":" ","price":2.5},{"type":"B","date":"2018-04-12T06:25:21.000Z","volume":9900,"label":" ","price":2.5},{"type":"A","date":"2018-04-12T06:25:31.000Z","volume":400,"label":" ","price":2.51},{"type":"B","date":"2018-04-12T06:27:12.000Z","volume":15700,"label":" ","price":2.5},{"type":"A","date":"2018-04-12T06:27:27.000Z","volume":3100,"label":" ","price":2.51},{"type":"A","date":"2018-04-12T06:27:56.000Z","volume":600,"label":" ","price":2.51},{"type":"B","date":"2018-04-12T06:28:03.000Z","volume":100,"label":" ","price":2.5},{"type":"A","date":"2018-04-12T06:28:29.000Z","volume":200,"label":" ","price":2.51},{"type":"A","date":"2018-04-12T06:28:30.000Z","volume":4200,"label":" ","price":2.51},{"type":"A","date":"2018-04-12T06:28:35.000Z","volume":4000,"label":" ","price":2.51},{"type":"B","date":"2018-04-12T06:28:38.000Z","volume":100,"label":" ","price":2.5},{"type":"B","date":"2018-04-12T06:28:40.000Z","volume":180600,"label":" ","price":2.5},{"type":"B","date":"2018-04-12T06:28:40.000Z","volume":100,"label":" ","price":2.5},{"type":"B","date":"2018-04-12T06:28:40.000Z","volume":400,"label":" ","price":2.5},{"type":"B","date":"2018-04-12T06:28:57.000Z","volume":6900,"label":" ","price":2.5},{"type":"A","date":"2018-04-12T06:29:24.000Z","volume":5000,"label":" ","price":2.5},{"type":"A","date":"2018-04-12T06:29:43.000Z","volume":4300,"label":" ","price":2.5},{"type":"B","date":"2018-04-12T06:30:26.000Z","volume":100,"label":" ","price":2.49},{"type":"A","date":"2018-04-12T06:30:43.000Z","volume":23900,"label":" ","price":2.5},{"type":"B","date":"2018-04-12T06:31:34.000Z","volume":100,"label":" ","price":2.49},{"type":"B","date":"2018-04-12T06:32:34.000Z","volume":100,"label":" ","price":2.49},{"type":"B","date":"2018-04-12T06:32:35.000Z","volume":15000,"label":" ","price":2.49},{"type":"B","date":"2018-04-12T06:33:34.000Z","volume":100,"label":" ","price":2.49},{"type":"B","date":"2018-04-12T06:33:41.000Z","volume":30000,"label":" ","price":2.49},{"type":"B","date":"2018-04-12T06:40:16.000Z","volume":200,"label":" ","price":2.49},{"type":"A","date":"2018-04-12T06:40:49.000Z","volume":100,"label":" ","price":2.5},{"type":"B","date":"2018-04-12T06:41:16.000Z","volume":100,"label":" ","price":2.49},{"type":"A","date":"2018-04-12T06:43:23.000Z","volume":100,"label":" ","price":2.5},{"type":"A","date":"2018-04-12T06:45:15.000Z","volume":7400,"label":" ","price":2.5},{"type":"B","date":"2018-04-12T06:45:37.000Z","volume":200,"label":" ","price":2.49},{"type":"B","date":"2018-04-12T06:48:29.000Z","volume":4000,"label":" ","price":2.49},{"type":"B","date":"2018-04-12T06:49:08.000Z","volume":900,"label":" ","price":2.49},{"type":"A","date":"2018-04-12T06:49:18.000Z","volume":200,"label":" ","price":2.5},{"type":"B","date":"2018-04-12T06:49:33.000Z","volume":1100,"label":" ","price":2.49},{"type":"A","date":"2018-04-12T06:49:41.000Z","volume":1100,"label":" ","price":2.5},{"type":"B","date":"2018-04-12T06:50:57.000Z","volume":100,"label":" ","price":2.49},{"type":"A","date":"2018-04-12T06:51:55.000Z","volume":69300,"label":" ","price":2.5},{"type":"A","date":"2018-04-12T06:51:55.000Z","volume":4800,"label":"Y","price":2.5},{"type":"A","date":"2018-04-12T06:51:55.000Z","volume":40900,"label":" ","price":2.5},{"type":"A","date":"2018-04-12T06:51:55.000Z","volume":14400,"label":" ","price":2.5},{"type":"A","date":"2018-04-12T06:53:37.000Z","volume":100,"label":" ","price":2.51},{"type":"A","date":"2018-04-12T06:54:30.000Z","volume":1000,"label":" ","price":2.51},{"type":"A","date":"2018-04-12T06:56:56.000Z","volume":600,"label":" ","price":2.51},{"type":"A","date":"2018-04-12T06:59:58.000Z","volume":3100,"label":" ","price":2.51},{"type":"A","date":"2018-04-12T07:00:38.000Z","volume":100,"label":" ","price":2.51},{"type":"A","date":"2018-04-12T07:01:46.000Z","volume":1100,"label":" ","price":2.51},{"type":"A","date":"2018-04-12T07:03:05.000Z","volume":4000,"label":" ","price":2.51},{"type":"B","date":"2018-04-12T07:05:00.000Z","volume":200,"label":" ","price":2.5},{"type":"B","date":"2018-04-12T07:05:50.000Z","volume":4000,"label":" ","price":2.5},{"type":"A","date":"2018-04-12T07:05:56.000Z","volume":800,"label":" ","price":2.51},{"type":"A","date":"2018-04-12T07:06:35.000Z","volume":500,"label":" ","price":2.51},{"type":"A","date":"2018-04-12T07:07:17.000Z","volume":100,"label":" ","price":2.51},{"type":"B","date":"2018-04-12T07:07:28.000Z","volume":100,"label":" ","price":2.5},{"type":"A","date":"2018-04-12T07:07:38.000Z","volume":100,"label":" ","price":2.51},{"type":"A","date":"2018-04-12T07:07:55.000Z","volume":400,"label":"Y","price":2.51},{"type":"A","date":"2018-04-12T07:08:10.000Z","volume":1100,"label":" ","price":2.51},{"type":"A","date":"2018-04-12T07:08:34.000Z","volume":600,"label":" ","price":2.51},{"type":"B","date":"2018-04-12T07:08:52.000Z","volume":100,"label":" ","price":2.5},{"type":"A","date":"2018-04-12T07:08:58.000Z","volume":600,"label":" ","price":2.51},{"type":"B","date":"2018-04-12T07:09:41.000Z","volume":10900,"label":" ","price":2.5},{"type":"B","date":"2018-04-12T07:09:45.000Z","volume":3000,"label":" ","price":2.5},{"type":"A","date":"2018-04-12T07:10:38.000Z","volume":1100,"label":" ","price":2.51},{"type":"A","date":"2018-04-12T07:12:36.000Z","volume":1100,"label":" ","price":2.51},{"type":"B","date":"2018-04-12T07:12:43.000Z","volume":100,"label":" ","price":2.5},{"type":"B","date":"2018-04-12T07:13:57.000Z","volume":99400,"label":" ","price":2.5},{"type":"B","date":"2018-04-12T07:13:57.000Z","volume":27700,"label":" ","price":2.5},{"type":"B","date":"2018-04-12T07:13:57.000Z","volume":500,"label":" ","price":2.5},{"type":"A","date":"2018-04-12T07:16:09.000Z","volume":1200,"label":" ","price":2.5},{"type":"B","date":"2018-04-12T07:16:13.000Z","volume":100,"label":" ","price":2.49},{"type":"B","date":"2018-04-12T07:18:56.000Z","volume":7500,"label":" ","price":2.49},{"type":"B","date":"2018-04-12T07:19:34.000Z","volume":100,"label":" ","price":2.49},{"type":"A","date":"2018-04-12T07:22:52.000Z","volume":2900,"label":" ","price":2.5},{"type":"B","date":"2018-04-12T07:22:54.000Z","volume":100,"label":" ","price":2.49},{"type":"A","date":"2018-04-12T07:23:36.000Z","volume":700,"label":" ","price":2.5},{"type":"A","date":"2018-04-12T07:24:36.000Z","volume":3000,"label":" ","price":2.5},{"type":"A","date":"2018-04-12T07:24:41.000Z","volume":700,"label":" ","price":2.5},{"type":"A","date":"2018-04-12T07:25:06.000Z","volume":800,"label":" ","price":2.5},{"type":"A","date":"2018-04-12T07:26:09.000Z","volume":3800,"label":" ","price":2.5},{"type":"B","date":"2018-04-12T07:26:15.000Z","volume":100,"label":" ","price":2.49},{"type":"B","date":"2018-04-12T07:26:36.000Z","volume":500,"label":" ","price":2.49},{"type":"A","date":"2018-04-12T07:27:06.000Z","volume":900,"label":" ","price":2.5},{"type":"A","date":"2018-04-12T07:28:23.000Z","volume":3800,"label":" ","price":2.5},{"type":"A","date":"2018-04-12T07:29:06.000Z","volume":900,"label":" ","price":2.5},{"type":"B","date":"2018-04-12T07:29:45.000Z","volume":100,"label":" ","price":2.49},{"type":"A","date":"2018-04-12T07:30:19.000Z","volume":30700,"label":" ","price":2.5},{"type":"A","date":"2018-04-12T07:30:40.000Z","volume":4100,"label":" ","price":2.5},{"type":"A","date":"2018-04-12T07:30:45.000Z","volume":500,"label":" ","price":2.5},{"type":"A","date":"2018-04-12T07:31:06.000Z","volume":800,"label":" ","price":2.5},{"type":"A","date":"2018-04-12T07:31:44.000Z","volume":20000,"label":" ","price":2.5},{"type":"A","date":"2018-04-12T07:32:05.000Z","volume":100,"label":" ","price":2.5},{"type":"A","date":"2018-04-12T07:32:36.000Z","volume":1000,"label":" ","price":2.5},{"type":"A","date":"2018-04-12T07:32:53.000Z","volume":3700,"label":" ","price":2.5},{"type":"A","date":"2018-04-12T07:32:53.000Z","volume":8900,"label":" ","price":2.5},{"type":"A","date":"2018-04-12T07:33:05.000Z","volume":100,"label":" ","price":2.5},{"type":"A","date":"2018-04-12T07:33:36.000Z","volume":4600,"label":" ","price":2.5},{"type":"A","date":"2018-04-12T07:34:09.000Z","volume":100,"label":" ","price":2.5},{"type":"A","date":"2018-04-12T07:34:11.000Z","volume":500,"label":" ","price":2.5},{"type":"A","date":"2018-04-12T07:35:22.000Z","volume":12000,"label":" ","price":2.5},{"type":"A","date":"2018-04-12T07:35:22.000Z","volume":3600,"label":"Y","price":2.5},{"type":"A","date":"2018-04-12T07:35:22.000Z","volume":3800,"label":" ","price":2.5},{"type":"A","date":"2018-04-12T07:35:23.000Z","volume":3900,"label":" ","price":2.5},{"type":"A","date":"2018-04-12T07:35:26.000Z","volume":1100,"label":" ","price":2.5},{"type":"B","date":"2018-04-12T07:35:28.000Z","volume":100,"label":" ","price":2.49},{"type":"A","date":"2018-04-12T07:35:36.000Z","volume":1100,"label":" ","price":2.5},{"type":"A","date":"2018-04-12T07:35:41.000Z","volume":500,"label":" ","price":2.5},{"type":"A","date":"2018-04-12T07:36:17.000Z","volume":100,"label":" ","price":2.5},{"type":"A","date":"2018-04-12T07:37:00.000Z","volume":1100,"label":" ","price":2.5},{"type":"A","date":"2018-04-12T07:37:23.000Z","volume":3600,"label":" ","price":2.5},{"type":"A","date":"2018-04-12T07:37:41.000Z","volume":1000,"label":" ","price":2.5},{"type":"A","date":"2018-04-12T07:38:20.000Z","volume":1100,"label":" ","price":2.5},{"type":"A","date":"2018-04-12T07:38:30.000Z","volume":5000,"label":" ","price":2.5},{"type":"B","date":"2018-04-12T07:38:40.000Z","volume":100,"label":" ","price":2.49},{"type":"A","date":"2018-04-12T07:39:05.000Z","volume":300,"label":" ","price":2.5},{"type":"A","date":"2018-04-12T07:39:20.000Z","volume":1100,"label":" ","price":2.5},{"type":"A","date":"2018-04-12T07:39:23.000Z","volume":3000,"label":" ","price":2.5},{"type":"A","date":"2018-04-12T07:39:25.000Z","volume":103100,"label":" ","price":2.5},{"type":"A","date":"2018-04-12T07:39:25.000Z","volume":29100,"label":" ","price":2.5},{"type":"A","date":"2018-04-12T07:39:31.000Z","volume":42600,"label":" ","price":2.5},{"type":"A","date":"2018-04-12T07:39:36.000Z","volume":300,"label":" ","price":2.5},{"type":"A","date":"2018-04-12T07:39:36.000Z","volume":200,"label":" ","price":2.5},{"type":"A","date":"2018-04-12T07:40:09.000Z","volume":100,"label":" ","price":2.5},{"type":"A","date":"2018-04-12T07:40:11.000Z","volume":1000,"label":" ","price":2.5},{"type":"A","date":"2018-04-12T07:40:26.000Z","volume":1000,"label":" ","price":2.5},{"type":"A","date":"2018-04-12T07:40:26.000Z","volume":1100,"label":" ","price":2.5},{"type":"A","date":"2018-04-12T07:40:48.000Z","volume":1700,"label":" ","price":2.5},{"type":"A","date":"2018-04-12T07:40:53.000Z","volume":3600,"label":" ","price":2.5},{"type":"A","date":"2018-04-12T07:41:16.000Z","volume":1100,"label":" ","price":2.5},{"type":"A","date":"2018-04-12T07:41:36.000Z","volume":600,"label":" ","price":2.5},{"type":"A","date":"2018-04-12T07:41:49.000Z","volume":100,"label":" ","price":2.5},{"type":"A","date":"2018-04-12T07:41:54.000Z","volume":20000,"label":" ","price":2.5},{"type":"A","date":"2018-04-12T07:42:23.000Z","volume":1100,"label":" ","price":2.5},{"type":"A","date":"2018-04-12T07:42:32.000Z","volume":1700,"label":" ","price":2.5},{"type":"A","date":"2018-04-12T07:42:51.000Z","volume":600,"label":" ","price":2.5},{"type":"A","date":"2018-04-12T07:43:36.000Z","volume":800,"label":" ","price":2.5},{"type":"A","date":"2018-04-12T07:43:41.000Z","volume":4000,"label":" ","price":2.5},{"type":"A","date":"2018-04-12T07:44:29.000Z","volume":1700,"label":" ","price":2.5},{"type":"A","date":"2018-04-12T07:45:07.000Z","volume":1100,"label":" ","price":2.5},{"type":"A","date":"2018-04-12T07:45:09.000Z","volume":100,"label":" ","price":2.5},{"type":"A","date":"2018-04-12T07:45:11.000Z","volume":400,"label":" ","price":2.5},{"type":"A","date":"2018-04-12T07:45:58.000Z","volume":1000,"label":" ","price":2.5},{"type":"B","date":"2018-04-12T07:46:03.000Z","volume":100,"label":" ","price":2.49},{"type":"A","date":"2018-04-12T07:46:20.000Z","volume":600,"label":" ","price":2.5},{"type":"A","date":"2018-04-12T07:46:36.000Z","volume":300,"label":" ","price":2.5},{"type":"A","date":"2018-04-12T07:46:37.000Z","volume":1000,"label":" ","price":2.5},{"type":"A","date":"2018-04-12T07:46:42.000Z","volume":600,"label":" ","price":2.5},{"type":"A","date":"2018-04-12T07:46:56.000Z","volume":80000,"label":" ","price":2.5},{"type":"A","date":"2018-04-12T07:47:23.000Z","volume":1100,"label":" ","price":2.5},{"type":"A","date":"2018-04-12T07:47:41.000Z","volume":900,"label":" ","price":2.5},{"type":"A","date":"2018-04-12T07:47:41.000Z","volume":200,"label":" ","price":2.5},{"type":"A","date":"2018-04-12T07:48:02.000Z","volume":1100,"label":" ","price":2.5},{"type":"A","date":"2018-04-12T07:48:06.000Z","volume":500,"label":" ","price":2.5},{"type":"A","date":"2018-04-12T07:48:07.000Z","volume":1000,"label":" ","price":2.5},{"type":"A","date":"2018-04-12T07:48:09.000Z","volume":100,"label":" ","price":2.5},{"type":"A","date":"2018-04-12T07:48:33.000Z","volume":100,"label":"Y","price":2.5},{"type":"A","date":"2018-04-12T07:48:37.000Z","volume":6400,"label":" ","price":2.5},{"type":"A","date":"2018-04-12T07:49:09.000Z","volume":400,"label":" ","price":2.5},{"type":"A","date":"2018-04-12T07:49:14.000Z","volume":1100,"label":" ","price":2.5},{"type":"A","date":"2018-04-12T07:49:42.000Z","volume":3400,"label":" ","price":2.5},{"type":"A","date":"2018-04-12T07:49:42.000Z","volume":1800,"label":" ","price":2.5},{"type":"U","date":"2018-04-12T07:49:50.000Z","volume":4,"label":"D","price":2.45},{"type":"A","date":"2018-04-12T07:50:25.000Z","volume":2400,"label":" ","price":2.5},{"type":"A","date":"2018-04-12T07:50:25.000Z","volume":11600,"label":"Y","price":2.5},{"type":"A","date":"2018-04-12T07:50:25.000Z","volume":6300,"label":" ","price":2.5},{"type":"A","date":"2018-04-12T07:50:28.000Z","volume":1100,"label":" ","price":2.5},{"type":"A","date":"2018-04-12T07:50:41.000Z","volume":2800,"label":" ","price":2.5},{"type":"A","date":"2018-04-12T07:50:41.000Z","volume":300,"label":" ","price":2.5},{"type":"A","date":"2018-04-12T07:51:06.000Z","volume":10000,"label":" ","price":2.5},{"type":"B","date":"2018-04-12T07:51:06.000Z","volume":100,"label":" ","price":2.49},{"type":"A","date":"2018-04-12T07:51:44.000Z","volume":100,"label":" ","price":2.5},{"type":"A","date":"2018-04-12T07:51:54.000Z","volume":1700,"label":" ","price":2.5},{"type":"A","date":"2018-04-12T07:52:28.000Z","volume":600,"label":" ","price":2.5},{"type":"B","date":"2018-04-12T07:52:30.000Z","volume":300,"label":" ","price":2.49},{"type":"A","date":"2018-04-12T07:52:30.000Z","volume":800,"label":" ","price":2.5},{"type":"A","date":"2018-04-12T07:52:30.000Z","volume":2600,"label":" ","price":2.5},{"type":"A","date":"2018-04-12T07:52:30.000Z","volume":1300,"label":" ","price":2.5},{"type":"A","date":"2018-04-12T07:52:31.000Z","volume":1800,"label":" ","price":2.5},{"type":"A","date":"2018-04-12T07:53:06.000Z","volume":1700,"label":" ","price":2.5},{"type":"A","date":"2018-04-12T07:53:06.000Z","volume":600,"label":"Y","price":2.5},{"type":"A","date":"2018-04-12T07:53:11.000Z","volume":31800,"label":" ","price":2.5},{"type":"A","date":"2018-04-12T07:53:11.000Z","volume":1500,"label":" ","price":2.5},{"type":"A","date":"2018-04-12T07:53:11.000Z","volume":500,"label":" ","price":2.5},{"type":"A","date":"2018-04-12T07:53:12.000Z","volume":1400,"label":"Y","price":2.5},{"type":"A","date":"2018-04-12T07:53:23.000Z","volume":1800,"label":" ","price":2.5},{"type":"A","date":"2018-04-12T07:53:37.000Z","volume":2500,"label":"Y","price":2.5},{"type":"A","date":"2018-04-12T07:53:37.000Z","volume":1000,"label":" ","price":2.5},{"type":"A","date":"2018-04-12T07:53:37.000Z","volume":1000,"label":" ","price":2.5},{"type":"A","date":"2018-04-12T07:53:39.000Z","volume":100,"label":" ","price":2.5},{"type":"A","date":"2018-04-12T07:53:55.000Z","volume":2200,"label":" ","price":2.5},{"type":"A","date":"2018-04-12T07:54:01.000Z","volume":800,"label":" ","price":2.5},{"type":"A","date":"2018-04-12T07:54:02.000Z","volume":1800,"label":" ","price":2.5},{"type":"A","date":"2018-04-12T07:54:12.000Z","volume":800,"label":"Y","price":2.5},{"type":"A","date":"2018-04-12T07:54:12.000Z","volume":600,"label":"Y","price":2.5},{"type":"A","date":"2018-04-12T07:54:25.000Z","volume":600,"label":"Y","price":2.5},{"type":"A","date":"2018-04-12T07:54:25.000Z","volume":1500,"label":" ","price":2.5},{"type":"A","date":"2018-04-12T07:54:35.000Z","volume":1500,"label":" ","price":2.5},{"type":"A","date":"2018-04-12T07:54:35.000Z","volume":1100,"label":" ","price":2.5},{"type":"A","date":"2018-04-12T07:54:38.000Z","volume":1700,"label":"Y","price":2.5},{"type":"A","date":"2018-04-12T07:54:55.000Z","volume":9200,"label":"Y","price":2.5},{"type":"A","date":"2018-04-12T07:54:55.000Z","volume":6300,"label":" ","price":2.5},{"type":"A","date":"2018-04-12T07:54:55.000Z","volume":2000,"label":" ","price":2.5},{"type":"A","date":"2018-04-12T07:55:20.000Z","volume":1700,"label":" ","price":2.5},{"type":"A","date":"2018-04-12T07:55:39.000Z","volume":7500,"label":" ","price":2.5},{"type":"A","date":"2018-04-12T07:55:42.000Z","volume":1600,"label":" ","price":2.5},{"type":"A","date":"2018-04-12T07:55:58.000Z","volume":1300,"label":" ","price":2.5},{"type":"A","date":"2018-04-12T07:56:04.000Z","volume":1700,"label":" ","price":2.5},{"type":"A","date":"2018-04-12T07:56:12.000Z","volume":700,"label":" ","price":2.5},{"type":"A","date":"2018-04-12T07:56:28.000Z","volume":800,"label":" ","price":2.5},{"type":"A","date":"2018-04-12T07:56:31.000Z","volume":100,"label":" ","price":2.5},{"type":"A","date":"2018-04-12T07:56:33.000Z","volume":100,"label":" ","price":2.5},{"type":"A","date":"2018-04-12T07:56:52.000Z","volume":1100,"label":" ","price":2.5},{"type":"A","date":"2018-04-12T07:57:06.000Z","volume":600,"label":" ","price":2.5},{"type":"A","date":"2018-04-12T07:57:09.000Z","volume":100,"label":" ","price":2.5},{"type":"A","date":"2018-04-12T07:57:12.000Z","volume":800,"label":" ","price":2.5},{"type":"A","date":"2018-04-12T07:57:13.000Z","volume":1500,"label":" ","price":2.5},{"type":"A","date":"2018-04-12T07:57:13.000Z","volume":200,"label":" ","price":2.5},{"type":"A","date":"2018-04-12T07:57:13.000Z","volume":200,"label":" ","price":2.5},{"type":"A","date":"2018-04-12T07:57:25.000Z","volume":1800,"label":" ","price":2.5},{"type":"A","date":"2018-04-12T07:57:33.000Z","volume":1800,"label":" ","price":2.5},{"type":"A","date":"2018-04-12T07:57:34.000Z","volume":1100,"label":" ","price":2.5},{"type":"A","date":"2018-04-12T07:57:37.000Z","volume":1100,"label":" ","price":2.5},{"type":"B","date":"2018-04-12T07:57:39.000Z","volume":100,"label":" ","price":2.49},{"type":"A","date":"2018-04-12T07:57:47.000Z","volume":1400,"label":" ","price":2.5},{"type":"A","date":"2018-04-12T07:57:48.000Z","volume":600,"label":" ","price":2.5},{"type":"A","date":"2018-04-12T07:57:53.000Z","volume":23600,"label":" ","price":2.5},{"type":"A","date":"2018-04-12T07:57:53.000Z","volume":2400,"label":" ","price":2.5},{"type":"A","date":"2018-04-12T07:57:53.000Z","volume":100,"label":" ","price":2.5},{"type":"A","date":"2018-04-12T07:57:55.000Z","volume":1500,"label":"Y","price":2.5},{"type":"A","date":"2018-04-12T07:57:55.000Z","volume":2500,"label":" ","price":2.5},{"type":"A","date":"2018-04-12T07:57:55.000Z","volume":2000,"label":"Y","price":2.5},{"type":"A","date":"2018-04-12T07:58:00.000Z","volume":400,"label":" ","price":2.5},{"type":"A","date":"2018-04-12T07:58:01.000Z","volume":400,"label":" ","price":2.5},{"type":"A","date":"2018-04-12T07:58:01.000Z","volume":400,"label":" ","price":2.5},{"type":"A","date":"2018-04-12T07:58:01.000Z","volume":300,"label":" ","price":2.5},{"type":"A","date":"2018-04-12T07:58:01.000Z","volume":100,"label":" ","price":2.5},{"type":"A","date":"2018-04-12T07:58:02.000Z","volume":2900,"label":" ","price":2.5},{"type":"A","date":"2018-04-12T07:58:05.000Z","volume":1700,"label":" ","price":2.5},{"type":"B","date":"2018-04-12T07:58:08.000Z","volume":100,"label":" ","price":2.49},{"type":"A","date":"2018-04-12T07:58:12.000Z","volume":1200,"label":"Y","price":2.5},{"type":"A","date":"2018-04-12T07:58:12.000Z","volume":100,"label":" ","price":2.5},{"type":"A","date":"2018-04-12T07:58:12.000Z","volume":700,"label":" ","price":2.5},{"type":"A","date":"2018-04-12T07:58:18.000Z","volume":2900,"label":" ","price":2.5},{"type":"A","date":"2018-04-12T07:58:32.000Z","volume":1500,"label":" ","price":2.5},{"type":"A","date":"2018-04-12T07:58:32.000Z","volume":3000,"label":" ","price":2.5},{"type":"A","date":"2018-04-12T07:58:35.000Z","volume":400,"label":" ","price":2.5},{"type":"A","date":"2018-04-12T07:58:35.000Z","volume":700,"label":" ","price":2.5},{"type":"A","date":"2018-04-12T07:58:36.000Z","volume":200,"label":"Y","price":2.5},{"type":"A","date":"2018-04-12T07:58:37.000Z","volume":400,"label":"Y","price":2.5},{"type":"A","date":"2018-04-12T07:58:37.000Z","volume":500,"label":" ","price":2.5},{"type":"A","date":"2018-04-12T07:58:37.000Z","volume":900,"label":" ","price":2.5},{"type":"A","date":"2018-04-12T07:58:38.000Z","volume":300,"label":"Y","price":2.5},{"type":"A","date":"2018-04-12T07:58:40.000Z","volume":200,"label":"Y","price":2.5},{"type":"A","date":"2018-04-12T07:58:41.000Z","volume":200,"label":"Y","price":2.5},{"type":"A","date":"2018-04-12T07:58:41.000Z","volume":600,"label":" ","price":2.5},{"type":"A","date":"2018-04-12T07:58:42.000Z","volume":200,"label":"Y","price":2.5},{"type":"A","date":"2018-04-12T07:58:43.000Z","volume":100,"label":"Y","price":2.5},{"type":"A","date":"2018-04-12T07:58:44.000Z","volume":100,"label":"Y","price":2.5},{"type":"A","date":"2018-04-12T07:58:45.000Z","volume":100,"label":"Y","price":2.5},{"type":"A","date":"2018-04-12T07:58:46.000Z","volume":100,"label":"Y","price":2.5},{"type":"B","date":"2018-04-12T07:58:47.000Z","volume":100,"label":" ","price":2.49},{"type":"A","date":"2018-04-12T07:58:48.000Z","volume":200,"label":"Y","price":2.5},{"type":"A","date":"2018-04-12T07:58:48.000Z","volume":2900,"label":" ","price":2.5},{"type":"A","date":"2018-04-12T07:58:51.000Z","volume":100,"label":"Y","price":2.5},{"type":"A","date":"2018-04-12T07:58:51.000Z","volume":300,"label":" ","price":2.5},{"type":"A","date":"2018-04-12T07:58:51.000Z","volume":100,"label":" ","price":2.5},{"type":"A","date":"2018-04-12T07:58:51.000Z","volume":3000,"label":" ","price":2.5},{"type":"A","date":"2018-04-12T07:58:55.000Z","volume":4600,"label":"Y","price":2.5},{"type":"A","date":"2018-04-12T07:59:04.000Z","volume":1600,"label":" ","price":2.5},{"type":"A","date":"2018-04-12T07:59:07.000Z","volume":300,"label":" ","price":2.5},{"type":"A","date":"2018-04-12T07:59:09.000Z","volume":100,"label":"Y","price":2.5},{"type":"A","date":"2018-04-12T07:59:12.000Z","volume":900,"label":"Y","price":2.5},{"type":"A","date":"2018-04-12T07:59:15.000Z","volume":2900,"label":" ","price":2.5},{"type":"A","date":"2018-04-12T07:59:25.000Z","volume":2700,"label":"Y","price":2.5},{"type":"A","date":"2018-04-12T07:59:25.000Z","volume":1100,"label":" ","price":2.5},{"type":"A","date":"2018-04-12T07:59:30.000Z","volume":3000,"label":" ","price":2.5},{"type":"A","date":"2018-04-12T07:59:30.000Z","volume":200,"label":" ","price":2.5},{"type":"A","date":"2018-04-12T07:59:30.000Z","volume":1000,"label":" ","price":2.5},{"type":"A","date":"2018-04-12T07:59:45.000Z","volume":2900,"label":" ","price":2.5},{"type":"A","date":"2018-04-12T07:59:55.000Z","volume":5800,"label":" ","price":2.5},{"type":"A","date":"2018-04-12T07:59:55.000Z","volume":100,"label":" ","price":2.5},{"type":"A","date":"2018-04-12T07:59:56.000Z","volume":1300,"label":" ","price":2.5},{"type":"U","date":"2018-04-12T08:08:38.000Z","volume":307000,"label":"U","price":2.51}]