[{"type":"B","date":"2018-04-09T01:30:23.000Z","volume":5000,"label":" ","price":8.1},{"type":"B","date":"2018-04-09T01:30:23.000Z","volume":3500,"label":" ","price":8.09},{"type":"B","date":"2018-04-09T01:30:23.000Z","volume":4000,"label":" ","price":8.08},{"type":"B","date":"2018-04-09T01:30:23.000Z","volume":3500,"label":" ","price":8.07},{"type":"B","date":"2018-04-09T01:30:23.000Z","volume":4000,"label":" ","price":8.06},{"type":"B","date":"2018-04-09T01:30:23.000Z","volume":1000,"label":" ","price":8.05},{"type":"B","date":"2018-04-09T01:30:25.000Z","volume":2000,"label":" ","price":8.05},{"type":"B","date":"2018-04-09T01:30:49.000Z","volume":1500,"label":" ","price":8.06},{"type":"B","date":"2018-04-09T01:30:50.000Z","volume":2500,"label":" ","price":8.05},{"type":"A","date":"2018-04-09T01:30:52.000Z","volume":2000,"label":" ","price":8.06},{"type":"B","date":"2018-04-09T01:32:42.000Z","volume":1000,"label":" ","price":8.05},{"type":"B","date":"2018-04-09T01:32:43.000Z","volume":500,"label":" ","price":8.05},{"type":"A","date":"2018-04-09T01:33:07.000Z","volume":6000,"label":" ","price":8.06},{"type":"A","date":"2018-04-09T01:33:07.000Z","volume":3000,"label":"Y","price":8.06},{"type":"A","date":"2018-04-09T01:33:07.000Z","volume":500,"label":" ","price":8.06},{"type":"B","date":"2018-04-09T01:34:08.000Z","volume":500,"label":" ","price":8.06},{"type":"B","date":"2018-04-09T01:39:36.000Z","volume":3500,"label":" ","price":8.06},{"type":"B","date":"2018-04-09T01:39:37.000Z","volume":500,"label":" ","price":8.06},{"type":"B","date":"2018-04-09T01:42:34.000Z","volume":7500,"label":" ","price":8.06},{"type":"B","date":"2018-04-09T01:42:35.000Z","volume":500,"label":" ","price":8.05},{"type":"A","date":"2018-04-09T01:42:35.000Z","volume":3000,"label":" ","price":8.06},{"type":"B","date":"2018-04-09T01:42:36.000Z","volume":500,"label":" ","price":8.06},{"type":"A","date":"2018-04-09T01:44:20.000Z","volume":500,"label":" ","price":8.07},{"type":"A","date":"2018-04-09T01:47:38.000Z","volume":7500,"label":" ","price":8.07},{"type":"B","date":"2018-04-09T01:47:39.000Z","volume":1000,"label":" ","price":8.06},{"type":"A","date":"2018-04-09T01:54:41.000Z","volume":1000,"label":" ","price":8.07},{"type":"A","date":"2018-04-09T01:54:43.000Z","volume":1000,"label":" ","price":8.07},{"type":"A","date":"2018-04-09T01:56:51.000Z","volume":1000,"label":" ","price":8.07},{"type":"A","date":"2018-04-09T01:57:23.000Z","volume":500,"label":"Y","price":8.07},{"type":"A","date":"2018-04-09T01:57:23.000Z","volume":1500,"label":" ","price":8.07},{"type":"A","date":"2018-04-09T01:57:25.000Z","volume":2000,"label":" ","price":8.07},{"type":"A","date":"2018-04-09T01:58:02.000Z","volume":1000,"label":"Y","price":8.07},{"type":"B","date":"2018-04-09T01:58:12.000Z","volume":5000,"label":" ","price":8.06},{"type":"B","date":"2018-04-09T01:58:13.000Z","volume":1000,"label":" ","price":8.06},{"type":"A","date":"2018-04-09T02:04:39.000Z","volume":1000,"label":" ","price":8.07},{"type":"A","date":"2018-04-09T02:07:54.000Z","volume":1000,"label":" ","price":8.07},{"type":"B","date":"2018-04-09T02:08:01.000Z","volume":5000,"label":" ","price":8.06},{"type":"B","date":"2018-04-09T02:08:14.000Z","volume":5000,"label":" ","price":8.06},{"type":"B","date":"2018-04-09T02:08:15.000Z","volume":500,"label":" ","price":8.06},{"type":"A","date":"2018-04-09T02:08:31.000Z","volume":500,"label":" ","price":8.07},{"type":"A","date":"2018-04-09T02:14:55.000Z","volume":1000,"label":" ","price":8.07},{"type":"A","date":"2018-04-09T02:19:10.000Z","volume":1000,"label":"Y","price":8.07},{"type":"B","date":"2018-04-09T02:19:11.000Z","volume":500,"label":" ","price":8.06},{"type":"B","date":"2018-04-09T02:20:07.000Z","volume":6000,"label":" ","price":8.06},{"type":"B","date":"2018-04-09T02:20:07.000Z","volume":500,"label":" ","price":8.06},{"type":"A","date":"2018-04-09T02:23:04.000Z","volume":1000,"label":"Y","price":8.07},{"type":"A","date":"2018-04-09T02:25:53.000Z","volume":1000,"label":"Y","price":8.07},{"type":"B","date":"2018-04-09T02:27:38.000Z","volume":6000,"label":" ","price":8.06},{"type":"B","date":"2018-04-09T02:27:39.000Z","volume":1000,"label":" ","price":8.05},{"type":"A","date":"2018-04-09T02:28:21.000Z","volume":500,"label":" ","price":8.06},{"type":"A","date":"2018-04-09T02:38:40.000Z","volume":1000,"label":" ","price":8.06},{"type":"A","date":"2018-04-09T02:39:26.000Z","volume":1000,"label":" ","price":8.06},{"type":"A","date":"2018-04-09T02:39:49.000Z","volume":14000,"label":" ","price":8.06},{"type":"A","date":"2018-04-09T02:39:49.000Z","volume":5000,"label":" ","price":8.06},{"type":"B","date":"2018-04-09T02:39:49.000Z","volume":1000,"label":" ","price":8.05},{"type":"A","date":"2018-04-09T02:39:49.000Z","volume":4000,"label":" ","price":8.06},{"type":"A","date":"2018-04-09T02:40:24.000Z","volume":1000,"label":"Y","price":8.07},{"type":"B","date":"2018-04-09T02:40:25.000Z","volume":500,"label":" ","price":8.06},{"type":"A","date":"2018-04-09T02:43:00.000Z","volume":1000,"label":"Y","price":8.07},{"type":"A","date":"2018-04-09T02:43:13.000Z","volume":500,"label":" ","price":8.07},{"type":"A","date":"2018-04-09T02:45:49.000Z","volume":1000,"label":"Y","price":8.07},{"type":"B","date":"2018-04-09T02:48:12.000Z","volume":2000,"label":" ","price":8.06},{"type":"A","date":"2018-04-09T02:48:12.000Z","volume":1000,"label":"Y","price":8.07},{"type":"B","date":"2018-04-09T02:48:13.000Z","volume":500,"label":" ","price":8.06},{"type":"A","date":"2018-04-09T02:50:48.000Z","volume":1000,"label":" ","price":8.07},{"type":"A","date":"2018-04-09T02:51:27.000Z","volume":1000,"label":"Y","price":8.07},{"type":"A","date":"2018-04-09T02:53:02.000Z","volume":500,"label":" ","price":8.07},{"type":"A","date":"2018-04-09T02:53:11.000Z","volume":1000,"label":"Y","price":8.07},{"type":"B","date":"2018-04-09T02:53:12.000Z","volume":500,"label":" ","price":8.06},{"type":"B","date":"2018-04-09T02:54:06.000Z","volume":10000,"label":" ","price":8.06},{"type":"B","date":"2018-04-09T02:54:07.000Z","volume":1000,"label":" ","price":8.06},{"type":"B","date":"2018-04-09T02:56:47.000Z","volume":5000,"label":" ","price":8.06},{"type":"B","date":"2018-04-09T02:56:48.000Z","volume":500,"label":" ","price":8.06},{"type":"B","date":"2018-04-09T02:57:38.000Z","volume":2000,"label":" ","price":8.06},{"type":"B","date":"2018-04-09T03:01:28.000Z","volume":2000,"label":" ","price":8.06},{"type":"B","date":"2018-04-09T03:01:29.000Z","volume":500,"label":" ","price":8.06},{"type":"B","date":"2018-04-09T03:05:24.000Z","volume":2500,"label":" ","price":8.06},{"type":"B","date":"2018-04-09T03:14:31.000Z","volume":2000,"label":" ","price":8.05},{"type":"B","date":"2018-04-09T03:14:32.000Z","volume":500,"label":" ","price":8.05},{"type":"A","date":"2018-04-09T03:15:56.000Z","volume":1000,"label":" ","price":8.06},{"type":"A","date":"2018-04-09T03:17:07.000Z","volume":1000,"label":" ","price":8.06},{"type":"A","date":"2018-04-09T03:17:32.000Z","volume":500,"label":" ","price":8.06},{"type":"B","date":"2018-04-09T03:20:21.000Z","volume":2000,"label":" ","price":8.05},{"type":"B","date":"2018-04-09T03:20:22.000Z","volume":500,"label":" ","price":8.05},{"type":"A","date":"2018-04-09T03:21:21.000Z","volume":1000,"label":" ","price":8.06},{"type":"A","date":"2018-04-09T03:21:48.000Z","volume":1000,"label":" ","price":8.06},{"type":"B","date":"2018-04-09T03:22:53.000Z","volume":10000,"label":"Y","price":8.05},{"type":"B","date":"2018-04-09T03:22:53.000Z","volume":10000,"label":" ","price":8.05},{"type":"B","date":"2018-04-09T03:22:54.000Z","volume":2500,"label":" ","price":8.05},{"type":"B","date":"2018-04-09T03:25:05.000Z","volume":2000,"label":" ","price":8.05},{"type":"A","date":"2018-04-09T03:25:15.000Z","volume":1000,"label":" ","price":8.06},{"type":"B","date":"2018-04-09T03:25:16.000Z","volume":500,"label":" ","price":8.05},{"type":"A","date":"2018-04-09T03:27:25.000Z","volume":1000,"label":" ","price":8.06},{"type":"A","date":"2018-04-09T03:29:35.000Z","volume":1000,"label":" ","price":8.06},{"type":"A","date":"2018-04-09T03:29:56.000Z","volume":7500,"label":" ","price":8.06},{"type":"B","date":"2018-04-09T03:29:56.000Z","volume":500,"label":" ","price":8.05},{"type":"A","date":"2018-04-09T03:30:19.000Z","volume":1000,"label":" ","price":8.06},{"type":"A","date":"2018-04-09T03:31:33.000Z","volume":500,"label":" ","price":8.06},{"type":"A","date":"2018-04-09T03:32:46.000Z","volume":5000,"label":" ","price":8.06},{"type":"A","date":"2018-04-09T03:33:16.000Z","volume":1000,"label":" ","price":8.06},{"type":"A","date":"2018-04-09T03:37:49.000Z","volume":1000,"label":" ","price":8.06},{"type":"A","date":"2018-04-09T03:39:42.000Z","volume":7500,"label":" ","price":8.06},{"type":"A","date":"2018-04-09T03:41:39.000Z","volume":500,"label":" ","price":8.06},{"type":"A","date":"2018-04-09T03:41:43.000Z","volume":500,"label":"Y","price":8.06},{"type":"A","date":"2018-04-09T03:41:43.000Z","volume":2500,"label":" ","price":8.06},{"type":"A","date":"2018-04-09T03:41:43.000Z","volume":1000,"label":" ","price":8.06},{"type":"A","date":"2018-04-09T03:41:52.000Z","volume":500,"label":" ","price":8.06},{"type":"A","date":"2018-04-09T03:42:00.000Z","volume":10000,"label":" ","price":8.06},{"type":"B","date":"2018-04-09T03:42:00.000Z","volume":500,"label":" ","price":8.05},{"type":"A","date":"2018-04-09T03:45:50.000Z","volume":1000,"label":" ","price":8.06},{"type":"A","date":"2018-04-09T03:47:20.000Z","volume":1000,"label":" ","price":8.06},{"type":"A","date":"2018-04-09T03:47:34.000Z","volume":500,"label":" ","price":8.06},{"type":"B","date":"2018-04-09T03:47:36.000Z","volume":1000,"label":" ","price":8.05},{"type":"B","date":"2018-04-09T03:50:41.000Z","volume":2000,"label":" ","price":8.05},{"type":"A","date":"2018-04-09T03:52:33.000Z","volume":1000,"label":" ","price":8.06},{"type":"A","date":"2018-04-09T03:53:57.000Z","volume":500,"label":" ","price":8.06},{"type":"B","date":"2018-04-09T03:54:07.000Z","volume":500,"label":" ","price":8.05},{"type":"A","date":"2018-04-09T03:54:56.000Z","volume":1000,"label":" ","price":8.06},{"type":"A","date":"2018-04-09T03:55:36.000Z","volume":500,"label":" ","price":8.06},{"type":"A","date":"2018-04-09T03:57:19.000Z","volume":1000,"label":" ","price":8.06},{"type":"B","date":"2018-04-09T03:57:28.000Z","volume":2000,"label":" ","price":8.05},{"type":"B","date":"2018-04-09T03:57:37.000Z","volume":500,"label":" ","price":8.05},{"type":"B","date":"2018-04-09T05:00:00.000Z","volume":1000,"label":" ","price":8.05},{"type":"A","date":"2018-04-09T05:00:09.000Z","volume":1500,"label":" ","price":8.06},{"type":"A","date":"2018-04-09T05:02:52.000Z","volume":500,"label":" ","price":8.06},{"type":"A","date":"2018-04-09T05:04:29.000Z","volume":1000,"label":" ","price":8.06},{"type":"B","date":"2018-04-09T05:06:45.000Z","volume":2000,"label":" ","price":8.05},{"type":"B","date":"2018-04-09T05:06:46.000Z","volume":500,"label":" ","price":8.05},{"type":"A","date":"2018-04-09T05:08:23.000Z","volume":1000,"label":" ","price":8.06},{"type":"A","date":"2018-04-09T05:09:30.000Z","volume":500,"label":"Y","price":8.06},{"type":"A","date":"2018-04-09T05:10:20.000Z","volume":5000,"label":" ","price":8.06},{"type":"A","date":"2018-04-09T05:12:49.000Z","volume":500,"label":" ","price":8.06},{"type":"A","date":"2018-04-09T05:14:27.000Z","volume":1000,"label":" ","price":8.06},{"type":"B","date":"2018-04-09T05:15:17.000Z","volume":1500,"label":" ","price":8.05},{"type":"A","date":"2018-04-09T05:15:38.000Z","volume":3000,"label":" ","price":8.06},{"type":"A","date":"2018-04-09T05:18:01.000Z","volume":500,"label":" ","price":8.06},{"type":"B","date":"2018-04-09T05:18:08.000Z","volume":2000,"label":" ","price":8.05},{"type":"A","date":"2018-04-09T05:20:44.000Z","volume":1000,"label":" ","price":8.06},{"type":"B","date":"2018-04-09T05:22:49.000Z","volume":2000,"label":" ","price":8.05},{"type":"A","date":"2018-04-09T05:25:30.000Z","volume":1000,"label":" ","price":8.06},{"type":"A","date":"2018-04-09T05:27:27.000Z","volume":500,"label":" ","price":8.06},{"type":"B","date":"2018-04-09T05:27:30.000Z","volume":2000,"label":" ","price":8.05},{"type":"A","date":"2018-04-09T05:30:16.000Z","volume":1000,"label":" ","price":8.06},{"type":"B","date":"2018-04-09T05:31:30.000Z","volume":2000,"label":" ","price":8.05},{"type":"B","date":"2018-04-09T05:31:49.000Z","volume":2000,"label":" ","price":8.05},{"type":"A","date":"2018-04-09T05:33:36.000Z","volume":500,"label":" ","price":8.06},{"type":"B","date":"2018-04-09T05:37:16.000Z","volume":2000,"label":" ","price":8.05},{"type":"B","date":"2018-04-09T05:37:57.000Z","volume":2000,"label":" ","price":8.05},{"type":"A","date":"2018-04-09T05:41:39.000Z","volume":1000,"label":" ","price":8.06},{"type":"A","date":"2018-04-09T05:42:10.000Z","volume":500,"label":" ","price":8.06},{"type":"B","date":"2018-04-09T05:42:30.000Z","volume":2000,"label":" ","price":8.05},{"type":"A","date":"2018-04-09T05:43:42.000Z","volume":1000,"label":" ","price":8.06},{"type":"A","date":"2018-04-09T05:45:39.000Z","volume":1000,"label":" ","price":8.06},{"type":"B","date":"2018-04-09T05:48:00.000Z","volume":1500,"label":" ","price":8.05},{"type":"A","date":"2018-04-09T05:49:20.000Z","volume":1000,"label":" ","price":8.06},{"type":"A","date":"2018-04-09T05:50:10.000Z","volume":500,"label":" ","price":8.06},{"type":"B","date":"2018-04-09T05:50:31.000Z","volume":4000,"label":" ","price":8.05},{"type":"B","date":"2018-04-09T05:51:30.000Z","volume":1500,"label":" ","price":8.05},{"type":"B","date":"2018-04-09T05:52:15.000Z","volume":6000,"label":" ","price":8.05},{"type":"A","date":"2018-04-09T05:54:45.000Z","volume":1000,"label":" ","price":8.06},{"type":"B","date":"2018-04-09T05:56:06.000Z","volume":4000,"label":" ","price":8.05},{"type":"A","date":"2018-04-09T05:57:21.000Z","volume":1000,"label":" ","price":8.06},{"type":"B","date":"2018-04-09T05:58:00.000Z","volume":1500,"label":" ","price":8.05},{"type":"B","date":"2018-04-09T06:00:30.000Z","volume":1500,"label":" ","price":8.05},{"type":"A","date":"2018-04-09T06:01:15.000Z","volume":1000,"label":" ","price":8.06},{"type":"A","date":"2018-04-09T06:06:21.000Z","volume":500,"label":" ","price":8.06},{"type":"A","date":"2018-04-09T06:06:27.000Z","volume":1000,"label":" ","price":8.06},{"type":"B","date":"2018-04-09T06:07:00.000Z","volume":1500,"label":" ","price":8.05},{"type":"A","date":"2018-04-09T06:09:19.000Z","volume":500,"label":" ","price":8.06},{"type":"A","date":"2018-04-09T06:10:08.000Z","volume":500,"label":" ","price":8.06},{"type":"B","date":"2018-04-09T06:11:00.000Z","volume":2000,"label":" ","price":8.05},{"type":"B","date":"2018-04-09T06:12:13.000Z","volume":10000,"label":" ","price":8.05},{"type":"A","date":"2018-04-09T06:16:58.000Z","volume":3000,"label":" ","price":8.06},{"type":"A","date":"2018-04-09T06:17:42.000Z","volume":500,"label":" ","price":8.06},{"type":"A","date":"2018-04-09T06:22:16.000Z","volume":1000,"label":" ","price":8.06},{"type":"A","date":"2018-04-09T06:24:20.000Z","volume":1000,"label":" ","price":8.06},{"type":"B","date":"2018-04-09T06:25:04.000Z","volume":6000,"label":" ","price":8.05},{"type":"B","date":"2018-04-09T06:25:30.000Z","volume":2500,"label":" ","price":8.05},{"type":"A","date":"2018-04-09T06:25:44.000Z","volume":1000,"label":" ","price":8.06},{"type":"B","date":"2018-04-09T06:28:30.000Z","volume":2500,"label":" ","price":8.05},{"type":"A","date":"2018-04-09T06:28:44.000Z","volume":12500,"label":" ","price":8.06},{"type":"A","date":"2018-04-09T06:28:46.000Z","volume":1000,"label":" ","price":8.06},{"type":"A","date":"2018-04-09T06:30:56.000Z","volume":1000,"label":" ","price":8.06},{"type":"A","date":"2018-04-09T06:31:55.000Z","volume":500,"label":" ","price":8.06},{"type":"B","date":"2018-04-09T06:32:06.000Z","volume":2000,"label":" ","price":8.05},{"type":"A","date":"2018-04-09T06:37:26.000Z","volume":500,"label":" ","price":8.06},{"type":"A","date":"2018-04-09T06:38:40.000Z","volume":9500,"label":" ","price":8.06},{"type":"A","date":"2018-04-09T06:38:40.000Z","volume":500,"label":"Y","price":8.06},{"type":"A","date":"2018-04-09T06:38:40.000Z","volume":9500,"label":" ","price":8.06},{"type":"A","date":"2018-04-09T06:39:48.000Z","volume":500,"label":" ","price":8.06},{"type":"A","date":"2018-04-09T06:40:15.000Z","volume":1000,"label":" ","price":8.06},{"type":"B","date":"2018-04-09T06:42:59.000Z","volume":4000,"label":" ","price":8.05},{"type":"A","date":"2018-04-09T06:43:04.000Z","volume":1000,"label":" ","price":8.06},{"type":"A","date":"2018-04-09T06:45:14.000Z","volume":1000,"label":" ","price":8.06},{"type":"A","date":"2018-04-09T06:45:53.000Z","volume":1000,"label":" ","price":8.06},{"type":"A","date":"2018-04-09T06:46:54.000Z","volume":500,"label":" ","price":8.06},{"type":"A","date":"2018-04-09T06:48:16.000Z","volume":9000,"label":" ","price":8.06},{"type":"A","date":"2018-04-09T06:48:42.000Z","volume":1000,"label":" ","price":8.06},{"type":"A","date":"2018-04-09T06:51:44.000Z","volume":1000,"label":" ","price":8.06},{"type":"A","date":"2018-04-09T06:52:34.000Z","volume":500,"label":" ","price":8.06},{"type":"A","date":"2018-04-09T06:53:32.000Z","volume":500,"label":" ","price":8.06},{"type":"A","date":"2018-04-09T06:54:59.000Z","volume":1000,"label":" ","price":8.06},{"type":"B","date":"2018-04-09T06:56:43.000Z","volume":2000,"label":" ","price":8.05},{"type":"A","date":"2018-04-09T06:58:00.000Z","volume":1000,"label":" ","price":8.06},{"type":"A","date":"2018-04-09T07:00:24.000Z","volume":1000,"label":" ","price":8.06},{"type":"A","date":"2018-04-09T07:00:38.000Z","volume":1000,"label":" ","price":8.06},{"type":"A","date":"2018-04-09T07:02:47.000Z","volume":1000,"label":" ","price":8.06},{"type":"A","date":"2018-04-09T07:05:49.000Z","volume":1000,"label":" ","price":8.06},{"type":"A","date":"2018-04-09T07:07:15.000Z","volume":500,"label":" ","price":8.06},{"type":"A","date":"2018-04-09T07:07:20.000Z","volume":5000,"label":" ","price":8.06},{"type":"A","date":"2018-04-09T07:07:26.000Z","volume":1500,"label":" ","price":8.06},{"type":"A","date":"2018-04-09T07:09:04.000Z","volume":1000,"label":" ","price":8.06},{"type":"A","date":"2018-04-09T07:09:30.000Z","volume":1000,"label":" ","price":8.06},{"type":"A","date":"2018-04-09T07:09:31.000Z","volume":500,"label":" ","price":8.06},{"type":"A","date":"2018-04-09T07:09:37.000Z","volume":500,"label":" ","price":8.06},{"type":"A","date":"2018-04-09T07:12:32.000Z","volume":1000,"label":" ","price":8.06},{"type":"A","date":"2018-04-09T07:12:34.000Z","volume":500,"label":" ","price":8.06},{"type":"A","date":"2018-04-09T07:14:55.000Z","volume":1000,"label":" ","price":8.06},{"type":"A","date":"2018-04-09T07:14:58.000Z","volume":1000,"label":" ","price":8.06},{"type":"A","date":"2018-04-09T07:17:05.000Z","volume":1000,"label":" ","price":8.06},{"type":"A","date":"2018-04-09T07:18:14.000Z","volume":500,"label":" ","price":8.06},{"type":"A","date":"2018-04-09T07:19:42.000Z","volume":500,"label":" ","price":8.06},{"type":"A","date":"2018-04-09T07:20:07.000Z","volume":1000,"label":" ","price":8.06},{"type":"A","date":"2018-04-09T07:23:09.000Z","volume":1000,"label":" ","price":8.06},{"type":"B","date":"2018-04-09T07:25:30.000Z","volume":1000,"label":" ","price":8.05},{"type":"A","date":"2018-04-09T07:26:19.000Z","volume":500,"label":" ","price":8.06},{"type":"B","date":"2018-04-09T07:26:19.000Z","volume":500,"label":" ","price":8.05},{"type":"A","date":"2018-04-09T07:26:24.000Z","volume":1000,"label":" ","price":8.06},{"type":"B","date":"2018-04-09T07:27:00.000Z","volume":1000,"label":" ","price":8.05},{"type":"A","date":"2018-04-09T07:28:16.000Z","volume":1000,"label":" ","price":8.06},{"type":"B","date":"2018-04-09T07:28:30.000Z","volume":500,"label":" ","price":8.05},{"type":"A","date":"2018-04-09T07:29:52.000Z","volume":1000,"label":" ","price":8.06},{"type":"B","date":"2018-04-09T07:30:00.000Z","volume":500,"label":" ","price":8.05},{"type":"A","date":"2018-04-09T07:32:42.000Z","volume":500,"label":" ","price":8.06},{"type":"A","date":"2018-04-09T07:33:46.000Z","volume":1000,"label":" ","price":8.06},{"type":"A","date":"2018-04-09T07:33:51.000Z","volume":1000,"label":" ","price":8.06},{"type":"B","date":"2018-04-09T07:33:51.000Z","volume":500,"label":" ","price":8.05},{"type":"B","date":"2018-04-09T07:33:51.000Z","volume":500,"label":" ","price":8.05},{"type":"A","date":"2018-04-09T07:33:59.000Z","volume":1000,"label":" ","price":8.06},{"type":"B","date":"2018-04-09T07:34:30.000Z","volume":500,"label":" ","price":8.05},{"type":"A","date":"2018-04-09T07:37:40.000Z","volume":1000,"label":" ","price":8.06},{"type":"A","date":"2018-04-09T07:38:43.000Z","volume":1500,"label":" ","price":8.06},{"type":"A","date":"2018-04-09T07:38:45.000Z","volume":500,"label":" ","price":8.06},{"type":"A","date":"2018-04-09T07:39:24.000Z","volume":1000,"label":" ","price":8.06},{"type":"A","date":"2018-04-09T07:40:29.000Z","volume":1000,"label":" ","price":8.06},{"type":"A","date":"2018-04-09T07:40:54.000Z","volume":1000,"label":" ","price":8.06},{"type":"A","date":"2018-04-09T07:41:22.000Z","volume":1500,"label":" ","price":8.06},{"type":"A","date":"2018-04-09T07:41:29.000Z","volume":500,"label":" ","price":8.06},{"type":"A","date":"2018-04-09T07:41:34.000Z","volume":1000,"label":" ","price":8.06},{"type":"A","date":"2018-04-09T07:43:05.000Z","volume":1000,"label":" ","price":8.06},{"type":"A","date":"2018-04-09T07:44:58.000Z","volume":3000,"label":" ","price":8.06},{"type":"A","date":"2018-04-09T07:45:20.000Z","volume":2000,"label":" ","price":8.06},{"type":"A","date":"2018-04-09T07:45:28.000Z","volume":1000,"label":" ","price":8.06},{"type":"B","date":"2018-04-09T07:47:00.000Z","volume":2500,"label":" ","price":8.05},{"type":"A","date":"2018-04-09T07:47:51.000Z","volume":1000,"label":" ","price":8.06},{"type":"A","date":"2018-04-09T07:49:00.000Z","volume":1500,"label":" ","price":8.06},{"type":"A","date":"2018-04-09T07:49:22.000Z","volume":1000,"label":" ","price":8.06},{"type":"B","date":"2018-04-09T07:49:30.000Z","volume":500,"label":" ","price":8.05},{"type":"A","date":"2018-04-09T07:50:14.000Z","volume":1000,"label":" ","price":8.06},{"type":"A","date":"2018-04-09T07:51:00.000Z","volume":1000,"label":" ","price":8.06},{"type":"A","date":"2018-04-09T07:52:37.000Z","volume":1000,"label":" ","price":8.06},{"type":"A","date":"2018-04-09T07:52:55.000Z","volume":1500,"label":" ","price":8.06},{"type":"A","date":"2018-04-09T07:54:08.000Z","volume":1000,"label":" ","price":8.06},{"type":"A","date":"2018-04-09T07:54:17.000Z","volume":10000,"label":" ","price":8.06},{"type":"A","date":"2018-04-09T07:55:26.000Z","volume":1000,"label":" ","price":8.06},{"type":"A","date":"2018-04-09T07:55:34.000Z","volume":4500,"label":" ","price":8.06},{"type":"A","date":"2018-04-09T07:56:05.000Z","volume":1000,"label":" ","price":8.06},{"type":"A","date":"2018-04-09T07:56:57.000Z","volume":1000,"label":" ","price":8.06},{"type":"B","date":"2018-04-09T07:58:12.000Z","volume":39000,"label":" ","price":8.05},{"type":"A","date":"2018-04-09T07:58:26.000Z","volume":10000,"label":" ","price":8.06},{"type":"B","date":"2018-04-09T07:58:47.000Z","volume":3000,"label":" ","price":8.05},{"type":"A","date":"2018-04-09T07:59:02.000Z","volume":1500,"label":" ","price":8.06},{"type":"A","date":"2018-04-09T07:59:02.000Z","volume":500,"label":" ","price":8.06},{"type":"A","date":"2018-04-09T07:59:02.000Z","volume":2500,"label":" ","price":8.06},{"type":"A","date":"2018-04-09T07:59:03.000Z","volume":500,"label":" ","price":8.06},{"type":"A","date":"2018-04-09T07:59:06.000Z","volume":500,"label":" ","price":8.06},{"type":"A","date":"2018-04-09T07:59:22.000Z","volume":500,"label":" ","price":8.06},{"type":"A","date":"2018-04-09T07:59:31.000Z","volume":500,"label":" ","price":8.06},{"type":"U","date":"2018-04-09T08:08:10.000Z","volume":52000,"label":"U","price":8.04}]