[{"type":"U","date":"2018-03-29T01:20:00.000Z","volume":16000,"label":"U","price":0.51},{"type":"B","date":"2018-03-29T01:30:02.000Z","volume":16000,"label":" ","price":0.51},{"type":"A","date":"2018-03-29T01:30:35.000Z","volume":20000,"label":" ","price":0.52},{"type":"A","date":"2018-03-29T01:32:44.000Z","volume":34000,"label":" ","price":0.52},{"type":"A","date":"2018-03-29T01:32:44.000Z","volume":38000,"label":" ","price":0.52},{"type":"B","date":"2018-03-29T01:34:04.000Z","volume":20000,"label":" ","price":0.52},{"type":"B","date":"2018-03-29T01:53:31.000Z","volume":100000,"label":" ","price":0.51},{"type":"B","date":"2018-03-29T01:53:36.000Z","volume":36000,"label":" ","price":0.51},{"type":"B","date":"2018-03-29T01:53:39.000Z","volume":100000,"label":" ","price":0.51},{"type":"B","date":"2018-03-29T01:53:45.000Z","volume":22000,"label":" ","price":0.51},{"type":"A","date":"2018-03-29T01:58:21.000Z","volume":2000,"label":" ","price":0.51},{"type":"B","date":"2018-03-29T02:06:37.000Z","volume":18000,"label":" ","price":0.5},{"type":"B","date":"2018-03-29T02:07:57.000Z","volume":10000,"label":" ","price":0.5},{"type":"B","date":"2018-03-29T02:09:23.000Z","volume":50000,"label":" ","price":0.5},{"type":"A","date":"2018-03-29T02:10:10.000Z","volume":82000,"label":" ","price":0.51},{"type":"A","date":"2018-03-29T02:26:00.000Z","volume":126000,"label":" ","price":0.51},{"type":"A","date":"2018-03-29T02:27:05.000Z","volume":52000,"label":" ","price":0.51},{"type":"B","date":"2018-03-29T02:27:38.000Z","volume":100000,"label":" ","price":0.51},{"type":"B","date":"2018-03-29T02:28:29.000Z","volume":10000,"label":" ","price":0.51},{"type":"B","date":"2018-03-29T02:46:35.000Z","volume":26000,"label":" ","price":0.51},{"type":"A","date":"2018-03-29T02:46:42.000Z","volume":14000,"label":" ","price":0.51},{"type":"B","date":"2018-03-29T02:51:41.000Z","volume":50000,"label":" ","price":0.51},{"type":"B","date":"2018-03-29T03:18:13.000Z","volume":70000,"label":" ","price":0.51},{"type":"B","date":"2018-03-29T03:21:35.000Z","volume":6000,"label":" ","price":0.51},{"type":"B","date":"2018-03-29T03:23:03.000Z","volume":94000,"label":" ","price":0.51},{"type":"B","date":"2018-03-29T03:40:03.000Z","volume":52000,"label":" ","price":0.51},{"type":"B","date":"2018-03-29T03:49:27.000Z","volume":6000,"label":" ","price":0.5},{"type":"B","date":"2018-03-29T03:50:18.000Z","volume":20000,"label":"Y","price":0.5},{"type":"B","date":"2018-03-29T03:50:18.000Z","volume":276000,"label":" ","price":0.5},{"type":"B","date":"2018-03-29T03:52:52.000Z","volume":52000,"label":"Y","price":0.5},{"type":"B","date":"2018-03-29T03:55:13.000Z","volume":100000,"label":" ","price":0.5},{"type":"B","date":"2018-03-29T03:58:36.000Z","volume":16000,"label":" ","price":0.5},{"type":"A","date":"2018-03-29T03:59:10.000Z","volume":28000,"label":" ","price":0.51},{"type":"A","date":"2018-03-29T05:04:08.000Z","volume":2000,"label":" ","price":0.51},{"type":"B","date":"2018-03-29T05:15:24.000Z","volume":10000,"label":" ","price":0.5},{"type":"B","date":"2018-03-29T05:16:31.000Z","volume":50000,"label":" ","price":0.5},{"type":"A","date":"2018-03-29T05:24:03.000Z","volume":20000,"label":" ","price":0.51},{"type":"A","date":"2018-03-29T05:43:43.000Z","volume":6000,"label":" ","price":0.51},{"type":"A","date":"2018-03-29T05:46:03.000Z","volume":30000,"label":" ","price":0.51},{"type":"A","date":"2018-03-29T05:57:59.000Z","volume":2000,"label":" ","price":0.52},{"type":"A","date":"2018-03-29T06:04:35.000Z","volume":14000,"label":" ","price":0.52},{"type":"A","date":"2018-03-29T06:04:45.000Z","volume":300000,"label":" ","price":0.52},{"type":"A","date":"2018-03-29T06:04:57.000Z","volume":206000,"label":" ","price":0.52},{"type":"A","date":"2018-03-29T06:10:21.000Z","volume":2000,"label":" ","price":0.53},{"type":"B","date":"2018-03-29T06:10:59.000Z","volume":28000,"label":" ","price":0.52},{"type":"B","date":"2018-03-29T06:11:05.000Z","volume":30000,"label":" ","price":0.52},{"type":"A","date":"2018-03-29T06:11:31.000Z","volume":2000,"label":" ","price":0.53},{"type":"A","date":"2018-03-29T06:24:46.000Z","volume":70000,"label":" ","price":0.53},{"type":"A","date":"2018-03-29T06:43:50.000Z","volume":60000,"label":" ","price":0.53},{"type":"A","date":"2018-03-29T06:44:18.000Z","volume":40000,"label":" ","price":0.53},{"type":"B","date":"2018-03-29T06:56:02.000Z","volume":80000,"label":" ","price":0.52},{"type":"B","date":"2018-03-29T06:56:25.000Z","volume":10000,"label":" ","price":0.52},{"type":"B","date":"2018-03-29T06:56:25.000Z","volume":2000,"label":" ","price":0.52},{"type":"A","date":"2018-03-29T07:17:53.000Z","volume":4000,"label":" ","price":0.52},{"type":"B","date":"2018-03-29T07:29:47.000Z","volume":200000,"label":" ","price":0.51},{"type":"B","date":"2018-03-29T07:30:29.000Z","volume":46000,"label":" ","price":0.51},{"type":"B","date":"2018-03-29T07:31:05.000Z","volume":16000,"label":" ","price":0.51},{"type":"B","date":"2018-03-29T07:32:09.000Z","volume":100000,"label":" ","price":0.51},{"type":"B","date":"2018-03-29T07:32:30.000Z","volume":98000,"label":" ","price":0.51},{"type":"A","date":"2018-03-29T07:32:46.000Z","volume":2000,"label":" ","price":0.51},{"type":"B","date":"2018-03-29T07:33:48.000Z","volume":50000,"label":" ","price":0.51},{"type":"B","date":"2018-03-29T07:33:51.000Z","volume":48000,"label":" ","price":0.51},{"type":"B","date":"2018-03-29T07:46:22.000Z","volume":30000,"label":" ","price":0.5},{"type":"A","date":"2018-03-29T07:56:19.000Z","volume":2000,"label":" ","price":0.52},{"type":"A","date":"2018-03-29T07:58:23.000Z","volume":2000,"label":" ","price":0.51},{"type":"A","date":"2018-03-29T07:59:07.000Z","volume":2000,"label":" ","price":0.51},{"type":"A","date":"2018-03-29T07:59:08.000Z","volume":2000,"label":" ","price":0.52}]