[{"type":"A","date":"2018-04-25T01:46:47.000Z","volume":4000,"label":" ","price":3.98},{"type":"B","date":"2018-04-25T02:10:39.000Z","volume":2000,"label":" ","price":3.99},{"type":"A","date":"2018-04-25T02:20:52.000Z","volume":56000,"label":" ","price":4},{"type":"A","date":"2018-04-25T02:20:52.000Z","volume":2000,"label":" ","price":4},{"type":"U","date":"2018-04-25T02:20:52.000Z","volume":2000,"label":" ","price":3.99},{"type":"U","date":"2018-04-25T02:20:52.000Z","volume":20000,"label":" ","price":3.99},{"type":"B","date":"2018-04-25T02:20:52.000Z","volume":12000,"label":" ","price":3.98},{"type":"A","date":"2018-04-25T02:20:52.000Z","volume":4000,"label":"Y","price":4},{"type":"A","date":"2018-04-25T02:20:54.000Z","volume":16000,"label":" ","price":4},{"type":"A","date":"2018-04-25T02:20:55.000Z","volume":2000,"label":"Y","price":4},{"type":"A","date":"2018-04-25T02:20:57.000Z","volume":2000,"label":"Y","price":4},{"type":"B","date":"2018-04-25T02:23:21.000Z","volume":18000,"label":" ","price":3.99},{"type":"B","date":"2018-04-25T02:23:21.000Z","volume":2000,"label":" ","price":3.99},{"type":"A","date":"2018-04-25T02:23:21.000Z","volume":2000,"label":" ","price":4},{"type":"A","date":"2018-04-25T02:23:23.000Z","volume":4000,"label":" ","price":4},{"type":"B","date":"2018-04-25T02:23:25.000Z","volume":4000,"label":" ","price":3.99},{"type":"B","date":"2018-04-25T02:23:25.000Z","volume":4000,"label":" ","price":3.99},{"type":"B","date":"2018-04-25T02:23:25.000Z","volume":4000,"label":" ","price":3.99},{"type":"A","date":"2018-04-25T02:23:26.000Z","volume":2000,"label":"Y","price":4},{"type":"A","date":"2018-04-25T02:23:26.000Z","volume":2000,"label":"Y","price":4},{"type":"A","date":"2018-04-25T02:34:22.000Z","volume":2000,"label":" ","price":4},{"type":"A","date":"2018-04-25T02:38:00.000Z","volume":34000,"label":" ","price":4},{"type":"A","date":"2018-04-25T02:38:00.000Z","volume":10000,"label":" ","price":4},{"type":"B","date":"2018-04-25T02:38:00.000Z","volume":2000,"label":" ","price":4},{"type":"A","date":"2018-04-25T02:38:01.000Z","volume":2000,"label":" ","price":4},{"type":"A","date":"2018-04-25T02:38:01.000Z","volume":2000,"label":" ","price":4},{"type":"A","date":"2018-04-25T02:38:05.000Z","volume":2000,"label":" ","price":4},{"type":"A","date":"2018-04-25T02:38:07.000Z","volume":8000,"label":" ","price":4},{"type":"A","date":"2018-04-25T02:38:07.000Z","volume":2000,"label":"Y","price":4},{"type":"B","date":"2018-04-25T02:40:50.000Z","volume":26000,"label":" ","price":3.99},{"type":"B","date":"2018-04-25T02:40:50.000Z","volume":4000,"label":" ","price":3.99},{"type":"B","date":"2018-04-25T02:40:50.000Z","volume":10000,"label":" ","price":3.99},{"type":"A","date":"2018-04-25T02:40:52.000Z","volume":2000,"label":" ","price":4},{"type":"A","date":"2018-04-25T02:40:54.000Z","volume":2000,"label":" ","price":4},{"type":"A","date":"2018-04-25T02:40:55.000Z","volume":4000,"label":" ","price":4},{"type":"A","date":"2018-04-25T02:40:55.000Z","volume":2000,"label":" ","price":4},{"type":"A","date":"2018-04-25T02:40:58.000Z","volume":2000,"label":" ","price":4},{"type":"B","date":"2018-04-25T02:52:04.000Z","volume":2000,"label":" ","price":3.99},{"type":"B","date":"2018-04-25T02:55:13.000Z","volume":2000,"label":" ","price":3.99},{"type":"A","date":"2018-04-25T02:55:13.000Z","volume":2000,"label":" ","price":4},{"type":"A","date":"2018-04-25T02:59:46.000Z","volume":2000,"label":" ","price":4},{"type":"A","date":"2018-04-25T03:10:14.000Z","volume":2000,"label":" ","price":4},{"type":"A","date":"2018-04-25T03:13:19.000Z","volume":2000,"label":" ","price":4},{"type":"A","date":"2018-04-25T03:13:19.000Z","volume":2000,"label":" ","price":4},{"type":"A","date":"2018-04-25T03:16:20.000Z","volume":2000,"label":" ","price":4},{"type":"A","date":"2018-04-25T03:16:20.000Z","volume":2000,"label":" ","price":4},{"type":"A","date":"2018-04-25T03:22:02.000Z","volume":2000,"label":" ","price":4},{"type":"A","date":"2018-04-25T03:22:02.000Z","volume":2000,"label":" ","price":4},{"type":"A","date":"2018-04-25T03:25:34.000Z","volume":2000,"label":" ","price":4},{"type":"A","date":"2018-04-25T03:26:29.000Z","volume":2000,"label":" ","price":4},{"type":"A","date":"2018-04-25T03:28:35.000Z","volume":2000,"label":" ","price":4},{"type":"A","date":"2018-04-25T03:48:40.000Z","volume":6000,"label":" ","price":4},{"type":"A","date":"2018-04-25T03:48:40.000Z","volume":8000,"label":" ","price":4},{"type":"A","date":"2018-04-25T03:48:40.000Z","volume":2000,"label":" ","price":4},{"type":"A","date":"2018-04-25T03:48:40.000Z","volume":2000,"label":" ","price":4},{"type":"A","date":"2018-04-25T03:48:40.000Z","volume":4000,"label":" ","price":4},{"type":"A","date":"2018-04-25T03:48:40.000Z","volume":2000,"label":" ","price":4},{"type":"A","date":"2018-04-25T03:48:40.000Z","volume":2000,"label":" ","price":4},{"type":"A","date":"2018-04-25T03:48:50.000Z","volume":2000,"label":"Y","price":4.01},{"type":"A","date":"2018-04-25T03:53:45.000Z","volume":2000,"label":" ","price":4.01},{"type":"B","date":"2018-04-25T03:53:53.000Z","volume":2000,"label":" ","price":4},{"type":"B","date":"2018-04-25T03:53:53.000Z","volume":4000,"label":" ","price":4},{"type":"A","date":"2018-04-25T03:57:50.000Z","volume":4000,"label":" ","price":4.01},{"type":"A","date":"2018-04-25T05:00:00.000Z","volume":2000,"label":" ","price":4},{"type":"A","date":"2018-04-25T05:02:16.000Z","volume":2000,"label":" ","price":4},{"type":"A","date":"2018-04-25T05:05:20.000Z","volume":2000,"label":" ","price":4},{"type":"A","date":"2018-04-25T05:05:37.000Z","volume":10000,"label":" ","price":4},{"type":"A","date":"2018-04-25T05:05:40.000Z","volume":2000,"label":"Y","price":4},{"type":"B","date":"2018-04-25T05:05:54.000Z","volume":42000,"label":" ","price":3.99},{"type":"B","date":"2018-04-25T05:05:54.000Z","volume":20000,"label":" ","price":3.99},{"type":"A","date":"2018-04-25T05:05:56.000Z","volume":8000,"label":" ","price":4},{"type":"B","date":"2018-04-25T05:06:05.000Z","volume":4000,"label":" ","price":3.99},{"type":"B","date":"2018-04-25T05:06:05.000Z","volume":14000,"label":" ","price":3.99},{"type":"B","date":"2018-04-25T05:06:05.000Z","volume":8000,"label":" ","price":3.99},{"type":"B","date":"2018-04-25T05:06:15.000Z","volume":4000,"label":" ","price":3.99},{"type":"B","date":"2018-04-25T05:06:17.000Z","volume":2000,"label":" ","price":3.99},{"type":"A","date":"2018-04-25T05:06:18.000Z","volume":14000,"label":" ","price":3.99},{"type":"A","date":"2018-04-25T05:06:18.000Z","volume":2000,"label":" ","price":3.99},{"type":"A","date":"2018-04-25T05:06:19.000Z","volume":4000,"label":" ","price":3.99},{"type":"A","date":"2018-04-25T05:06:19.000Z","volume":2000,"label":" ","price":3.99},{"type":"A","date":"2018-04-25T05:06:20.000Z","volume":2000,"label":" ","price":3.99},{"type":"A","date":"2018-04-25T05:10:25.000Z","volume":4000,"label":" ","price":4},{"type":"A","date":"2018-04-25T05:10:52.000Z","volume":8000,"label":" ","price":3.99},{"type":"A","date":"2018-04-25T05:10:52.000Z","volume":2000,"label":" ","price":3.99},{"type":"A","date":"2018-04-25T05:22:19.000Z","volume":10000,"label":" ","price":3.99},{"type":"B","date":"2018-04-25T05:23:25.000Z","volume":2000,"label":" ","price":3.99},{"type":"A","date":"2018-04-25T05:23:25.000Z","volume":2000,"label":"Y","price":4},{"type":"B","date":"2018-04-25T05:29:41.000Z","volume":4000,"label":" ","price":3.99},{"type":"A","date":"2018-04-25T05:35:54.000Z","volume":2000,"label":" ","price":4},{"type":"A","date":"2018-04-25T05:42:07.000Z","volume":2000,"label":" ","price":4},{"type":"B","date":"2018-04-25T05:42:23.000Z","volume":20000,"label":" ","price":3.99},{"type":"B","date":"2018-04-25T05:42:23.000Z","volume":2000,"label":" ","price":3.99},{"type":"B","date":"2018-04-25T05:42:23.000Z","volume":6000,"label":" ","price":3.99},{"type":"B","date":"2018-04-25T05:42:23.000Z","volume":2000,"label":" ","price":3.99},{"type":"A","date":"2018-04-25T05:42:24.000Z","volume":2000,"label":"Y","price":4},{"type":"A","date":"2018-04-25T05:51:06.000Z","volume":8000,"label":" ","price":3.99},{"type":"A","date":"2018-04-25T05:51:06.000Z","volume":2000,"label":" ","price":3.99},{"type":"A","date":"2018-04-25T05:51:10.000Z","volume":2000,"label":" ","price":3.99},{"type":"A","date":"2018-04-25T05:52:26.000Z","volume":10000,"label":" ","price":3.99},{"type":"A","date":"2018-04-25T05:52:26.000Z","volume":2000,"label":" ","price":3.99},{"type":"A","date":"2018-04-25T05:52:30.000Z","volume":2000,"label":" ","price":3.99},{"type":"A","date":"2018-04-25T06:01:35.000Z","volume":8000,"label":" ","price":3.99},{"type":"A","date":"2018-04-25T06:01:35.000Z","volume":2000,"label":" ","price":3.99},{"type":"B","date":"2018-04-25T06:05:28.000Z","volume":2000,"label":" ","price":3.98},{"type":"A","date":"2018-04-25T06:05:30.000Z","volume":2000,"label":" ","price":3.99},{"type":"A","date":"2018-04-25T06:05:36.000Z","volume":2000,"label":"Y","price":3.99},{"type":"A","date":"2018-04-25T06:08:35.000Z","volume":2000,"label":" ","price":3.99},{"type":"A","date":"2018-04-25T06:10:52.000Z","volume":8000,"label":" ","price":3.99},{"type":"A","date":"2018-04-25T06:10:52.000Z","volume":2000,"label":" ","price":3.99},{"type":"A","date":"2018-04-25T06:10:52.000Z","volume":2000,"label":" ","price":3.99},{"type":"A","date":"2018-04-25T06:11:01.000Z","volume":10000,"label":" ","price":3.99},{"type":"A","date":"2018-04-25T06:11:05.000Z","volume":2000,"label":" ","price":3.99},{"type":"A","date":"2018-04-25T06:13:00.000Z","volume":12000,"label":" ","price":3.99},{"type":"A","date":"2018-04-25T06:13:02.000Z","volume":2000,"label":"Y","price":4},{"type":"A","date":"2018-04-25T06:17:05.000Z","volume":2000,"label":" ","price":4},{"type":"A","date":"2018-04-25T06:23:19.000Z","volume":4000,"label":" ","price":4},{"type":"A","date":"2018-04-25T06:26:52.000Z","volume":4000,"label":" ","price":4},{"type":"A","date":"2018-04-25T06:27:20.000Z","volume":2000,"label":" ","price":4},{"type":"A","date":"2018-04-25T06:38:55.000Z","volume":2000,"label":" ","price":4},{"type":"A","date":"2018-04-25T06:38:55.000Z","volume":2000,"label":" ","price":4},{"type":"A","date":"2018-04-25T06:42:34.000Z","volume":2000,"label":" ","price":4},{"type":"A","date":"2018-04-25T06:42:35.000Z","volume":2000,"label":" ","price":4},{"type":"A","date":"2018-04-25T06:52:21.000Z","volume":2000,"label":" ","price":4},{"type":"A","date":"2018-04-25T06:52:21.000Z","volume":4000,"label":" ","price":4},{"type":"A","date":"2018-04-25T06:52:26.000Z","volume":2000,"label":"Y","price":4},{"type":"A","date":"2018-04-25T06:54:52.000Z","volume":2000,"label":" ","price":4},{"type":"A","date":"2018-04-25T06:54:54.000Z","volume":80000,"label":" ","price":4},{"type":"B","date":"2018-04-25T06:54:54.000Z","volume":2000,"label":" ","price":4},{"type":"B","date":"2018-04-25T06:54:54.000Z","volume":42000,"label":" ","price":4},{"type":"A","date":"2018-04-25T06:54:56.000Z","volume":8000,"label":"Y","price":4.01},{"type":"A","date":"2018-04-25T06:55:01.000Z","volume":4000,"label":"Y","price":4.01},{"type":"A","date":"2018-04-25T06:57:26.000Z","volume":2000,"label":" ","price":4.01},{"type":"A","date":"2018-04-25T07:00:02.000Z","volume":2000,"label":" ","price":4.01},{"type":"A","date":"2018-04-25T07:03:08.000Z","volume":2000,"label":" ","price":4.01},{"type":"A","date":"2018-04-25T07:03:08.000Z","volume":2000,"label":" ","price":4.01},{"type":"B","date":"2018-04-25T07:03:41.000Z","volume":4000,"label":" ","price":4},{"type":"A","date":"2018-04-25T07:06:19.000Z","volume":2000,"label":" ","price":4.01},{"type":"A","date":"2018-04-25T07:06:30.000Z","volume":140000,"label":" ","price":4.01},{"type":"B","date":"2018-04-25T07:06:30.000Z","volume":4000,"label":" ","price":4.01},{"type":"A","date":"2018-04-25T07:06:30.000Z","volume":16000,"label":" ","price":4.02},{"type":"A","date":"2018-04-25T07:06:31.000Z","volume":8000,"label":"Y","price":4.02},{"type":"A","date":"2018-04-25T07:06:37.000Z","volume":2000,"label":"Y","price":4.02},{"type":"A","date":"2018-04-25T07:08:32.000Z","volume":6000,"label":" ","price":4.02},{"type":"A","date":"2018-04-25T07:08:36.000Z","volume":2000,"label":"Y","price":4.02},{"type":"B","date":"2018-04-25T07:09:55.000Z","volume":2000,"label":" ","price":4.01},{"type":"B","date":"2018-04-25T07:10:21.000Z","volume":2000,"label":" ","price":4.01},{"type":"A","date":"2018-04-25T07:10:46.000Z","volume":2000,"label":" ","price":4.02},{"type":"A","date":"2018-04-25T07:11:05.000Z","volume":2000,"label":" ","price":4.02},{"type":"A","date":"2018-04-25T07:12:39.000Z","volume":2000,"label":"Y","price":4.02},{"type":"B","date":"2018-04-25T07:14:56.000Z","volume":10000,"label":" ","price":4.01},{"type":"B","date":"2018-04-25T07:15:42.000Z","volume":18000,"label":" ","price":4.01},{"type":"A","date":"2018-04-25T07:15:42.000Z","volume":2000,"label":"Y","price":4.02},{"type":"B","date":"2018-04-25T07:15:45.000Z","volume":4000,"label":" ","price":4.01},{"type":"B","date":"2018-04-25T07:18:50.000Z","volume":16000,"label":" ","price":4.01},{"type":"A","date":"2018-04-25T07:18:59.000Z","volume":40000,"label":" ","price":4},{"type":"B","date":"2018-04-25T07:18:59.000Z","volume":10000,"label":" ","price":3.99},{"type":"A","date":"2018-04-25T07:19:00.000Z","volume":12000,"label":" ","price":4},{"type":"A","date":"2018-04-25T07:19:00.000Z","volume":2000,"label":" ","price":4},{"type":"A","date":"2018-04-25T07:19:00.000Z","volume":2000,"label":" ","price":4},{"type":"A","date":"2018-04-25T07:19:01.000Z","volume":2000,"label":" ","price":4.01},{"type":"A","date":"2018-04-25T07:20:07.000Z","volume":20000,"label":" ","price":4},{"type":"A","date":"2018-04-25T07:22:49.000Z","volume":2000,"label":"Y","price":4},{"type":"A","date":"2018-04-25T07:23:45.000Z","volume":2000,"label":"Y","price":4},{"type":"B","date":"2018-04-25T07:27:55.000Z","volume":110000,"label":" ","price":3.99},{"type":"B","date":"2018-04-25T07:27:55.000Z","volume":10000,"label":" ","price":3.98},{"type":"B","date":"2018-04-25T07:28:05.000Z","volume":4000,"label":" ","price":3.99},{"type":"A","date":"2018-04-25T07:29:48.000Z","volume":116000,"label":" ","price":4},{"type":"B","date":"2018-04-25T07:29:48.000Z","volume":22000,"label":" ","price":4},{"type":"B","date":"2018-04-25T07:29:48.000Z","volume":4000,"label":" ","price":4},{"type":"B","date":"2018-04-25T07:29:48.000Z","volume":36000,"label":" ","price":4},{"type":"A","date":"2018-04-25T07:29:50.000Z","volume":8000,"label":"Y","price":4.01},{"type":"A","date":"2018-04-25T07:29:50.000Z","volume":2000,"label":" ","price":4.01},{"type":"A","date":"2018-04-25T07:30:09.000Z","volume":98000,"label":" ","price":4.01},{"type":"A","date":"2018-04-25T07:30:09.000Z","volume":16000,"label":" ","price":4.01},{"type":"A","date":"2018-04-25T07:30:10.000Z","volume":6000,"label":"Y","price":4.02},{"type":"B","date":"2018-04-25T07:30:27.000Z","volume":2000,"label":" ","price":4.01},{"type":"B","date":"2018-04-25T07:30:38.000Z","volume":2000,"label":" ","price":4.01},{"type":"A","date":"2018-04-25T07:34:35.000Z","volume":8000,"label":" ","price":4},{"type":"A","date":"2018-04-25T07:37:18.000Z","volume":108000,"label":" ","price":4.01},{"type":"B","date":"2018-04-25T07:37:18.000Z","volume":64000,"label":" ","price":4.01},{"type":"B","date":"2018-04-25T07:37:18.000Z","volume":16000,"label":" ","price":4.01},{"type":"A","date":"2018-04-25T07:37:21.000Z","volume":10000,"label":"Y","price":4.02},{"type":"B","date":"2018-04-25T07:37:30.000Z","volume":10000,"label":" ","price":4.01},{"type":"A","date":"2018-04-25T07:37:30.000Z","volume":2000,"label":"Y","price":4.02},{"type":"B","date":"2018-04-25T07:38:53.000Z","volume":6000,"label":" ","price":4.01},{"type":"B","date":"2018-04-25T07:40:27.000Z","volume":2000,"label":" ","price":4.01},{"type":"A","date":"2018-04-25T07:41:30.000Z","volume":30000,"label":" ","price":4.01},{"type":"A","date":"2018-04-25T07:41:30.000Z","volume":2000,"label":" ","price":4.01},{"type":"A","date":"2018-04-25T07:41:41.000Z","volume":30000,"label":" ","price":4.01},{"type":"A","date":"2018-04-25T07:41:41.000Z","volume":2000,"label":" ","price":4.01},{"type":"A","date":"2018-04-25T07:41:43.000Z","volume":2000,"label":" ","price":4.01},{"type":"A","date":"2018-04-25T07:49:38.000Z","volume":2000,"label":" ","price":4.01},{"type":"A","date":"2018-04-25T07:52:21.000Z","volume":4000,"label":" ","price":4.01},{"type":"A","date":"2018-04-25T07:52:21.000Z","volume":2000,"label":" ","price":4.01},{"type":"A","date":"2018-04-25T07:55:09.000Z","volume":2000,"label":" ","price":4.01},{"type":"A","date":"2018-04-25T07:55:09.000Z","volume":2000,"label":" ","price":4.01},{"type":"A","date":"2018-04-25T07:55:44.000Z","volume":2000,"label":" ","price":4.01},{"type":"A","date":"2018-04-25T07:57:18.000Z","volume":2000,"label":" ","price":4.01},{"type":"A","date":"2018-04-25T07:57:18.000Z","volume":2000,"label":" ","price":4.01},{"type":"A","date":"2018-04-25T07:57:50.000Z","volume":2000,"label":" ","price":4.01},{"type":"A","date":"2018-04-25T07:58:28.000Z","volume":2000,"label":" ","price":4.01},{"type":"B","date":"2018-04-25T07:58:45.000Z","volume":4000,"label":" ","price":4},{"type":"A","date":"2018-04-25T07:59:04.000Z","volume":2000,"label":" ","price":4.01},{"type":"A","date":"2018-04-25T07:59:04.000Z","volume":2000,"label":" ","price":4.01},{"type":"A","date":"2018-04-25T07:59:18.000Z","volume":2000,"label":" ","price":4.01},{"type":"A","date":"2018-04-25T07:59:37.000Z","volume":4000,"label":" ","price":4.01},{"type":"A","date":"2018-04-25T07:59:40.000Z","volume":4000,"label":" ","price":4.01},{"type":"A","date":"2018-04-25T07:59:41.000Z","volume":2000,"label":"Y","price":4.02},{"type":"U","date":"2018-04-25T08:08:25.000Z","volume":8000,"label":"U","price":4.02}]