[{"type":"U","date":"2018-03-19T01:00:09.000Z","volume":1304,"label":"P","price":15.6},{"type":"U","date":"2018-03-19T01:00:09.000Z","volume":210000,"label":"P","price":15.613},{"type":"U","date":"2018-03-19T01:00:09.000Z","volume":90000,"label":"P","price":15.614},{"type":"B","date":"2018-03-19T01:30:00.000Z","volume":2000,"label":" ","price":15.6},{"type":"B","date":"2018-03-19T01:30:00.000Z","volume":4000,"label":" ","price":15.6},{"type":"B","date":"2018-03-19T01:30:00.000Z","volume":6000,"label":" ","price":15.5},{"type":"B","date":"2018-03-19T01:30:03.000Z","volume":2000,"label":" ","price":15.6},{"type":"B","date":"2018-03-19T01:30:52.000Z","volume":2000,"label":" ","price":15.5},{"type":"B","date":"2018-03-19T01:30:53.000Z","volume":2000,"label":" ","price":15.5},{"type":"B","date":"2018-03-19T01:31:40.000Z","volume":2000,"label":" ","price":15.52},{"type":"A","date":"2018-03-19T01:32:06.000Z","volume":2000,"label":" ","price":15.58},{"type":"A","date":"2018-03-19T01:32:19.000Z","volume":2000,"label":" ","price":15.58},{"type":"B","date":"2018-03-19T01:32:40.000Z","volume":2000,"label":" ","price":15.52},{"type":"B","date":"2018-03-19T01:32:51.000Z","volume":2000,"label":" ","price":15.52},{"type":"B","date":"2018-03-19T01:33:08.000Z","volume":2000,"label":" ","price":15.5},{"type":"A","date":"2018-03-19T01:33:29.000Z","volume":2000,"label":" ","price":15.54},{"type":"B","date":"2018-03-19T01:33:52.000Z","volume":2000,"label":" ","price":15.48},{"type":"B","date":"2018-03-19T01:34:28.000Z","volume":2000,"label":" ","price":15.48},{"type":"A","date":"2018-03-19T01:34:42.000Z","volume":2000,"label":" ","price":15.54},{"type":"B","date":"2018-03-19T01:34:52.000Z","volume":2000,"label":" ","price":15.48},{"type":"A","date":"2018-03-19T01:35:02.000Z","volume":2000,"label":" ","price":15.54},{"type":"B","date":"2018-03-19T01:36:02.000Z","volume":2000,"label":" ","price":15.46},{"type":"A","date":"2018-03-19T01:36:32.000Z","volume":2000,"label":" ","price":15.52},{"type":"B","date":"2018-03-19T01:37:12.000Z","volume":2000,"label":" ","price":15.46},{"type":"B","date":"2018-03-19T01:37:35.000Z","volume":2000,"label":" ","price":15.44},{"type":"A","date":"2018-03-19T01:37:35.000Z","volume":4000,"label":" ","price":15.46},{"type":"B","date":"2018-03-19T01:38:32.000Z","volume":2000,"label":" ","price":15.42},{"type":"B","date":"2018-03-19T01:39:11.000Z","volume":2000,"label":" ","price":15.42},{"type":"A","date":"2018-03-19T01:39:20.000Z","volume":2000,"label":" ","price":15.5},{"type":"B","date":"2018-03-19T01:39:52.000Z","volume":2000,"label":" ","price":15.42},{"type":"A","date":"2018-03-19T01:40:47.000Z","volume":2000,"label":" ","price":15.5},{"type":"A","date":"2018-03-19T01:42:36.000Z","volume":14000,"label":" ","price":15.48},{"type":"A","date":"2018-03-19T01:42:36.000Z","volume":2000,"label":" ","price":15.5},{"type":"A","date":"2018-03-19T01:42:36.000Z","volume":2000,"label":" ","price":15.48},{"type":"A","date":"2018-03-19T01:42:37.000Z","volume":2000,"label":" ","price":15.5},{"type":"A","date":"2018-03-19T01:43:15.000Z","volume":8000,"label":" ","price":15.52},{"type":"A","date":"2018-03-19T01:43:24.000Z","volume":4000,"label":" ","price":15.56},{"type":"A","date":"2018-03-19T01:43:30.000Z","volume":6000,"label":" ","price":15.58},{"type":"A","date":"2018-03-19T01:43:30.000Z","volume":2000,"label":" ","price":15.62},{"type":"A","date":"2018-03-19T01:43:31.000Z","volume":2000,"label":" ","price":15.64},{"type":"A","date":"2018-03-19T01:44:07.000Z","volume":4000,"label":" ","price":15.64},{"type":"B","date":"2018-03-19T01:44:23.000Z","volume":2000,"label":" ","price":15.68},{"type":"B","date":"2018-03-19T01:44:23.000Z","volume":2000,"label":"Y","price":15.68},{"type":"B","date":"2018-03-19T01:44:23.000Z","volume":2000,"label":" ","price":15.68},{"type":"B","date":"2018-03-19T01:45:37.000Z","volume":4000,"label":" ","price":15.66},{"type":"B","date":"2018-03-19T01:45:37.000Z","volume":4000,"label":" ","price":15.66},{"type":"B","date":"2018-03-19T01:45:37.000Z","volume":4000,"label":" ","price":15.66},{"type":"B","date":"2018-03-19T01:45:38.000Z","volume":4000,"label":" ","price":15.66},{"type":"B","date":"2018-03-19T01:45:38.000Z","volume":2000,"label":" ","price":15.66},{"type":"B","date":"2018-03-19T01:45:42.000Z","volume":6000,"label":" ","price":15.64},{"type":"B","date":"2018-03-19T01:45:47.000Z","volume":2000,"label":" ","price":15.64},{"type":"B","date":"2018-03-19T01:45:47.000Z","volume":4000,"label":" ","price":15.64},{"type":"B","date":"2018-03-19T01:45:49.000Z","volume":6000,"label":" ","price":15.62},{"type":"B","date":"2018-03-19T01:45:54.000Z","volume":2000,"label":" ","price":15.6},{"type":"B","date":"2018-03-19T01:45:55.000Z","volume":6000,"label":" ","price":15.6},{"type":"B","date":"2018-03-19T01:45:55.000Z","volume":6000,"label":" ","price":15.58},{"type":"B","date":"2018-03-19T01:45:55.000Z","volume":6000,"label":" ","price":15.56},{"type":"B","date":"2018-03-19T01:46:02.000Z","volume":2000,"label":" ","price":15.48},{"type":"B","date":"2018-03-19T01:46:19.000Z","volume":4000,"label":" ","price":15.44},{"type":"B","date":"2018-03-19T01:46:24.000Z","volume":2000,"label":" ","price":15.44},{"type":"B","date":"2018-03-19T01:46:27.000Z","volume":6000,"label":" ","price":15.44},{"type":"A","date":"2018-03-19T01:47:51.000Z","volume":2000,"label":" ","price":15.5},{"type":"A","date":"2018-03-19T01:48:59.000Z","volume":12000,"label":" ","price":15.5},{"type":"A","date":"2018-03-19T01:53:13.000Z","volume":8000,"label":" ","price":15.48},{"type":"A","date":"2018-03-19T01:53:26.000Z","volume":4000,"label":" ","price":15.48},{"type":"A","date":"2018-03-19T01:53:27.000Z","volume":4000,"label":" ","price":15.48},{"type":"A","date":"2018-03-19T01:54:40.000Z","volume":6000,"label":" ","price":15.56},{"type":"A","date":"2018-03-19T01:54:40.000Z","volume":4000,"label":" ","price":15.56},{"type":"A","date":"2018-03-19T01:58:12.000Z","volume":2000,"label":" ","price":15.62},{"type":"B","date":"2018-03-19T02:00:00.000Z","volume":16000,"label":" ","price":15.56},{"type":"A","date":"2018-03-19T02:00:00.000Z","volume":4000,"label":" ","price":15.56},{"type":"A","date":"2018-03-19T02:00:01.000Z","volume":2000,"label":" ","price":15.56},{"type":"B","date":"2018-03-19T02:00:04.000Z","volume":10000,"label":" ","price":15.54},{"type":"U","date":"2018-03-19T02:00:05.000Z","volume":2000,"label":"X","price":15.56},{"type":"U","date":"2018-03-19T02:00:09.000Z","volume":18000,"label":"X","price":15.56},{"type":"U","date":"2018-03-19T02:00:09.000Z","volume":4000,"label":"X","price":15.55},{"type":"B","date":"2018-03-19T02:00:15.000Z","volume":4000,"label":" ","price":15.54},{"type":"B","date":"2018-03-19T02:00:19.000Z","volume":8000,"label":" ","price":15.54},{"type":"B","date":"2018-03-19T02:00:20.000Z","volume":8000,"label":" ","price":15.52},{"type":"B","date":"2018-03-19T02:00:20.000Z","volume":10000,"label":" ","price":15.5},{"type":"B","date":"2018-03-19T02:00:20.000Z","volume":4000,"label":" ","price":15.5},{"type":"B","date":"2018-03-19T02:00:20.000Z","volume":2000,"label":" ","price":15.5},{"type":"U","date":"2018-03-19T02:00:25.000Z","volume":2000,"label":"X","price":15.54},{"type":"B","date":"2018-03-19T02:00:27.000Z","volume":6000,"label":" ","price":15.48},{"type":"U","date":"2018-03-19T02:00:34.000Z","volume":6000,"label":" ","price":15.52},{"type":"B","date":"2018-03-19T02:01:06.000Z","volume":2000,"label":" ","price":15.48},{"type":"B","date":"2018-03-19T02:01:12.000Z","volume":2000,"label":" ","price":15.48},{"type":"A","date":"2018-03-19T02:01:25.000Z","volume":16000,"label":" ","price":15.52},{"type":"U","date":"2018-03-19T02:01:25.000Z","volume":2000,"label":"X","price":15.52},{"type":"A","date":"2018-03-19T02:01:25.000Z","volume":4000,"label":" ","price":15.52},{"type":"A","date":"2018-03-19T02:02:18.000Z","volume":2000,"label":" ","price":15.54},{"type":"A","date":"2018-03-19T02:02:27.000Z","volume":10000,"label":" ","price":15.54},{"type":"A","date":"2018-03-19T02:02:32.000Z","volume":20000,"label":" ","price":15.56},{"type":"A","date":"2018-03-19T02:02:34.000Z","volume":2000,"label":" ","price":15.6},{"type":"A","date":"2018-03-19T02:02:54.000Z","volume":8000,"label":" ","price":15.62},{"type":"A","date":"2018-03-19T02:02:54.000Z","volume":4000,"label":" ","price":15.64},{"type":"U","date":"2018-03-19T02:02:56.000Z","volume":6000,"label":" ","price":15.64},{"type":"B","date":"2018-03-19T02:07:23.000Z","volume":10000,"label":" ","price":15.58},{"type":"B","date":"2018-03-19T02:07:28.000Z","volume":2000,"label":" ","price":15.58},{"type":"U","date":"2018-03-19T02:07:29.000Z","volume":18000,"label":"X","price":15.58},{"type":"A","date":"2018-03-19T02:09:05.000Z","volume":2000,"label":" ","price":15.62},{"type":"A","date":"2018-03-19T02:10:17.000Z","volume":6000,"label":" ","price":15.6},{"type":"A","date":"2018-03-19T02:10:18.000Z","volume":12000,"label":" ","price":15.62},{"type":"U","date":"2018-03-19T02:10:19.000Z","volume":2000,"label":"X","price":15.6},{"type":"A","date":"2018-03-19T02:10:22.000Z","volume":2000,"label":" ","price":15.62},{"type":"A","date":"2018-03-19T02:13:29.000Z","volume":2000,"label":" ","price":15.66},{"type":"A","date":"2018-03-19T02:13:31.000Z","volume":4000,"label":" ","price":15.66},{"type":"A","date":"2018-03-19T02:13:31.000Z","volume":2000,"label":" ","price":15.66},{"type":"B","date":"2018-03-19T02:14:33.000Z","volume":10000,"label":" ","price":15.64},{"type":"B","date":"2018-03-19T02:14:33.000Z","volume":10000,"label":" ","price":15.64},{"type":"A","date":"2018-03-19T02:14:44.000Z","volume":2000,"label":" ","price":15.66},{"type":"B","date":"2018-03-19T02:15:45.000Z","volume":2000,"label":" ","price":15.62},{"type":"B","date":"2018-03-19T02:16:00.000Z","volume":2000,"label":" ","price":15.6},{"type":"B","date":"2018-03-19T02:16:37.000Z","volume":6000,"label":" ","price":15.6},{"type":"U","date":"2018-03-19T02:16:42.000Z","volume":2000,"label":"X","price":15.6},{"type":"B","date":"2018-03-19T02:16:45.000Z","volume":6000,"label":" ","price":15.58},{"type":"B","date":"2018-03-19T02:16:48.000Z","volume":4000,"label":" ","price":15.58},{"type":"U","date":"2018-03-19T02:16:54.000Z","volume":2000,"label":"X","price":15.6},{"type":"A","date":"2018-03-19T02:22:44.000Z","volume":8000,"label":" ","price":15.58},{"type":"B","date":"2018-03-19T02:23:19.000Z","volume":2000,"label":" ","price":15.56},{"type":"A","date":"2018-03-19T02:24:01.000Z","volume":2000,"label":" ","price":15.6},{"type":"B","date":"2018-03-19T02:25:57.000Z","volume":18000,"label":" ","price":15.56},{"type":"B","date":"2018-03-19T02:26:02.000Z","volume":10000,"label":" ","price":15.54},{"type":"U","date":"2018-03-19T02:26:02.000Z","volume":2000,"label":"X","price":15.56},{"type":"B","date":"2018-03-19T02:26:54.000Z","volume":6000,"label":" ","price":15.54},{"type":"B","date":"2018-03-19T02:27:01.000Z","volume":30000,"label":" ","price":15.54},{"type":"B","date":"2018-03-19T02:27:05.000Z","volume":10000,"label":" ","price":15.52},{"type":"U","date":"2018-03-19T02:27:06.000Z","volume":2000,"label":"X","price":15.54},{"type":"U","date":"2018-03-19T02:27:27.000Z","volume":2000,"label":"X","price":15.54},{"type":"B","date":"2018-03-19T02:28:45.000Z","volume":4000,"label":" ","price":15.5},{"type":"A","date":"2018-03-19T02:28:56.000Z","volume":8000,"label":" ","price":15.54},{"type":"A","date":"2018-03-19T02:29:00.000Z","volume":16000,"label":" ","price":15.56},{"type":"A","date":"2018-03-19T02:29:52.000Z","volume":8000,"label":" ","price":15.6},{"type":"A","date":"2018-03-19T02:29:52.000Z","volume":2000,"label":" ","price":15.62},{"type":"B","date":"2018-03-19T02:30:39.000Z","volume":2000,"label":" ","price":15.58},{"type":"B","date":"2018-03-19T02:31:18.000Z","volume":12000,"label":" ","price":15.58},{"type":"A","date":"2018-03-19T02:31:22.000Z","volume":4000,"label":" ","price":15.58},{"type":"A","date":"2018-03-19T02:31:22.000Z","volume":42000,"label":" ","price":15.58},{"type":"U","date":"2018-03-19T02:31:23.000Z","volume":2000,"label":"X","price":15.58},{"type":"B","date":"2018-03-19T02:31:24.000Z","volume":4000,"label":" ","price":15.6},{"type":"B","date":"2018-03-19T02:31:25.000Z","volume":4000,"label":" ","price":15.6},{"type":"B","date":"2018-03-19T02:31:25.000Z","volume":6000,"label":" ","price":15.6},{"type":"B","date":"2018-03-19T02:31:26.000Z","volume":2000,"label":" ","price":15.58},{"type":"B","date":"2018-03-19T02:31:32.000Z","volume":2000,"label":" ","price":15.58},{"type":"B","date":"2018-03-19T02:31:44.000Z","volume":10000,"label":" ","price":15.58},{"type":"B","date":"2018-03-19T02:31:47.000Z","volume":2000,"label":" ","price":15.56},{"type":"U","date":"2018-03-19T02:31:55.000Z","volume":2000,"label":"X","price":15.58},{"type":"A","date":"2018-03-19T02:32:15.000Z","volume":2000,"label":" ","price":15.58},{"type":"U","date":"2018-03-19T02:35:09.000Z","volume":6000,"label":" ","price":15.56},{"type":"U","date":"2018-03-19T02:35:14.000Z","volume":2000,"label":"X","price":15.56},{"type":"A","date":"2018-03-19T02:35:37.000Z","volume":2000,"label":" ","price":15.56},{"type":"A","date":"2018-03-19T02:35:39.000Z","volume":2000,"label":" ","price":15.56},{"type":"A","date":"2018-03-19T02:35:40.000Z","volume":4000,"label":" ","price":15.56},{"type":"U","date":"2018-03-19T02:35:42.000Z","volume":2000,"label":"X","price":15.56},{"type":"U","date":"2018-03-19T02:35:58.000Z","volume":2000,"label":"X","price":15.56},{"type":"A","date":"2018-03-19T02:35:59.000Z","volume":4000,"label":" ","price":15.56},{"type":"A","date":"2018-03-19T02:35:59.000Z","volume":10000,"label":" ","price":15.58},{"type":"A","date":"2018-03-19T02:36:21.000Z","volume":4000,"label":" ","price":15.6},{"type":"A","date":"2018-03-19T02:36:21.000Z","volume":6000,"label":" ","price":15.6},{"type":"B","date":"2018-03-19T02:39:04.000Z","volume":8000,"label":" ","price":15.58},{"type":"B","date":"2018-03-19T02:40:33.000Z","volume":6000,"label":" ","price":15.58},{"type":"B","date":"2018-03-19T02:42:09.000Z","volume":4000,"label":" ","price":15.58},{"type":"B","date":"2018-03-19T02:42:15.000Z","volume":14000,"label":" ","price":15.58},{"type":"A","date":"2018-03-19T02:42:19.000Z","volume":2000,"label":" ","price":15.58},{"type":"A","date":"2018-03-19T02:42:20.000Z","volume":2000,"label":" ","price":15.58},{"type":"U","date":"2018-03-19T02:42:20.000Z","volume":2000,"label":"X","price":15.58},{"type":"B","date":"2018-03-19T02:42:26.000Z","volume":2000,"label":" ","price":15.56},{"type":"U","date":"2018-03-19T02:42:32.000Z","volume":2000,"label":"X","price":15.58},{"type":"B","date":"2018-03-19T02:42:34.000Z","volume":10000,"label":" ","price":15.56},{"type":"B","date":"2018-03-19T02:42:53.000Z","volume":8000,"label":" ","price":15.56},{"type":"B","date":"2018-03-19T02:42:57.000Z","volume":2000,"label":" ","price":15.54},{"type":"B","date":"2018-03-19T02:45:43.000Z","volume":2000,"label":" ","price":15.54},{"type":"B","date":"2018-03-19T02:46:46.000Z","volume":6000,"label":" ","price":15.54},{"type":"B","date":"2018-03-19T02:46:50.000Z","volume":6000,"label":" ","price":15.54},{"type":"B","date":"2018-03-19T02:46:57.000Z","volume":2000,"label":" ","price":15.52},{"type":"B","date":"2018-03-19T02:49:30.000Z","volume":10000,"label":" ","price":15.52},{"type":"B","date":"2018-03-19T02:49:50.000Z","volume":2000,"label":" ","price":15.52},{"type":"B","date":"2018-03-19T02:49:54.000Z","volume":6000,"label":" ","price":15.52},{"type":"B","date":"2018-03-19T02:49:54.000Z","volume":2000,"label":" ","price":15.52},{"type":"A","date":"2018-03-19T02:50:22.000Z","volume":2000,"label":" ","price":15.52},{"type":"B","date":"2018-03-19T02:51:29.000Z","volume":2000,"label":" ","price":15.5},{"type":"B","date":"2018-03-19T02:51:43.000Z","volume":2000,"label":" ","price":15.5},{"type":"A","date":"2018-03-19T02:51:43.000Z","volume":2000,"label":" ","price":15.52},{"type":"B","date":"2018-03-19T02:52:23.000Z","volume":6000,"label":" ","price":15.5},{"type":"A","date":"2018-03-19T02:52:23.000Z","volume":2000,"label":" ","price":15.5},{"type":"A","date":"2018-03-19T02:52:24.000Z","volume":6000,"label":" ","price":15.5},{"type":"A","date":"2018-03-19T02:52:24.000Z","volume":4000,"label":" ","price":15.52},{"type":"B","date":"2018-03-19T02:52:28.000Z","volume":2000,"label":" ","price":15.52},{"type":"B","date":"2018-03-19T02:52:44.000Z","volume":4000,"label":" ","price":15.52},{"type":"B","date":"2018-03-19T02:52:50.000Z","volume":2000,"label":" ","price":15.5},{"type":"A","date":"2018-03-19T02:54:20.000Z","volume":2000,"label":" ","price":15.52},{"type":"A","date":"2018-03-19T02:54:20.000Z","volume":6000,"label":" ","price":15.52},{"type":"B","date":"2018-03-19T02:55:41.000Z","volume":4000,"label":" ","price":15.5},{"type":"B","date":"2018-03-19T02:56:19.000Z","volume":2000,"label":" ","price":15.5},{"type":"A","date":"2018-03-19T02:57:17.000Z","volume":2000,"label":" ","price":15.52},{"type":"B","date":"2018-03-19T02:57:24.000Z","volume":4000,"label":" ","price":15.5},{"type":"A","date":"2018-03-19T02:57:29.000Z","volume":2000,"label":" ","price":15.52},{"type":"A","date":"2018-03-19T02:57:34.000Z","volume":8000,"label":" ","price":15.52},{"type":"A","date":"2018-03-19T02:58:10.000Z","volume":2000,"label":" ","price":15.52},{"type":"A","date":"2018-03-19T03:00:09.000Z","volume":4000,"label":" ","price":15.52},{"type":"A","date":"2018-03-19T03:00:38.000Z","volume":6000,"label":" ","price":15.52},{"type":"A","date":"2018-03-19T03:01:25.000Z","volume":16000,"label":" ","price":15.54},{"type":"A","date":"2018-03-19T03:01:25.000Z","volume":10000,"label":" ","price":15.54},{"type":"U","date":"2018-03-19T03:01:25.000Z","volume":2000,"label":"X","price":15.54},{"type":"A","date":"2018-03-19T03:03:10.000Z","volume":2000,"label":" ","price":15.56},{"type":"B","date":"2018-03-19T03:05:00.000Z","volume":2000,"label":" ","price":15.54},{"type":"B","date":"2018-03-19T03:06:03.000Z","volume":18000,"label":" ","price":15.54},{"type":"B","date":"2018-03-19T03:10:39.000Z","volume":2000,"label":" ","price":15.52},{"type":"B","date":"2018-03-19T03:10:44.000Z","volume":8000,"label":" ","price":15.52},{"type":"B","date":"2018-03-19T03:11:59.000Z","volume":4000,"label":" ","price":15.52},{"type":"A","date":"2018-03-19T03:14:42.000Z","volume":2000,"label":" ","price":15.52},{"type":"B","date":"2018-03-19T03:15:18.000Z","volume":6000,"label":" ","price":15.5},{"type":"B","date":"2018-03-19T03:15:46.000Z","volume":14000,"label":" ","price":15.5},{"type":"B","date":"2018-03-19T03:19:00.000Z","volume":2000,"label":" ","price":15.48},{"type":"B","date":"2018-03-19T03:19:40.000Z","volume":2000,"label":" ","price":15.48},{"type":"B","date":"2018-03-19T03:20:25.000Z","volume":8000,"label":" ","price":15.48},{"type":"B","date":"2018-03-19T03:20:27.000Z","volume":2000,"label":" ","price":15.48},{"type":"B","date":"2018-03-19T03:20:56.000Z","volume":2000,"label":" ","price":15.48},{"type":"A","date":"2018-03-19T03:21:01.000Z","volume":2000,"label":" ","price":15.48},{"type":"U","date":"2018-03-19T03:21:01.000Z","volume":2000,"label":"X","price":15.48},{"type":"A","date":"2018-03-19T03:24:07.000Z","volume":8000,"label":" ","price":15.48},{"type":"B","date":"2018-03-19T03:24:08.000Z","volume":6000,"label":" ","price":15.48},{"type":"A","date":"2018-03-19T03:27:31.000Z","volume":2000,"label":" ","price":15.5},{"type":"B","date":"2018-03-19T03:28:51.000Z","volume":6000,"label":" ","price":15.48},{"type":"B","date":"2018-03-19T03:28:54.000Z","volume":12000,"label":" ","price":15.48},{"type":"B","date":"2018-03-19T03:28:56.000Z","volume":2000,"label":" ","price":15.48},{"type":"B","date":"2018-03-19T03:30:49.000Z","volume":2000,"label":" ","price":15.48},{"type":"B","date":"2018-03-19T03:33:07.000Z","volume":6000,"label":" ","price":15.48},{"type":"B","date":"2018-03-19T03:35:29.000Z","volume":8000,"label":" ","price":15.46},{"type":"B","date":"2018-03-19T03:36:37.000Z","volume":2000,"label":" ","price":15.46},{"type":"A","date":"2018-03-19T03:37:08.000Z","volume":2000,"label":" ","price":15.48},{"type":"B","date":"2018-03-19T03:38:53.000Z","volume":12000,"label":" ","price":15.46},{"type":"B","date":"2018-03-19T03:40:23.000Z","volume":6000,"label":" ","price":15.46},{"type":"A","date":"2018-03-19T03:44:28.000Z","volume":2000,"label":" ","price":15.48},{"type":"A","date":"2018-03-19T03:47:46.000Z","volume":2000,"label":" ","price":15.48},{"type":"B","date":"2018-03-19T03:50:55.000Z","volume":10000,"label":" ","price":15.46},{"type":"B","date":"2018-03-19T03:52:20.000Z","volume":2000,"label":" ","price":15.46},{"type":"B","date":"2018-03-19T03:52:21.000Z","volume":8000,"label":" ","price":15.44},{"type":"U","date":"2018-03-19T03:52:21.000Z","volume":2000,"label":"X","price":15.44},{"type":"A","date":"2018-03-19T03:52:21.000Z","volume":2000,"label":" ","price":15.44},{"type":"B","date":"2018-03-19T03:53:40.000Z","volume":2000,"label":" ","price":15.42},{"type":"B","date":"2018-03-19T03:55:02.000Z","volume":4000,"label":" ","price":15.42},{"type":"A","date":"2018-03-19T03:56:49.000Z","volume":2000,"label":" ","price":15.44},{"type":"U","date":"2018-03-19T03:59:20.000Z","volume":2000,"label":"X","price":15.44},{"type":"A","date":"2018-03-19T05:00:00.000Z","volume":2000,"label":" ","price":15.44},{"type":"B","date":"2018-03-19T05:00:00.000Z","volume":2000,"label":" ","price":15.42},{"type":"B","date":"2018-03-19T05:01:41.000Z","volume":2000,"label":" ","price":15.42},{"type":"A","date":"2018-03-19T05:01:52.000Z","volume":4000,"label":" ","price":15.44},{"type":"A","date":"2018-03-19T05:01:52.000Z","volume":4000,"label":" ","price":15.44},{"type":"A","date":"2018-03-19T05:01:52.000Z","volume":8000,"label":" ","price":15.44},{"type":"A","date":"2018-03-19T05:02:54.000Z","volume":6000,"label":" ","price":15.46},{"type":"A","date":"2018-03-19T05:03:03.000Z","volume":2000,"label":"Y","price":15.46},{"type":"A","date":"2018-03-19T05:04:34.000Z","volume":2000,"label":"Y","price":15.5},{"type":"A","date":"2018-03-19T05:04:34.000Z","volume":16000,"label":" ","price":15.5},{"type":"A","date":"2018-03-19T05:06:12.000Z","volume":2000,"label":" ","price":15.52},{"type":"A","date":"2018-03-19T05:06:19.000Z","volume":4000,"label":" ","price":15.52},{"type":"U","date":"2018-03-19T05:06:42.000Z","volume":2000,"label":"X","price":15.52},{"type":"B","date":"2018-03-19T05:06:58.000Z","volume":4000,"label":" ","price":15.5},{"type":"U","date":"2018-03-19T05:07:08.000Z","volume":814,"label":"D","price":15.52},{"type":"B","date":"2018-03-19T05:08:50.000Z","volume":2000,"label":" ","price":15.5},{"type":"A","date":"2018-03-19T05:09:32.000Z","volume":4000,"label":" ","price":15.52},{"type":"B","date":"2018-03-19T05:09:35.000Z","volume":8000,"label":" ","price":15.5},{"type":"B","date":"2018-03-19T05:11:41.000Z","volume":2000,"label":" ","price":15.5},{"type":"B","date":"2018-03-19T05:11:48.000Z","volume":18000,"label":" ","price":15.5},{"type":"U","date":"2018-03-19T05:11:49.000Z","volume":2000,"label":"X","price":15.5},{"type":"B","date":"2018-03-19T05:12:35.000Z","volume":2000,"label":" ","price":15.48},{"type":"B","date":"2018-03-19T05:13:05.000Z","volume":2000,"label":" ","price":15.48},{"type":"B","date":"2018-03-19T05:13:35.000Z","volume":6000,"label":" ","price":15.48},{"type":"B","date":"2018-03-19T05:13:58.000Z","volume":2000,"label":" ","price":15.48},{"type":"A","date":"2018-03-19T05:15:10.000Z","volume":4000,"label":" ","price":15.5},{"type":"A","date":"2018-03-19T05:15:10.000Z","volume":2000,"label":" ","price":15.5},{"type":"A","date":"2018-03-19T05:18:25.000Z","volume":4000,"label":" ","price":15.5},{"type":"B","date":"2018-03-19T05:18:41.000Z","volume":10000,"label":" ","price":15.48},{"type":"B","date":"2018-03-19T05:18:41.000Z","volume":6000,"label":" ","price":15.48},{"type":"B","date":"2018-03-19T05:18:58.000Z","volume":2000,"label":" ","price":15.48},{"type":"B","date":"2018-03-19T05:19:30.000Z","volume":4000,"label":" ","price":15.48},{"type":"B","date":"2018-03-19T05:19:30.000Z","volume":2000,"label":" ","price":15.46},{"type":"B","date":"2018-03-19T05:20:07.000Z","volume":4000,"label":" ","price":15.46},{"type":"B","date":"2018-03-19T05:20:07.000Z","volume":2000,"label":" ","price":15.46},{"type":"A","date":"2018-03-19T05:21:20.000Z","volume":4000,"label":" ","price":15.48},{"type":"B","date":"2018-03-19T05:21:20.000Z","volume":2000,"label":" ","price":15.46},{"type":"B","date":"2018-03-19T05:23:59.000Z","volume":10000,"label":" ","price":15.46},{"type":"B","date":"2018-03-19T05:23:59.000Z","volume":4000,"label":" ","price":15.46},{"type":"B","date":"2018-03-19T05:24:13.000Z","volume":2000,"label":" ","price":15.46},{"type":"A","date":"2018-03-19T05:24:37.000Z","volume":4000,"label":" ","price":15.48},{"type":"B","date":"2018-03-19T05:24:37.000Z","volume":2000,"label":" ","price":15.46},{"type":"B","date":"2018-03-19T05:25:35.000Z","volume":4000,"label":" ","price":15.46},{"type":"B","date":"2018-03-19T05:25:35.000Z","volume":2000,"label":" ","price":15.44},{"type":"B","date":"2018-03-19T05:26:26.000Z","volume":4000,"label":" ","price":15.44},{"type":"B","date":"2018-03-19T05:26:26.000Z","volume":2000,"label":" ","price":15.44},{"type":"B","date":"2018-03-19T05:27:19.000Z","volume":10000,"label":" ","price":15.44},{"type":"B","date":"2018-03-19T05:27:19.000Z","volume":2000,"label":" ","price":15.44},{"type":"B","date":"2018-03-19T05:27:19.000Z","volume":2000,"label":" ","price":15.42},{"type":"B","date":"2018-03-19T05:27:20.000Z","volume":2000,"label":" ","price":15.42},{"type":"B","date":"2018-03-19T05:27:50.000Z","volume":2000,"label":" ","price":15.42},{"type":"B","date":"2018-03-19T05:27:50.000Z","volume":2000,"label":" ","price":15.42},{"type":"B","date":"2018-03-19T05:28:52.000Z","volume":2000,"label":" ","price":15.42},{"type":"B","date":"2018-03-19T05:28:56.000Z","volume":2000,"label":" ","price":15.42},{"type":"B","date":"2018-03-19T05:28:56.000Z","volume":2000,"label":" ","price":15.42},{"type":"B","date":"2018-03-19T05:28:58.000Z","volume":2000,"label":" ","price":15.4},{"type":"A","date":"2018-03-19T05:29:10.000Z","volume":2000,"label":" ","price":15.42},{"type":"B","date":"2018-03-19T05:29:13.000Z","volume":2000,"label":" ","price":15.4},{"type":"B","date":"2018-03-19T05:29:13.000Z","volume":2000,"label":" ","price":15.4},{"type":"B","date":"2018-03-19T05:29:41.000Z","volume":6000,"label":" ","price":15.4},{"type":"B","date":"2018-03-19T05:29:41.000Z","volume":2000,"label":" ","price":15.4},{"type":"B","date":"2018-03-19T05:29:59.000Z","volume":6000,"label":" ","price":15.4},{"type":"B","date":"2018-03-19T05:29:59.000Z","volume":4000,"label":" ","price":15.4},{"type":"B","date":"2018-03-19T05:29:59.000Z","volume":4000,"label":" ","price":15.38},{"type":"B","date":"2018-03-19T05:33:35.000Z","volume":2000,"label":" ","price":15.38},{"type":"B","date":"2018-03-19T05:33:35.000Z","volume":2000,"label":" ","price":15.38},{"type":"A","date":"2018-03-19T05:34:13.000Z","volume":4000,"label":" ","price":15.4},{"type":"B","date":"2018-03-19T05:34:13.000Z","volume":2000,"label":" ","price":15.38},{"type":"B","date":"2018-03-19T05:34:20.000Z","volume":2000,"label":" ","price":15.38},{"type":"B","date":"2018-03-19T05:35:50.000Z","volume":6000,"label":" ","price":15.38},{"type":"B","date":"2018-03-19T05:35:50.000Z","volume":2000,"label":" ","price":15.38},{"type":"B","date":"2018-03-19T05:36:58.000Z","volume":2000,"label":" ","price":15.38},{"type":"B","date":"2018-03-19T05:36:58.000Z","volume":2000,"label":" ","price":15.38},{"type":"A","date":"2018-03-19T05:37:35.000Z","volume":4000,"label":" ","price":15.4},{"type":"B","date":"2018-03-19T05:37:35.000Z","volume":2000,"label":" ","price":15.38},{"type":"B","date":"2018-03-19T05:38:16.000Z","volume":12000,"label":" ","price":15.38},{"type":"B","date":"2018-03-19T05:38:16.000Z","volume":4000,"label":" ","price":15.38},{"type":"A","date":"2018-03-19T05:40:20.000Z","volume":2000,"label":" ","price":15.4},{"type":"B","date":"2018-03-19T05:40:20.000Z","volume":2000,"label":" ","price":15.38},{"type":"A","date":"2018-03-19T05:40:52.000Z","volume":4000,"label":" ","price":15.4},{"type":"A","date":"2018-03-19T05:40:55.000Z","volume":4000,"label":" ","price":15.4},{"type":"B","date":"2018-03-19T05:40:55.000Z","volume":2000,"label":" ","price":15.38},{"type":"A","date":"2018-03-19T05:41:07.000Z","volume":2000,"label":" ","price":15.4},{"type":"B","date":"2018-03-19T05:41:07.000Z","volume":2000,"label":" ","price":15.38},{"type":"A","date":"2018-03-19T05:41:15.000Z","volume":2000,"label":" ","price":15.4},{"type":"A","date":"2018-03-19T05:41:18.000Z","volume":2000,"label":" ","price":15.4},{"type":"B","date":"2018-03-19T05:41:18.000Z","volume":2000,"label":" ","price":15.38},{"type":"B","date":"2018-03-19T05:42:43.000Z","volume":2000,"label":" ","price":15.38},{"type":"B","date":"2018-03-19T05:42:45.000Z","volume":4000,"label":" ","price":15.38},{"type":"B","date":"2018-03-19T05:42:45.000Z","volume":2000,"label":" ","price":15.38},{"type":"A","date":"2018-03-19T05:43:18.000Z","volume":2000,"label":" ","price":15.4},{"type":"A","date":"2018-03-19T05:43:56.000Z","volume":4000,"label":" ","price":15.4},{"type":"B","date":"2018-03-19T05:43:56.000Z","volume":2000,"label":" ","price":15.38},{"type":"B","date":"2018-03-19T05:44:35.000Z","volume":8000,"label":" ","price":15.38},{"type":"B","date":"2018-03-19T05:44:35.000Z","volume":4000,"label":" ","price":15.36},{"type":"B","date":"2018-03-19T05:44:42.000Z","volume":2000,"label":" ","price":15.36},{"type":"B","date":"2018-03-19T05:45:07.000Z","volume":6000,"label":" ","price":15.36},{"type":"B","date":"2018-03-19T05:45:07.000Z","volume":4000,"label":" ","price":15.34},{"type":"B","date":"2018-03-19T05:45:12.000Z","volume":2000,"label":" ","price":15.34},{"type":"B","date":"2018-03-19T05:47:17.000Z","volume":2000,"label":" ","price":15.36},{"type":"A","date":"2018-03-19T05:48:52.000Z","volume":2000,"label":" ","price":15.38},{"type":"B","date":"2018-03-19T05:48:52.000Z","volume":2000,"label":" ","price":15.36},{"type":"B","date":"2018-03-19T05:49:33.000Z","volume":6000,"label":" ","price":15.36},{"type":"B","date":"2018-03-19T05:49:34.000Z","volume":2000,"label":" ","price":15.34},{"type":"B","date":"2018-03-19T05:49:42.000Z","volume":2000,"label":" ","price":15.34},{"type":"B","date":"2018-03-19T05:49:42.000Z","volume":2000,"label":" ","price":15.34},{"type":"B","date":"2018-03-19T05:50:15.000Z","volume":4000,"label":" ","price":15.34},{"type":"A","date":"2018-03-19T05:50:31.000Z","volume":4000,"label":" ","price":15.36},{"type":"B","date":"2018-03-19T05:50:31.000Z","volume":2000,"label":" ","price":15.34},{"type":"A","date":"2018-03-19T05:53:46.000Z","volume":4000,"label":" ","price":15.36},{"type":"B","date":"2018-03-19T05:53:46.000Z","volume":2000,"label":" ","price":15.34},{"type":"B","date":"2018-03-19T05:54:45.000Z","volume":4000,"label":" ","price":15.34},{"type":"B","date":"2018-03-19T05:54:45.000Z","volume":2000,"label":" ","price":15.34},{"type":"B","date":"2018-03-19T05:54:53.000Z","volume":8000,"label":" ","price":15.34},{"type":"B","date":"2018-03-19T05:54:53.000Z","volume":4000,"label":" ","price":15.32},{"type":"B","date":"2018-03-19T05:55:00.000Z","volume":2000,"label":" ","price":15.32},{"type":"B","date":"2018-03-19T05:55:20.000Z","volume":2000,"label":" ","price":15.32},{"type":"B","date":"2018-03-19T05:55:20.000Z","volume":2000,"label":" ","price":15.32},{"type":"A","date":"2018-03-19T05:56:30.000Z","volume":8000,"label":" ","price":15.34},{"type":"B","date":"2018-03-19T05:56:30.000Z","volume":2000,"label":" ","price":15.34},{"type":"A","date":"2018-03-19T05:56:43.000Z","volume":2000,"label":" ","price":15.36},{"type":"B","date":"2018-03-19T05:56:43.000Z","volume":2000,"label":" ","price":15.34},{"type":"B","date":"2018-03-19T05:56:50.000Z","volume":10000,"label":" ","price":15.34},{"type":"B","date":"2018-03-19T05:56:50.000Z","volume":4000,"label":" ","price":15.34},{"type":"A","date":"2018-03-19T05:56:53.000Z","volume":2000,"label":" ","price":15.36},{"type":"B","date":"2018-03-19T05:57:27.000Z","volume":2000,"label":" ","price":15.34},{"type":"B","date":"2018-03-19T05:57:27.000Z","volume":2000,"label":" ","price":15.34},{"type":"B","date":"2018-03-19T05:58:35.000Z","volume":8000,"label":" ","price":15.34},{"type":"B","date":"2018-03-19T05:58:35.000Z","volume":2000,"label":" ","price":15.32},{"type":"B","date":"2018-03-19T05:58:42.000Z","volume":2000,"label":" ","price":15.34},{"type":"B","date":"2018-03-19T05:58:42.000Z","volume":2000,"label":" ","price":15.34},{"type":"B","date":"2018-03-19T05:59:35.000Z","volume":2000,"label":" ","price":15.34},{"type":"B","date":"2018-03-19T05:59:58.000Z","volume":10000,"label":" ","price":15.34},{"type":"B","date":"2018-03-19T05:59:58.000Z","volume":4000,"label":" ","price":15.32},{"type":"B","date":"2018-03-19T06:00:05.000Z","volume":2000,"label":" ","price":15.32},{"type":"B","date":"2018-03-19T06:00:05.000Z","volume":2000,"label":" ","price":15.32},{"type":"A","date":"2018-03-19T06:01:38.000Z","volume":16000,"label":" ","price":15.36},{"type":"U","date":"2018-03-19T06:01:38.000Z","volume":2000,"label":"X","price":15.36},{"type":"B","date":"2018-03-19T06:01:38.000Z","volume":6000,"label":" ","price":15.32},{"type":"A","date":"2018-03-19T06:01:39.000Z","volume":2000,"label":" ","price":15.34},{"type":"B","date":"2018-03-19T06:01:39.000Z","volume":2000,"label":" ","price":15.32},{"type":"B","date":"2018-03-19T06:01:50.000Z","volume":2000,"label":" ","price":15.3},{"type":"B","date":"2018-03-19T06:01:50.000Z","volume":2000,"label":" ","price":15.3},{"type":"B","date":"2018-03-19T06:01:50.000Z","volume":2000,"label":" ","price":15.3},{"type":"B","date":"2018-03-19T06:01:57.000Z","volume":2000,"label":" ","price":15.3},{"type":"U","date":"2018-03-19T06:02:52.000Z","volume":2000,"label":"X","price":15.32},{"type":"A","date":"2018-03-19T06:04:29.000Z","volume":4000,"label":" ","price":15.34},{"type":"B","date":"2018-03-19T06:04:29.000Z","volume":2000,"label":" ","price":15.32},{"type":"A","date":"2018-03-19T06:04:56.000Z","volume":2000,"label":" ","price":15.34},{"type":"A","date":"2018-03-19T06:04:57.000Z","volume":2000,"label":" ","price":15.34},{"type":"A","date":"2018-03-19T06:04:57.000Z","volume":20000,"label":" ","price":15.34},{"type":"A","date":"2018-03-19T06:04:57.000Z","volume":2000,"label":" ","price":15.34},{"type":"A","date":"2018-03-19T06:04:57.000Z","volume":8000,"label":" ","price":15.34},{"type":"U","date":"2018-03-19T06:04:57.000Z","volume":2000,"label":"X","price":15.34},{"type":"A","date":"2018-03-19T06:04:57.000Z","volume":2000,"label":" ","price":15.36},{"type":"B","date":"2018-03-19T06:04:57.000Z","volume":10000,"label":" ","price":15.34},{"type":"B","date":"2018-03-19T06:04:57.000Z","volume":4000,"label":" ","price":15.32},{"type":"B","date":"2018-03-19T06:04:57.000Z","volume":2000,"label":" ","price":15.32},{"type":"B","date":"2018-03-19T06:04:57.000Z","volume":2000,"label":" ","price":15.3},{"type":"A","date":"2018-03-19T06:04:58.000Z","volume":6000,"label":" ","price":15.36},{"type":"B","date":"2018-03-19T06:04:58.000Z","volume":2000,"label":" ","price":15.32},{"type":"A","date":"2018-03-19T06:05:02.000Z","volume":2000,"label":" ","price":15.44},{"type":"U","date":"2018-03-19T06:05:02.000Z","volume":2000,"label":" ","price":15.44},{"type":"B","date":"2018-03-19T06:05:02.000Z","volume":2000,"label":" ","price":15.38},{"type":"B","date":"2018-03-19T06:05:05.000Z","volume":2000,"label":" ","price":15.38},{"type":"B","date":"2018-03-19T06:05:05.000Z","volume":4000,"label":" ","price":15.38},{"type":"A","date":"2018-03-19T06:05:05.000Z","volume":2000,"label":" ","price":15.34},{"type":"U","date":"2018-03-19T06:05:06.000Z","volume":2000,"label":"X","price":15.4},{"type":"B","date":"2018-03-19T06:05:12.000Z","volume":2000,"label":" ","price":15.36},{"type":"B","date":"2018-03-19T06:05:13.000Z","volume":2000,"label":" ","price":15.36},{"type":"A","date":"2018-03-19T06:05:23.000Z","volume":2000,"label":" ","price":15.46},{"type":"U","date":"2018-03-19T06:09:36.000Z","volume":4000,"label":" ","price":15.4},{"type":"B","date":"2018-03-19T06:09:36.000Z","volume":2000,"label":" ","price":15.38},{"type":"U","date":"2018-03-19T06:09:37.000Z","volume":2000,"label":"X","price":15.41},{"type":"B","date":"2018-03-19T06:09:42.000Z","volume":2000,"label":" ","price":15.38},{"type":"B","date":"2018-03-19T06:09:42.000Z","volume":2000,"label":" ","price":15.38},{"type":"A","date":"2018-03-19T06:11:58.000Z","volume":4000,"label":" ","price":15.38},{"type":"U","date":"2018-03-19T06:11:58.000Z","volume":2000,"label":"X","price":15.37},{"type":"A","date":"2018-03-19T06:12:25.000Z","volume":2000,"label":" ","price":15.38},{"type":"B","date":"2018-03-19T06:12:25.000Z","volume":2000,"label":" ","price":15.36},{"type":"B","date":"2018-03-19T06:12:36.000Z","volume":4000,"label":" ","price":15.36},{"type":"B","date":"2018-03-19T06:12:36.000Z","volume":2000,"label":" ","price":15.36},{"type":"U","date":"2018-03-19T06:12:38.000Z","volume":2000,"label":"X","price":15.37},{"type":"B","date":"2018-03-19T06:12:42.000Z","volume":14000,"label":" ","price":15.36},{"type":"B","date":"2018-03-19T06:12:43.000Z","volume":4000,"label":" ","price":15.34},{"type":"A","date":"2018-03-19T06:12:43.000Z","volume":2000,"label":" ","price":15.3},{"type":"B","date":"2018-03-19T06:12:49.000Z","volume":2000,"label":" ","price":15.28},{"type":"B","date":"2018-03-19T06:12:57.000Z","volume":2000,"label":" ","price":15.28},{"type":"B","date":"2018-03-19T06:12:58.000Z","volume":2000,"label":" ","price":15.28},{"type":"B","date":"2018-03-19T06:13:05.000Z","volume":2000,"label":" ","price":15.28},{"type":"A","date":"2018-03-19T06:13:38.000Z","volume":2000,"label":" ","price":15.36},{"type":"A","date":"2018-03-19T06:13:38.000Z","volume":2000,"label":" ","price":15.36},{"type":"A","date":"2018-03-19T06:13:38.000Z","volume":2000,"label":" ","price":15.36},{"type":"B","date":"2018-03-19T06:13:38.000Z","volume":2000,"label":" ","price":15.34},{"type":"A","date":"2018-03-19T06:13:39.000Z","volume":2000,"label":" ","price":15.38},{"type":"B","date":"2018-03-19T06:13:39.000Z","volume":2000,"label":" ","price":15.34},{"type":"A","date":"2018-03-19T06:13:43.000Z","volume":2000,"label":" ","price":15.38},{"type":"U","date":"2018-03-19T06:13:43.000Z","volume":2000,"label":"X","price":15.36},{"type":"U","date":"2018-03-19T06:13:54.000Z","volume":2000,"label":"X","price":15.38},{"type":"A","date":"2018-03-19T06:14:22.000Z","volume":4000,"label":" ","price":15.38},{"type":"B","date":"2018-03-19T06:14:23.000Z","volume":2000,"label":" ","price":15.36},{"type":"A","date":"2018-03-19T06:15:40.000Z","volume":2000,"label":" ","price":15.4},{"type":"U","date":"2018-03-19T06:16:16.000Z","volume":2000,"label":" ","price":15.38},{"type":"B","date":"2018-03-19T06:16:16.000Z","volume":2000,"label":" ","price":15.38},{"type":"B","date":"2018-03-19T06:17:43.000Z","volume":2000,"label":" ","price":15.38},{"type":"A","date":"2018-03-19T06:18:51.000Z","volume":4000,"label":" ","price":15.4},{"type":"B","date":"2018-03-19T06:18:51.000Z","volume":2000,"label":" ","price":15.38},{"type":"B","date":"2018-03-19T06:18:53.000Z","volume":4000,"label":" ","price":15.38},{"type":"B","date":"2018-03-19T06:18:54.000Z","volume":2000,"label":" ","price":15.38},{"type":"A","date":"2018-03-19T06:18:57.000Z","volume":2000,"label":" ","price":15.4},{"type":"B","date":"2018-03-19T06:18:57.000Z","volume":2000,"label":" ","price":15.38},{"type":"B","date":"2018-03-19T06:18:58.000Z","volume":2000,"label":" ","price":15.38},{"type":"A","date":"2018-03-19T06:19:00.000Z","volume":2000,"label":" ","price":15.4},{"type":"A","date":"2018-03-19T06:19:40.000Z","volume":2000,"label":" ","price":15.4},{"type":"B","date":"2018-03-19T06:19:40.000Z","volume":2000,"label":" ","price":15.38},{"type":"A","date":"2018-03-19T06:19:41.000Z","volume":2000,"label":" ","price":15.4},{"type":"B","date":"2018-03-19T06:21:50.000Z","volume":2000,"label":" ","price":15.38},{"type":"B","date":"2018-03-19T06:21:50.000Z","volume":2000,"label":" ","price":15.38},{"type":"B","date":"2018-03-19T06:21:57.000Z","volume":16000,"label":" ","price":15.38},{"type":"B","date":"2018-03-19T06:21:57.000Z","volume":10000,"label":" ","price":15.38},{"type":"B","date":"2018-03-19T06:21:57.000Z","volume":2000,"label":" ","price":15.36},{"type":"B","date":"2018-03-19T06:21:57.000Z","volume":2000,"label":" ","price":15.32},{"type":"B","date":"2018-03-19T06:21:57.000Z","volume":10000,"label":" ","price":15.3},{"type":"B","date":"2018-03-19T06:21:57.000Z","volume":4000,"label":" ","price":15.26},{"type":"A","date":"2018-03-19T06:22:01.000Z","volume":6000,"label":" ","price":15.38},{"type":"B","date":"2018-03-19T06:22:01.000Z","volume":4000,"label":" ","price":15.26},{"type":"U","date":"2018-03-19T06:22:04.000Z","volume":2000,"label":"X","price":15.32},{"type":"B","date":"2018-03-19T06:22:05.000Z","volume":2000,"label":" ","price":15.26},{"type":"A","date":"2018-03-19T06:22:32.000Z","volume":2000,"label":" ","price":15.36},{"type":"B","date":"2018-03-19T06:22:32.000Z","volume":2000,"label":" ","price":15.28},{"type":"A","date":"2018-03-19T06:22:44.000Z","volume":2000,"label":" ","price":15.36},{"type":"A","date":"2018-03-19T06:23:05.000Z","volume":4000,"label":" ","price":15.36},{"type":"A","date":"2018-03-19T06:23:05.000Z","volume":2000,"label":" ","price":15.36},{"type":"B","date":"2018-03-19T06:23:06.000Z","volume":2000,"label":" ","price":15.34},{"type":"A","date":"2018-03-19T06:23:07.000Z","volume":2000,"label":" ","price":15.36},{"type":"A","date":"2018-03-19T06:23:07.000Z","volume":2000,"label":" ","price":15.36},{"type":"B","date":"2018-03-19T06:23:07.000Z","volume":2000,"label":" ","price":15.34},{"type":"U","date":"2018-03-19T06:23:12.000Z","volume":2000,"label":"X","price":15.35},{"type":"B","date":"2018-03-19T06:25:20.000Z","volume":4000,"label":" ","price":15.36},{"type":"B","date":"2018-03-19T06:25:20.000Z","volume":2000,"label":" ","price":15.32},{"type":"A","date":"2018-03-19T06:29:04.000Z","volume":20000,"label":" ","price":15.36},{"type":"B","date":"2018-03-19T06:29:04.000Z","volume":8000,"label":" ","price":15.34},{"type":"B","date":"2018-03-19T06:29:05.000Z","volume":2000,"label":" ","price":15.34},{"type":"B","date":"2018-03-19T06:29:05.000Z","volume":2000,"label":" ","price":15.34},{"type":"A","date":"2018-03-19T06:29:10.000Z","volume":6000,"label":" ","price":15.4},{"type":"U","date":"2018-03-19T06:29:10.000Z","volume":2000,"label":" ","price":15.4},{"type":"B","date":"2018-03-19T06:29:10.000Z","volume":2000,"label":" ","price":15.34},{"type":"U","date":"2018-03-19T06:29:16.000Z","volume":2000,"label":"X","price":15.38},{"type":"U","date":"2018-03-19T06:29:27.000Z","volume":12000,"label":" ","price":15.4},{"type":"B","date":"2018-03-19T06:29:27.000Z","volume":6000,"label":" ","price":15.32},{"type":"B","date":"2018-03-19T06:29:28.000Z","volume":2000,"label":" ","price":15.34},{"type":"A","date":"2018-03-19T06:29:32.000Z","volume":4000,"label":" ","price":15.42},{"type":"B","date":"2018-03-19T06:29:33.000Z","volume":2000,"label":" ","price":15.3},{"type":"B","date":"2018-03-19T06:29:36.000Z","volume":2000,"label":" ","price":15.36},{"type":"B","date":"2018-03-19T06:29:36.000Z","volume":2000,"label":" ","price":15.3},{"type":"B","date":"2018-03-19T06:29:43.000Z","volume":2000,"label":" ","price":15.36},{"type":"A","date":"2018-03-19T06:29:44.000Z","volume":8000,"label":" ","price":15.42},{"type":"B","date":"2018-03-19T06:29:44.000Z","volume":4000,"label":" ","price":15.28},{"type":"U","date":"2018-03-19T06:29:50.000Z","volume":2000,"label":" ","price":15.38},{"type":"A","date":"2018-03-19T06:29:56.000Z","volume":4000,"label":" ","price":15.4},{"type":"B","date":"2018-03-19T06:29:56.000Z","volume":2000,"label":" ","price":15.34},{"type":"A","date":"2018-03-19T06:30:06.000Z","volume":2000,"label":" ","price":15.4},{"type":"B","date":"2018-03-19T06:30:07.000Z","volume":2000,"label":" ","price":15.34},{"type":"A","date":"2018-03-19T06:30:21.000Z","volume":2000,"label":" ","price":15.4},{"type":"A","date":"2018-03-19T06:30:41.000Z","volume":12000,"label":" ","price":15.42},{"type":"B","date":"2018-03-19T06:30:41.000Z","volume":6000,"label":" ","price":15.34},{"type":"U","date":"2018-03-19T06:30:47.000Z","volume":2000,"label":"X","price":15.4},{"type":"B","date":"2018-03-19T06:30:49.000Z","volume":2000,"label":" ","price":15.38},{"type":"A","date":"2018-03-19T06:31:17.000Z","volume":8000,"label":" ","price":15.42},{"type":"B","date":"2018-03-19T06:31:17.000Z","volume":4000,"label":" ","price":15.36},{"type":"U","date":"2018-03-19T06:31:23.000Z","volume":2000,"label":"X","price":15.4},{"type":"A","date":"2018-03-19T06:31:31.000Z","volume":20000,"label":" ","price":15.44},{"type":"B","date":"2018-03-19T06:31:31.000Z","volume":6000,"label":" ","price":15.36},{"type":"B","date":"2018-03-19T06:31:31.000Z","volume":2000,"label":" ","price":15.34},{"type":"A","date":"2018-03-19T06:31:32.000Z","volume":2000,"label":" ","price":15.44},{"type":"B","date":"2018-03-19T06:31:35.000Z","volume":2000,"label":" ","price":15.36},{"type":"B","date":"2018-03-19T06:31:35.000Z","volume":2000,"label":" ","price":15.34},{"type":"A","date":"2018-03-19T06:31:35.000Z","volume":2000,"label":" ","price":15.44},{"type":"A","date":"2018-03-19T06:32:01.000Z","volume":6000,"label":" ","price":15.44},{"type":"B","date":"2018-03-19T06:32:01.000Z","volume":4000,"label":" ","price":15.38},{"type":"B","date":"2018-03-19T06:32:08.000Z","volume":2000,"label":" ","price":15.4},{"type":"A","date":"2018-03-19T06:32:28.000Z","volume":2000,"label":" ","price":15.44},{"type":"U","date":"2018-03-19T06:32:44.000Z","volume":2000,"label":" ","price":15.42},{"type":"B","date":"2018-03-19T06:32:44.000Z","volume":2000,"label":" ","price":15.4},{"type":"A","date":"2018-03-19T06:32:59.000Z","volume":2000,"label":" ","price":15.44},{"type":"B","date":"2018-03-19T06:33:04.000Z","volume":2000,"label":" ","price":15.42},{"type":"B","date":"2018-03-19T06:33:04.000Z","volume":2000,"label":" ","price":15.4},{"type":"B","date":"2018-03-19T06:33:05.000Z","volume":6000,"label":" ","price":15.4},{"type":"B","date":"2018-03-19T06:33:05.000Z","volume":2000,"label":" ","price":15.32},{"type":"A","date":"2018-03-19T06:33:13.000Z","volume":24000,"label":" ","price":15.46},{"type":"B","date":"2018-03-19T06:33:13.000Z","volume":4000,"label":" ","price":15.36},{"type":"B","date":"2018-03-19T06:33:13.000Z","volume":6000,"label":" ","price":15.34},{"type":"A","date":"2018-03-19T06:33:14.000Z","volume":6000,"label":" ","price":15.44},{"type":"B","date":"2018-03-19T06:33:14.000Z","volume":2000,"label":" ","price":15.3},{"type":"U","date":"2018-03-19T06:33:17.000Z","volume":2000,"label":"X","price":15.37},{"type":"B","date":"2018-03-19T06:33:20.000Z","volume":4000,"label":" ","price":15.3},{"type":"B","date":"2018-03-19T06:33:20.000Z","volume":2000,"label":" ","price":15.32},{"type":"B","date":"2018-03-19T06:33:28.000Z","volume":2000,"label":" ","price":15.32},{"type":"B","date":"2018-03-19T06:33:28.000Z","volume":2000,"label":" ","price":15.34},{"type":"A","date":"2018-03-19T06:33:33.000Z","volume":10000,"label":" ","price":15.44},{"type":"B","date":"2018-03-19T06:33:34.000Z","volume":4000,"label":" ","price":15.34},{"type":"A","date":"2018-03-19T06:33:40.000Z","volume":4000,"label":" ","price":15.48},{"type":"B","date":"2018-03-19T06:33:40.000Z","volume":2000,"label":" ","price":15.36},{"type":"B","date":"2018-03-19T06:33:43.000Z","volume":2000,"label":" ","price":15.36},{"type":"U","date":"2018-03-19T06:33:46.000Z","volume":2000,"label":"X","price":15.44},{"type":"A","date":"2018-03-19T06:34:13.000Z","volume":30000,"label":" ","price":15.48},{"type":"B","date":"2018-03-19T06:34:13.000Z","volume":2000,"label":" ","price":15.38},{"type":"B","date":"2018-03-19T06:34:13.000Z","volume":12000,"label":" ","price":15.36},{"type":"A","date":"2018-03-19T06:34:17.000Z","volume":8000,"label":" ","price":15.48},{"type":"B","date":"2018-03-19T06:34:17.000Z","volume":2000,"label":" ","price":15.36},{"type":"B","date":"2018-03-19T06:34:20.000Z","volume":6000,"label":" ","price":15.32},{"type":"B","date":"2018-03-19T06:34:20.000Z","volume":4000,"label":" ","price":15.32},{"type":"U","date":"2018-03-19T06:34:22.000Z","volume":2000,"label":"X","price":15.39},{"type":"B","date":"2018-03-19T06:36:50.000Z","volume":2000,"label":" ","price":15.36},{"type":"A","date":"2018-03-19T06:39:42.000Z","volume":20000,"label":" ","price":15.46},{"type":"B","date":"2018-03-19T06:39:42.000Z","volume":6000,"label":" ","price":15.42},{"type":"B","date":"2018-03-19T06:39:42.000Z","volume":2000,"label":" ","price":15.4},{"type":"A","date":"2018-03-19T06:39:44.000Z","volume":6000,"label":" ","price":15.48},{"type":"B","date":"2018-03-19T06:39:44.000Z","volume":2000,"label":" ","price":15.42},{"type":"B","date":"2018-03-19T06:39:44.000Z","volume":2000,"label":" ","price":15.4},{"type":"B","date":"2018-03-19T06:39:50.000Z","volume":2000,"label":" ","price":15.4},{"type":"A","date":"2018-03-19T06:40:14.000Z","volume":2000,"label":" ","price":15.48},{"type":"B","date":"2018-03-19T06:43:43.000Z","volume":2000,"label":" ","price":15.44},{"type":"B","date":"2018-03-19T06:43:43.000Z","volume":2000,"label":" ","price":15.44},{"type":"B","date":"2018-03-19T06:43:50.000Z","volume":2000,"label":" ","price":15.44},{"type":"A","date":"2018-03-19T06:45:44.000Z","volume":4000,"label":" ","price":15.46},{"type":"B","date":"2018-03-19T06:45:44.000Z","volume":2000,"label":" ","price":15.44},{"type":"U","date":"2018-03-19T06:45:50.000Z","volume":2000,"label":"X","price":15.45},{"type":"B","date":"2018-03-19T06:48:26.000Z","volume":8000,"label":" ","price":15.44},{"type":"B","date":"2018-03-19T06:48:26.000Z","volume":12000,"label":" ","price":15.44},{"type":"B","date":"2018-03-19T06:48:26.000Z","volume":8000,"label":" ","price":15.42},{"type":"B","date":"2018-03-19T06:48:28.000Z","volume":2000,"label":" ","price":15.3},{"type":"B","date":"2018-03-19T06:48:28.000Z","volume":2000,"label":" ","price":15.3},{"type":"A","date":"2018-03-19T06:48:32.000Z","volume":4000,"label":" ","price":15.46},{"type":"B","date":"2018-03-19T06:48:32.000Z","volume":2000,"label":" ","price":15.36},{"type":"B","date":"2018-03-19T06:48:35.000Z","volume":2000,"label":" ","price":15.34},{"type":"A","date":"2018-03-19T06:48:38.000Z","volume":2000,"label":" ","price":15.46},{"type":"B","date":"2018-03-19T06:48:38.000Z","volume":2000,"label":" ","price":15.32},{"type":"A","date":"2018-03-19T06:49:24.000Z","volume":2000,"label":" ","price":15.42},{"type":"A","date":"2018-03-19T06:49:39.000Z","volume":6000,"label":" ","price":15.42},{"type":"B","date":"2018-03-19T06:49:40.000Z","volume":2000,"label":" ","price":15.4},{"type":"U","date":"2018-03-19T06:49:47.000Z","volume":2000,"label":"X","price":15.41},{"type":"A","date":"2018-03-19T06:52:16.000Z","volume":2000,"label":" ","price":15.42},{"type":"B","date":"2018-03-19T06:52:16.000Z","volume":2000,"label":" ","price":15.4},{"type":"U","date":"2018-03-19T06:52:19.000Z","volume":2000,"label":"X","price":15.41},{"type":"U","date":"2018-03-19T06:53:56.000Z","volume":2000,"label":"X","price":15.42},{"type":"A","date":"2018-03-19T06:54:09.000Z","volume":2000,"label":" ","price":15.42},{"type":"A","date":"2018-03-19T06:55:23.000Z","volume":4000,"label":" ","price":15.42},{"type":"B","date":"2018-03-19T06:55:23.000Z","volume":2000,"label":" ","price":15.4},{"type":"B","date":"2018-03-19T06:55:49.000Z","volume":10000,"label":" ","price":15.4},{"type":"B","date":"2018-03-19T06:55:49.000Z","volume":4000,"label":" ","price":15.4},{"type":"B","date":"2018-03-19T06:55:49.000Z","volume":10000,"label":" ","price":15.4},{"type":"B","date":"2018-03-19T06:55:49.000Z","volume":2000,"label":" ","price":15.38},{"type":"B","date":"2018-03-19T06:55:49.000Z","volume":2000,"label":" ","price":15.34},{"type":"A","date":"2018-03-19T06:55:50.000Z","volume":2000,"label":" ","price":15.4},{"type":"B","date":"2018-03-19T06:55:50.000Z","volume":2000,"label":" ","price":15.36},{"type":"A","date":"2018-03-19T06:55:51.000Z","volume":4000,"label":" ","price":15.38},{"type":"B","date":"2018-03-19T06:55:51.000Z","volume":2000,"label":" ","price":15.34},{"type":"B","date":"2018-03-19T06:56:20.000Z","volume":2000,"label":" ","price":15.34},{"type":"B","date":"2018-03-19T06:56:28.000Z","volume":2000,"label":" ","price":15.32},{"type":"B","date":"2018-03-19T06:56:43.000Z","volume":2000,"label":" ","price":15.32},{"type":"B","date":"2018-03-19T06:56:43.000Z","volume":2000,"label":" ","price":15.34},{"type":"A","date":"2018-03-19T06:57:11.000Z","volume":6000,"label":" ","price":15.36},{"type":"B","date":"2018-03-19T06:57:11.000Z","volume":2000,"label":" ","price":15.36},{"type":"B","date":"2018-03-19T06:57:12.000Z","volume":2000,"label":" ","price":15.36},{"type":"B","date":"2018-03-19T06:57:12.000Z","volume":2000,"label":" ","price":15.34},{"type":"U","date":"2018-03-19T06:57:13.000Z","volume":2000,"label":"X","price":15.35},{"type":"A","date":"2018-03-19T06:57:45.000Z","volume":6000,"label":" ","price":15.36},{"type":"B","date":"2018-03-19T06:57:45.000Z","volume":2000,"label":" ","price":15.34},{"type":"A","date":"2018-03-19T06:57:47.000Z","volume":2000,"label":" ","price":15.36},{"type":"B","date":"2018-03-19T06:58:50.000Z","volume":2000,"label":" ","price":15.34},{"type":"B","date":"2018-03-19T06:58:51.000Z","volume":2000,"label":" ","price":15.34},{"type":"A","date":"2018-03-19T07:00:12.000Z","volume":4000,"label":" ","price":15.36},{"type":"B","date":"2018-03-19T07:00:12.000Z","volume":2000,"label":" ","price":15.34},{"type":"B","date":"2018-03-19T07:00:55.000Z","volume":8000,"label":" ","price":15.34},{"type":"B","date":"2018-03-19T07:00:56.000Z","volume":2000,"label":" ","price":15.34},{"type":"B","date":"2018-03-19T07:00:58.000Z","volume":2000,"label":" ","price":15.32},{"type":"B","date":"2018-03-19T07:00:58.000Z","volume":2000,"label":" ","price":15.32},{"type":"A","date":"2018-03-19T07:01:09.000Z","volume":2000,"label":" ","price":15.36},{"type":"A","date":"2018-03-19T07:01:09.000Z","volume":2000,"label":"Y","price":15.36},{"type":"A","date":"2018-03-19T07:01:09.000Z","volume":10000,"label":" ","price":15.36},{"type":"B","date":"2018-03-19T07:01:09.000Z","volume":2000,"label":" ","price":15.34},{"type":"B","date":"2018-03-19T07:01:09.000Z","volume":2000,"label":" ","price":15.32},{"type":"U","date":"2018-03-19T07:01:15.000Z","volume":2000,"label":"X","price":15.34},{"type":"A","date":"2018-03-19T07:01:36.000Z","volume":4000,"label":" ","price":15.36},{"type":"U","date":"2018-03-19T07:01:36.000Z","volume":2000,"label":"X","price":15.36},{"type":"A","date":"2018-03-19T07:01:36.000Z","volume":2000,"label":" ","price":15.36},{"type":"B","date":"2018-03-19T07:01:36.000Z","volume":2000,"label":" ","price":15.34},{"type":"B","date":"2018-03-19T07:01:36.000Z","volume":2000,"label":" ","price":15.34},{"type":"A","date":"2018-03-19T07:01:39.000Z","volume":2000,"label":" ","price":15.36},{"type":"A","date":"2018-03-19T07:01:43.000Z","volume":2000,"label":" ","price":15.36},{"type":"B","date":"2018-03-19T07:02:36.000Z","volume":8000,"label":" ","price":15.36},{"type":"B","date":"2018-03-19T07:02:36.000Z","volume":2000,"label":" ","price":15.36},{"type":"B","date":"2018-03-19T07:02:36.000Z","volume":2000,"label":" ","price":15.32},{"type":"B","date":"2018-03-19T07:04:42.000Z","volume":10000,"label":" ","price":15.36},{"type":"B","date":"2018-03-19T07:04:43.000Z","volume":2000,"label":" ","price":15.34},{"type":"B","date":"2018-03-19T07:04:43.000Z","volume":2000,"label":" ","price":15.3},{"type":"B","date":"2018-03-19T07:04:58.000Z","volume":2000,"label":" ","price":15.3},{"type":"B","date":"2018-03-19T07:04:58.000Z","volume":2000,"label":" ","price":15.28},{"type":"B","date":"2018-03-19T07:05:06.000Z","volume":2000,"label":" ","price":15.28},{"type":"B","date":"2018-03-19T07:05:51.000Z","volume":2000,"label":" ","price":15.32},{"type":"B","date":"2018-03-19T07:05:51.000Z","volume":2000,"label":" ","price":15.32},{"type":"A","date":"2018-03-19T07:05:57.000Z","volume":14000,"label":" ","price":15.34},{"type":"B","date":"2018-03-19T07:05:57.000Z","volume":6000,"label":" ","price":15.32},{"type":"B","date":"2018-03-19T07:05:58.000Z","volume":2000,"label":" ","price":15.3},{"type":"U","date":"2018-03-19T07:05:58.000Z","volume":2000,"label":"X","price":15.32},{"type":"A","date":"2018-03-19T07:08:38.000Z","volume":4000,"label":" ","price":15.36},{"type":"A","date":"2018-03-19T07:08:39.000Z","volume":4000,"label":" ","price":15.36},{"type":"U","date":"2018-03-19T07:08:39.000Z","volume":2000,"label":"X","price":15.36},{"type":"B","date":"2018-03-19T07:08:39.000Z","volume":2000,"label":" ","price":15.36},{"type":"B","date":"2018-03-19T07:08:39.000Z","volume":2000,"label":" ","price":15.36},{"type":"B","date":"2018-03-19T07:08:39.000Z","volume":2000,"label":" ","price":15.36},{"type":"U","date":"2018-03-19T07:08:43.000Z","volume":2000,"label":"X","price":15.37},{"type":"B","date":"2018-03-19T07:09:23.000Z","volume":10000,"label":" ","price":15.36},{"type":"B","date":"2018-03-19T07:09:23.000Z","volume":2000,"label":" ","price":15.34},{"type":"B","date":"2018-03-19T07:09:23.000Z","volume":2000,"label":" ","price":15.32},{"type":"A","date":"2018-03-19T07:12:00.000Z","volume":4000,"label":" ","price":15.38},{"type":"B","date":"2018-03-19T07:12:00.000Z","volume":2000,"label":" ","price":15.34},{"type":"A","date":"2018-03-19T07:12:02.000Z","volume":2000,"label":" ","price":15.38},{"type":"B","date":"2018-03-19T07:12:02.000Z","volume":2000,"label":" ","price":15.32},{"type":"A","date":"2018-03-19T07:12:51.000Z","volume":4000,"label":" ","price":15.36},{"type":"A","date":"2018-03-19T07:13:17.000Z","volume":2000,"label":" ","price":15.36},{"type":"B","date":"2018-03-19T07:13:17.000Z","volume":2000,"label":" ","price":15.34},{"type":"A","date":"2018-03-19T07:13:18.000Z","volume":4000,"label":" ","price":15.36},{"type":"B","date":"2018-03-19T07:13:18.000Z","volume":2000,"label":" ","price":15.34},{"type":"A","date":"2018-03-19T07:13:24.000Z","volume":2000,"label":" ","price":15.38},{"type":"A","date":"2018-03-19T07:14:13.000Z","volume":2000,"label":" ","price":15.36},{"type":"B","date":"2018-03-19T07:14:13.000Z","volume":2000,"label":" ","price":15.34},{"type":"B","date":"2018-03-19T07:14:25.000Z","volume":8000,"label":" ","price":15.34},{"type":"B","date":"2018-03-19T07:14:25.000Z","volume":2000,"label":" ","price":15.32},{"type":"A","date":"2018-03-19T07:15:59.000Z","volume":4000,"label":" ","price":15.34},{"type":"B","date":"2018-03-19T07:15:59.000Z","volume":2000,"label":" ","price":15.32},{"type":"B","date":"2018-03-19T07:16:06.000Z","volume":2000,"label":" ","price":15.32},{"type":"B","date":"2018-03-19T07:16:06.000Z","volume":2000,"label":" ","price":15.32},{"type":"A","date":"2018-03-19T07:17:07.000Z","volume":8000,"label":" ","price":15.34},{"type":"U","date":"2018-03-19T07:17:07.000Z","volume":2000,"label":"X","price":15.34},{"type":"B","date":"2018-03-19T07:17:07.000Z","volume":2000,"label":" ","price":15.32},{"type":"A","date":"2018-03-19T07:18:39.000Z","volume":14000,"label":" ","price":15.34},{"type":"B","date":"2018-03-19T07:18:39.000Z","volume":6000,"label":" ","price":15.32},{"type":"U","date":"2018-03-19T07:18:45.000Z","volume":2000,"label":"X","price":15.34},{"type":"B","date":"2018-03-19T07:20:29.000Z","volume":30000,"label":" ","price":15.32},{"type":"U","date":"2018-03-19T07:20:32.000Z","volume":2000,"label":"X","price":15.34},{"type":"B","date":"2018-03-19T07:20:36.000Z","volume":2000,"label":" ","price":15.32},{"type":"B","date":"2018-03-19T07:20:51.000Z","volume":2000,"label":" ","price":15.32},{"type":"A","date":"2018-03-19T07:22:03.000Z","volume":4000,"label":" ","price":15.36},{"type":"A","date":"2018-03-19T07:22:04.000Z","volume":2000,"label":" ","price":15.36},{"type":"U","date":"2018-03-19T07:22:04.000Z","volume":2000,"label":"X","price":15.36},{"type":"B","date":"2018-03-19T07:22:05.000Z","volume":8000,"label":" ","price":15.34},{"type":"B","date":"2018-03-19T07:23:34.000Z","volume":26000,"label":" ","price":15.34},{"type":"A","date":"2018-03-19T07:23:35.000Z","volume":4000,"label":" ","price":15.36},{"type":"B","date":"2018-03-19T07:23:36.000Z","volume":2000,"label":" ","price":15.32},{"type":"A","date":"2018-03-19T07:25:21.000Z","volume":4000,"label":" ","price":15.36},{"type":"U","date":"2018-03-19T07:25:23.000Z","volume":2000,"label":"X","price":15.35},{"type":"B","date":"2018-03-19T07:26:21.000Z","volume":12000,"label":" ","price":15.34},{"type":"B","date":"2018-03-19T07:26:29.000Z","volume":2000,"label":" ","price":15.34},{"type":"B","date":"2018-03-19T07:28:29.000Z","volume":2000,"label":" ","price":15.34},{"type":"A","date":"2018-03-19T07:28:40.000Z","volume":4000,"label":" ","price":15.36},{"type":"A","date":"2018-03-19T07:28:40.000Z","volume":6000,"label":" ","price":15.36},{"type":"U","date":"2018-03-19T07:28:40.000Z","volume":2000,"label":"X","price":15.36},{"type":"U","date":"2018-03-19T07:28:41.000Z","volume":2000,"label":"X","price":15.35},{"type":"A","date":"2018-03-19T07:29:02.000Z","volume":2000,"label":"Y","price":15.36},{"type":"A","date":"2018-03-19T07:29:02.000Z","volume":12000,"label":" ","price":15.36},{"type":"A","date":"2018-03-19T07:29:09.000Z","volume":4000,"label":" ","price":15.38},{"type":"B","date":"2018-03-19T07:30:46.000Z","volume":10000,"label":" ","price":15.36},{"type":"A","date":"2018-03-19T07:31:46.000Z","volume":4000,"label":" ","price":15.38},{"type":"U","date":"2018-03-19T07:31:50.000Z","volume":2000,"label":"X","price":15.37},{"type":"A","date":"2018-03-19T07:31:51.000Z","volume":18000,"label":" ","price":15.38},{"type":"A","date":"2018-03-19T07:31:57.000Z","volume":2000,"label":" ","price":15.4},{"type":"A","date":"2018-03-19T07:32:06.000Z","volume":2000,"label":" ","price":15.4},{"type":"A","date":"2018-03-19T07:32:53.000Z","volume":4000,"label":" ","price":15.4},{"type":"A","date":"2018-03-19T07:32:55.000Z","volume":12000,"label":" ","price":15.4},{"type":"A","date":"2018-03-19T07:32:57.000Z","volume":2000,"label":" ","price":15.4},{"type":"A","date":"2018-03-19T07:32:57.000Z","volume":4000,"label":" ","price":15.4},{"type":"A","date":"2018-03-19T07:33:00.000Z","volume":2000,"label":" ","price":15.4},{"type":"A","date":"2018-03-19T07:33:00.000Z","volume":4000,"label":" ","price":15.4},{"type":"A","date":"2018-03-19T07:33:02.000Z","volume":4000,"label":" ","price":15.4},{"type":"A","date":"2018-03-19T07:33:08.000Z","volume":2000,"label":" ","price":15.4},{"type":"A","date":"2018-03-19T07:33:53.000Z","volume":14000,"label":" ","price":15.4},{"type":"A","date":"2018-03-19T07:33:57.000Z","volume":2000,"label":" ","price":15.4},{"type":"U","date":"2018-03-19T07:34:02.000Z","volume":2000,"label":"X","price":15.41},{"type":"A","date":"2018-03-19T07:34:38.000Z","volume":6000,"label":" ","price":15.42},{"type":"A","date":"2018-03-19T07:35:48.000Z","volume":4000,"label":" ","price":15.42},{"type":"A","date":"2018-03-19T07:35:48.000Z","volume":2000,"label":" ","price":15.42},{"type":"A","date":"2018-03-19T07:35:55.000Z","volume":2000,"label":" ","price":15.42},{"type":"B","date":"2018-03-19T07:36:16.000Z","volume":8000,"label":" ","price":15.4},{"type":"U","date":"2018-03-19T07:36:22.000Z","volume":2000,"label":"X","price":15.41},{"type":"A","date":"2018-03-19T07:38:07.000Z","volume":2000,"label":" ","price":15.42},{"type":"A","date":"2018-03-19T07:39:06.000Z","volume":4000,"label":" ","price":15.42},{"type":"U","date":"2018-03-19T07:39:12.000Z","volume":2000,"label":"X","price":15.41},{"type":"A","date":"2018-03-19T07:39:42.000Z","volume":2000,"label":" ","price":15.42},{"type":"B","date":"2018-03-19T07:40:08.000Z","volume":12000,"label":" ","price":15.4},{"type":"A","date":"2018-03-19T07:42:12.000Z","volume":4000,"label":" ","price":15.42},{"type":"B","date":"2018-03-19T07:43:23.000Z","volume":8000,"label":" ","price":15.4},{"type":"A","date":"2018-03-19T07:45:11.000Z","volume":2000,"label":" ","price":15.42},{"type":"A","date":"2018-03-19T07:45:22.000Z","volume":4000,"label":" ","price":15.42},{"type":"B","date":"2018-03-19T07:45:39.000Z","volume":8000,"label":" ","price":15.4},{"type":"U","date":"2018-03-19T07:45:42.000Z","volume":2000,"label":"X","price":15.41},{"type":"B","date":"2018-03-19T07:45:44.000Z","volume":2000,"label":" ","price":15.4},{"type":"B","date":"2018-03-19T07:48:02.000Z","volume":10000,"label":" ","price":15.4},{"type":"A","date":"2018-03-19T07:48:05.000Z","volume":2000,"label":" ","price":15.42},{"type":"A","date":"2018-03-19T07:48:41.000Z","volume":4000,"label":" ","price":15.42},{"type":"B","date":"2018-03-19T07:48:50.000Z","volume":2000,"label":" ","price":15.4},{"type":"A","date":"2018-03-19T07:48:51.000Z","volume":2000,"label":" ","price":15.42},{"type":"B","date":"2018-03-19T07:49:22.000Z","volume":2000,"label":" ","price":15.4},{"type":"B","date":"2018-03-19T07:49:51.000Z","volume":2000,"label":" ","price":15.4},{"type":"B","date":"2018-03-19T07:50:18.000Z","volume":10000,"label":" ","price":15.4},{"type":"B","date":"2018-03-19T07:50:21.000Z","volume":4000,"label":" ","price":15.4},{"type":"B","date":"2018-03-19T07:50:24.000Z","volume":2000,"label":" ","price":15.4},{"type":"B","date":"2018-03-19T07:50:59.000Z","volume":2000,"label":" ","price":15.4},{"type":"B","date":"2018-03-19T07:50:59.000Z","volume":2000,"label":" ","price":15.4},{"type":"B","date":"2018-03-19T07:51:17.000Z","volume":2000,"label":" ","price":15.4},{"type":"B","date":"2018-03-19T07:51:29.000Z","volume":2000,"label":" ","price":15.4},{"type":"A","date":"2018-03-19T07:51:30.000Z","volume":2000,"label":" ","price":15.42},{"type":"B","date":"2018-03-19T07:51:47.000Z","volume":4000,"label":" ","price":15.4},{"type":"A","date":"2018-03-19T07:51:51.000Z","volume":4000,"label":" ","price":15.4},{"type":"B","date":"2018-03-19T07:51:52.000Z","volume":2000,"label":" ","price":15.38},{"type":"A","date":"2018-03-19T07:51:57.000Z","volume":12000,"label":" ","price":15.4},{"type":"A","date":"2018-03-19T07:51:58.000Z","volume":4000,"label":" ","price":15.4},{"type":"B","date":"2018-03-19T07:51:59.000Z","volume":4000,"label":" ","price":15.38},{"type":"A","date":"2018-03-19T07:52:01.000Z","volume":2000,"label":" ","price":15.4},{"type":"B","date":"2018-03-19T07:52:38.000Z","volume":2000,"label":" ","price":15.38},{"type":"A","date":"2018-03-19T07:52:45.000Z","volume":12000,"label":" ","price":15.4},{"type":"A","date":"2018-03-19T07:52:45.000Z","volume":2000,"label":" ","price":15.4},{"type":"A","date":"2018-03-19T07:52:51.000Z","volume":4000,"label":" ","price":15.42},{"type":"A","date":"2018-03-19T07:53:11.000Z","volume":4000,"label":" ","price":15.4},{"type":"B","date":"2018-03-19T07:53:20.000Z","volume":2000,"label":" ","price":15.38},{"type":"A","date":"2018-03-19T07:53:21.000Z","volume":2000,"label":" ","price":15.4},{"type":"B","date":"2018-03-19T07:53:50.000Z","volume":2000,"label":" ","price":15.38},{"type":"B","date":"2018-03-19T07:54:01.000Z","volume":4000,"label":" ","price":15.38},{"type":"B","date":"2018-03-19T07:54:29.000Z","volume":2000,"label":" ","price":15.38},{"type":"A","date":"2018-03-19T07:54:35.000Z","volume":2000,"label":" ","price":15.4},{"type":"B","date":"2018-03-19T07:54:44.000Z","volume":8000,"label":" ","price":15.38},{"type":"A","date":"2018-03-19T07:54:47.000Z","volume":2000,"label":" ","price":15.4},{"type":"B","date":"2018-03-19T07:55:05.000Z","volume":2000,"label":" ","price":15.38},{"type":"A","date":"2018-03-19T07:55:09.000Z","volume":4000,"label":" ","price":15.4},{"type":"A","date":"2018-03-19T07:55:19.000Z","volume":2000,"label":" ","price":15.4},{"type":"B","date":"2018-03-19T07:55:36.000Z","volume":2000,"label":" ","price":15.38},{"type":"B","date":"2018-03-19T07:55:49.000Z","volume":10000,"label":" ","price":15.38},{"type":"B","date":"2018-03-19T07:55:50.000Z","volume":2000,"label":" ","price":15.38},{"type":"B","date":"2018-03-19T07:56:12.000Z","volume":2000,"label":" ","price":15.38},{"type":"B","date":"2018-03-19T07:56:34.000Z","volume":2000,"label":" ","price":15.38},{"type":"B","date":"2018-03-19T07:56:44.000Z","volume":2000,"label":" ","price":15.38},{"type":"B","date":"2018-03-19T07:56:49.000Z","volume":2000,"label":" ","price":15.38},{"type":"B","date":"2018-03-19T07:56:58.000Z","volume":8000,"label":" ","price":15.38},{"type":"B","date":"2018-03-19T07:57:10.000Z","volume":2000,"label":" ","price":15.38},{"type":"B","date":"2018-03-19T07:57:19.000Z","volume":2000,"label":" ","price":15.38},{"type":"B","date":"2018-03-19T07:57:51.000Z","volume":2000,"label":" ","price":15.38},{"type":"B","date":"2018-03-19T07:57:59.000Z","volume":12000,"label":" ","price":15.38},{"type":"B","date":"2018-03-19T07:58:01.000Z","volume":2000,"label":" ","price":15.38},{"type":"A","date":"2018-03-19T07:58:12.000Z","volume":4000,"label":" ","price":15.4},{"type":"A","date":"2018-03-19T07:58:31.000Z","volume":2000,"label":" ","price":15.4},{"type":"B","date":"2018-03-19T07:59:00.000Z","volume":2000,"label":" ","price":15.38},{"type":"A","date":"2018-03-19T07:59:07.000Z","volume":2000,"label":" ","price":15.4},{"type":"A","date":"2018-03-19T07:59:08.000Z","volume":2000,"label":" ","price":15.4},{"type":"A","date":"2018-03-19T07:59:10.000Z","volume":2000,"label":" ","price":15.4},{"type":"A","date":"2018-03-19T07:59:18.000Z","volume":2000,"label":" ","price":15.4},{"type":"B","date":"2018-03-19T07:59:25.000Z","volume":8000,"label":" ","price":15.38},{"type":"B","date":"2018-03-19T07:59:35.000Z","volume":2000,"label":" ","price":15.38},{"type":"B","date":"2018-03-19T07:59:40.000Z","volume":2000,"label":" ","price":15.38},{"type":"B","date":"2018-03-19T07:59:44.000Z","volume":2000,"label":" ","price":15.38},{"type":"B","date":"2018-03-19T07:59:46.000Z","volume":2000,"label":" ","price":15.38},{"type":"A","date":"2018-03-19T07:59:47.000Z","volume":2000,"label":" ","price":15.4},{"type":"A","date":"2018-03-19T07:59:47.000Z","volume":2000,"label":" ","price":15.4},{"type":"B","date":"2018-03-19T07:59:52.000Z","volume":2000,"label":" ","price":15.38},{"type":"A","date":"2018-03-19T07:59:55.000Z","volume":2000,"label":" ","price":15.4},{"type":"A","date":"2018-03-19T07:59:59.000Z","volume":2000,"label":" ","price":15.4},{"type":"U","date":"2018-03-19T08:08:17.000Z","volume":202000,"label":"U","price":15.38}]