[{"type":"U","date":"2018-03-28T01:02:08.000Z","volume":18000,"label":"P","price":8.32},{"type":"U","date":"2018-03-28T01:20:00.000Z","volume":2500,"label":"U","price":8.26},{"type":"A","date":"2018-03-28T01:30:29.000Z","volume":1000,"label":" ","price":8.28},{"type":"A","date":"2018-03-28T01:30:29.000Z","volume":1000,"label":" ","price":8.29},{"type":"U","date":"2018-03-28T01:30:30.000Z","volume":500,"label":" ","price":8.29},{"type":"U","date":"2018-03-28T01:30:39.000Z","volume":1000,"label":" ","price":8.3},{"type":"A","date":"2018-03-28T01:30:39.000Z","volume":500,"label":" ","price":8.3},{"type":"A","date":"2018-03-28T01:30:40.000Z","volume":500,"label":" ","price":8.3},{"type":"U","date":"2018-03-28T01:30:42.000Z","volume":3000,"label":" ","price":8.26},{"type":"A","date":"2018-03-28T01:30:43.000Z","volume":1000,"label":" ","price":8.26},{"type":"A","date":"2018-03-28T01:30:53.000Z","volume":500,"label":" ","price":8.26},{"type":"A","date":"2018-03-28T01:33:48.000Z","volume":500,"label":" ","price":8.31},{"type":"A","date":"2018-03-28T01:33:53.000Z","volume":500,"label":" ","price":8.31},{"type":"A","date":"2018-03-28T01:33:54.000Z","volume":500,"label":" ","price":8.31},{"type":"A","date":"2018-03-28T01:39:20.000Z","volume":500,"label":" ","price":8.31},{"type":"B","date":"2018-03-28T01:39:22.000Z","volume":500,"label":" ","price":8.3},{"type":"U","date":"2018-03-28T01:39:22.000Z","volume":500,"label":"X","price":8.3},{"type":"B","date":"2018-03-28T01:42:00.000Z","volume":500,"label":" ","price":8.3},{"type":"A","date":"2018-03-28T01:42:01.000Z","volume":500,"label":" ","price":8.31},{"type":"B","date":"2018-03-28T01:44:43.000Z","volume":3500,"label":" ","price":8.3},{"type":"B","date":"2018-03-28T01:44:43.000Z","volume":1500,"label":" ","price":8.29},{"type":"B","date":"2018-03-28T01:44:43.000Z","volume":1000,"label":" ","price":8.3},{"type":"B","date":"2018-03-28T01:44:43.000Z","volume":500,"label":" ","price":8.3},{"type":"B","date":"2018-03-28T01:52:00.000Z","volume":500,"label":" ","price":8.24},{"type":"B","date":"2018-03-28T01:52:00.000Z","volume":500,"label":" ","price":8.24},{"type":"B","date":"2018-03-28T01:54:59.000Z","volume":500,"label":" ","price":8.25},{"type":"B","date":"2018-03-28T02:03:22.000Z","volume":1000,"label":" ","price":8.25},{"type":"U","date":"2018-03-28T02:03:22.000Z","volume":500,"label":"X","price":8.25},{"type":"B","date":"2018-03-28T02:03:22.000Z","volume":500,"label":" ","price":8.25},{"type":"U","date":"2018-03-28T02:03:40.000Z","volume":500,"label":"X","price":8.25},{"type":"U","date":"2018-03-28T02:08:42.000Z","volume":500,"label":" ","price":8.25},{"type":"B","date":"2018-03-28T02:10:20.000Z","volume":500,"label":" ","price":8.24},{"type":"A","date":"2018-03-28T02:10:23.000Z","volume":500,"label":" ","price":8.25},{"type":"A","date":"2018-03-28T02:12:23.000Z","volume":500,"label":" ","price":8.25},{"type":"B","date":"2018-03-28T02:14:29.000Z","volume":1000,"label":" ","price":8.24},{"type":"U","date":"2018-03-28T02:14:29.000Z","volume":500,"label":"X","price":8.24},{"type":"B","date":"2018-03-28T02:15:40.000Z","volume":500,"label":" ","price":8.24},{"type":"A","date":"2018-03-28T02:15:41.000Z","volume":500,"label":" ","price":8.25},{"type":"B","date":"2018-03-28T02:19:55.000Z","volume":500,"label":" ","price":8.24},{"type":"A","date":"2018-03-28T02:19:56.000Z","volume":500,"label":" ","price":8.25},{"type":"A","date":"2018-03-28T02:23:10.000Z","volume":2500,"label":" ","price":8.25},{"type":"A","date":"2018-03-28T02:23:12.000Z","volume":1000,"label":" ","price":8.25},{"type":"A","date":"2018-03-28T02:23:14.000Z","volume":500,"label":"Y","price":8.25},{"type":"B","date":"2018-03-28T02:23:35.000Z","volume":1500,"label":" ","price":8.24},{"type":"A","date":"2018-03-28T02:25:00.000Z","volume":1500,"label":" ","price":8.25},{"type":"A","date":"2018-03-28T02:25:00.000Z","volume":500,"label":" ","price":8.25},{"type":"A","date":"2018-03-28T02:25:01.000Z","volume":500,"label":" ","price":8.25},{"type":"A","date":"2018-03-28T02:25:03.000Z","volume":500,"label":" ","price":8.25},{"type":"A","date":"2018-03-28T02:25:04.000Z","volume":500,"label":" ","price":8.25},{"type":"A","date":"2018-03-28T02:25:06.000Z","volume":500,"label":" ","price":8.25},{"type":"A","date":"2018-03-28T02:25:08.000Z","volume":500,"label":" ","price":8.25},{"type":"A","date":"2018-03-28T02:25:24.000Z","volume":1000,"label":" ","price":8.25},{"type":"A","date":"2018-03-28T02:27:27.000Z","volume":1000,"label":" ","price":8.26},{"type":"A","date":"2018-03-28T02:27:28.000Z","volume":500,"label":" ","price":8.26},{"type":"B","date":"2018-03-28T02:27:57.000Z","volume":5000,"label":" ","price":8.24},{"type":"B","date":"2018-03-28T02:28:13.000Z","volume":1500,"label":" ","price":8.24},{"type":"A","date":"2018-03-28T02:32:23.000Z","volume":1000,"label":" ","price":8.26},{"type":"A","date":"2018-03-28T02:32:24.000Z","volume":500,"label":" ","price":8.26},{"type":"A","date":"2018-03-28T02:32:26.000Z","volume":500,"label":"Y","price":8.26},{"type":"B","date":"2018-03-28T02:32:55.000Z","volume":500,"label":" ","price":8.25},{"type":"U","date":"2018-03-28T02:32:55.000Z","volume":500,"label":"X","price":8.25},{"type":"B","date":"2018-03-28T02:35:23.000Z","volume":3500,"label":" ","price":8.25},{"type":"A","date":"2018-03-28T02:35:23.000Z","volume":1500,"label":" ","price":8.25},{"type":"A","date":"2018-03-28T02:35:23.000Z","volume":500,"label":" ","price":8.25},{"type":"A","date":"2018-03-28T02:35:25.000Z","volume":500,"label":" ","price":8.25},{"type":"A","date":"2018-03-28T02:35:51.000Z","volume":500,"label":" ","price":8.25},{"type":"A","date":"2018-03-28T02:37:26.000Z","volume":500,"label":" ","price":8.26},{"type":"A","date":"2018-03-28T02:40:24.000Z","volume":500,"label":" ","price":8.26},{"type":"A","date":"2018-03-28T02:41:07.000Z","volume":5000,"label":" ","price":8.26},{"type":"A","date":"2018-03-28T02:41:09.000Z","volume":1000,"label":" ","price":8.26},{"type":"A","date":"2018-03-28T02:41:09.000Z","volume":1500,"label":"Y","price":8.26},{"type":"A","date":"2018-03-28T02:41:10.000Z","volume":500,"label":" ","price":8.26},{"type":"A","date":"2018-03-28T02:42:05.000Z","volume":1500,"label":" ","price":8.26},{"type":"A","date":"2018-03-28T02:42:06.000Z","volume":500,"label":" ","price":8.26},{"type":"A","date":"2018-03-28T02:42:07.000Z","volume":1000,"label":" ","price":8.26},{"type":"A","date":"2018-03-28T02:42:22.000Z","volume":1000,"label":" ","price":8.26},{"type":"A","date":"2018-03-28T02:42:23.000Z","volume":500,"label":" ","price":8.26},{"type":"A","date":"2018-03-28T02:43:11.000Z","volume":500,"label":" ","price":8.26},{"type":"U","date":"2018-03-28T02:46:18.000Z","volume":500,"label":"X","price":8.26},{"type":"A","date":"2018-03-28T02:50:48.000Z","volume":500,"label":" ","price":8.26},{"type":"A","date":"2018-03-28T02:50:48.000Z","volume":500,"label":" ","price":8.26},{"type":"A","date":"2018-03-28T02:52:27.000Z","volume":500,"label":" ","price":8.26},{"type":"A","date":"2018-03-28T02:57:28.000Z","volume":500,"label":" ","price":8.26},{"type":"A","date":"2018-03-28T03:02:45.000Z","volume":2000,"label":" ","price":8.26},{"type":"A","date":"2018-03-28T03:02:46.000Z","volume":1000,"label":" ","price":8.26},{"type":"A","date":"2018-03-28T03:02:46.000Z","volume":500,"label":" ","price":8.26},{"type":"A","date":"2018-03-28T03:02:56.000Z","volume":500,"label":" ","price":8.26},{"type":"A","date":"2018-03-28T03:03:03.000Z","volume":500,"label":"Y","price":8.26},{"type":"A","date":"2018-03-28T03:03:06.000Z","volume":500,"label":" ","price":8.26},{"type":"A","date":"2018-03-28T03:03:18.000Z","volume":500,"label":" ","price":8.26},{"type":"A","date":"2018-03-28T03:03:43.000Z","volume":500,"label":" ","price":8.26},{"type":"A","date":"2018-03-28T03:05:17.000Z","volume":1500,"label":" ","price":8.26},{"type":"A","date":"2018-03-28T03:05:18.000Z","volume":500,"label":" ","price":8.26},{"type":"A","date":"2018-03-28T03:07:02.000Z","volume":5000,"label":" ","price":8.26},{"type":"A","date":"2018-03-28T03:07:03.000Z","volume":2000,"label":" ","price":8.26},{"type":"A","date":"2018-03-28T03:07:23.000Z","volume":500,"label":"Y","price":8.26},{"type":"A","date":"2018-03-28T03:07:29.000Z","volume":1500,"label":" ","price":8.26},{"type":"A","date":"2018-03-28T03:07:31.000Z","volume":500,"label":" ","price":8.26},{"type":"A","date":"2018-03-28T03:07:31.000Z","volume":500,"label":" ","price":8.26},{"type":"A","date":"2018-03-28T03:12:26.000Z","volume":500,"label":" ","price":8.26},{"type":"A","date":"2018-03-28T03:12:28.000Z","volume":500,"label":" ","price":8.26},{"type":"A","date":"2018-03-28T03:14:23.000Z","volume":500,"label":" ","price":8.26},{"type":"A","date":"2018-03-28T03:17:21.000Z","volume":500,"label":" ","price":8.26},{"type":"A","date":"2018-03-28T03:19:03.000Z","volume":500,"label":"Y","price":8.26},{"type":"A","date":"2018-03-28T03:19:04.000Z","volume":500,"label":" ","price":8.26},{"type":"A","date":"2018-03-28T03:20:07.000Z","volume":12500,"label":" ","price":8.26},{"type":"A","date":"2018-03-28T03:20:08.000Z","volume":4000,"label":" ","price":8.26},{"type":"A","date":"2018-03-28T03:20:10.000Z","volume":1000,"label":" ","price":8.26},{"type":"A","date":"2018-03-28T03:20:11.000Z","volume":500,"label":" ","price":8.26},{"type":"A","date":"2018-03-28T03:24:03.000Z","volume":500,"label":"Y","price":8.26},{"type":"A","date":"2018-03-28T03:26:36.000Z","volume":5000,"label":" ","price":8.26},{"type":"A","date":"2018-03-28T03:26:37.000Z","volume":1500,"label":" ","price":8.26},{"type":"A","date":"2018-03-28T03:27:43.000Z","volume":500,"label":"Y","price":8.26},{"type":"A","date":"2018-03-28T03:27:44.000Z","volume":500,"label":" ","price":8.26},{"type":"U","date":"2018-03-28T03:28:19.000Z","volume":500,"label":"X","price":8.26},{"type":"A","date":"2018-03-28T03:32:24.000Z","volume":1000,"label":" ","price":8.26},{"type":"A","date":"2018-03-28T03:33:43.000Z","volume":500,"label":"Y","price":8.26},{"type":"A","date":"2018-03-28T03:33:43.000Z","volume":3500,"label":" ","price":8.26},{"type":"A","date":"2018-03-28T03:33:44.000Z","volume":1500,"label":" ","price":8.26},{"type":"U","date":"2018-03-28T03:33:49.000Z","volume":500,"label":"X","price":8.26},{"type":"A","date":"2018-03-28T03:38:03.000Z","volume":500,"label":" ","price":8.27},{"type":"A","date":"2018-03-28T03:41:59.000Z","volume":500,"label":" ","price":8.27},{"type":"A","date":"2018-03-28T03:47:24.000Z","volume":1500,"label":" ","price":8.27},{"type":"A","date":"2018-03-28T03:47:25.000Z","volume":1000,"label":" ","price":8.27},{"type":"A","date":"2018-03-28T03:49:23.000Z","volume":1500,"label":" ","price":8.27},{"type":"B","date":"2018-03-28T03:50:15.000Z","volume":3000,"label":" ","price":8.26},{"type":"B","date":"2018-03-28T03:50:28.000Z","volume":2000,"label":" ","price":8.26},{"type":"A","date":"2018-03-28T03:53:09.000Z","volume":500,"label":" ","price":8.27},{"type":"A","date":"2018-03-28T03:59:18.000Z","volume":500,"label":"Y","price":8.27},{"type":"A","date":"2018-03-28T03:59:18.000Z","volume":500,"label":" ","price":8.27},{"type":"A","date":"2018-03-28T05:00:00.000Z","volume":30500,"label":" ","price":8.27},{"type":"B","date":"2018-03-28T05:00:01.000Z","volume":1000,"label":"Y","price":8.27},{"type":"B","date":"2018-03-28T05:00:01.000Z","volume":5000,"label":" ","price":8.27},{"type":"A","date":"2018-03-28T05:00:01.000Z","volume":1500,"label":" ","price":8.27},{"type":"U","date":"2018-03-28T05:00:01.000Z","volume":20500,"label":" ","price":8.27},{"type":"A","date":"2018-03-28T05:00:06.000Z","volume":500,"label":" ","price":8.28},{"type":"A","date":"2018-03-28T05:10:16.000Z","volume":500,"label":" ","price":8.28},{"type":"U","date":"2018-03-28T05:13:51.000Z","volume":500,"label":"X","price":8.28},{"type":"A","date":"2018-03-28T05:15:17.000Z","volume":1500,"label":" ","price":8.28},{"type":"A","date":"2018-03-28T05:15:17.000Z","volume":3000,"label":" ","price":8.28},{"type":"B","date":"2018-03-28T05:16:25.000Z","volume":6000,"label":" ","price":8.27},{"type":"B","date":"2018-03-28T05:16:30.000Z","volume":1000,"label":" ","price":8.27},{"type":"B","date":"2018-03-28T05:16:57.000Z","volume":1500,"label":" ","price":8.27},{"type":"A","date":"2018-03-28T05:18:47.000Z","volume":500,"label":" ","price":8.28},{"type":"B","date":"2018-03-28T05:19:00.000Z","volume":1000,"label":" ","price":8.27},{"type":"B","date":"2018-03-28T05:23:30.000Z","volume":500,"label":" ","price":8.27},{"type":"B","date":"2018-03-28T05:24:36.000Z","volume":5000,"label":" ","price":8.27},{"type":"B","date":"2018-03-28T05:24:36.000Z","volume":500,"label":"Y","price":8.27},{"type":"B","date":"2018-03-28T05:24:36.000Z","volume":7500,"label":" ","price":8.27},{"type":"B","date":"2018-03-28T05:29:06.000Z","volume":3500,"label":" ","price":8.27},{"type":"A","date":"2018-03-28T05:29:06.000Z","volume":12000,"label":" ","price":8.27},{"type":"A","date":"2018-03-28T05:29:07.000Z","volume":27000,"label":" ","price":8.27},{"type":"A","date":"2018-03-28T05:41:54.000Z","volume":1000,"label":" ","price":8.28},{"type":"A","date":"2018-03-28T05:43:59.000Z","volume":1500,"label":" ","price":8.28},{"type":"A","date":"2018-03-28T05:45:20.000Z","volume":1000,"label":" ","price":8.28},{"type":"A","date":"2018-03-28T05:49:08.000Z","volume":2500,"label":" ","price":8.28},{"type":"A","date":"2018-03-28T05:52:19.000Z","volume":500,"label":" ","price":8.28},{"type":"A","date":"2018-03-28T05:54:25.000Z","volume":1500,"label":" ","price":8.28},{"type":"A","date":"2018-03-28T05:54:47.000Z","volume":500,"label":" ","price":8.28},{"type":"B","date":"2018-03-28T05:57:01.000Z","volume":500,"label":" ","price":8.27},{"type":"U","date":"2018-03-28T05:57:01.000Z","volume":500,"label":"X","price":8.275},{"type":"A","date":"2018-03-28T05:59:18.000Z","volume":500,"label":"Y","price":8.28},{"type":"A","date":"2018-03-28T05:59:18.000Z","volume":1500,"label":" ","price":8.28},{"type":"B","date":"2018-03-28T05:59:41.000Z","volume":4000,"label":" ","price":8.27},{"type":"U","date":"2018-03-28T05:59:41.000Z","volume":500,"label":"X","price":8.27},{"type":"B","date":"2018-03-28T05:59:51.000Z","volume":5000,"label":" ","price":8.27},{"type":"B","date":"2018-03-28T06:02:21.000Z","volume":4000,"label":" ","price":8.27},{"type":"B","date":"2018-03-28T06:10:04.000Z","volume":4000,"label":" ","price":8.27},{"type":"B","date":"2018-03-28T06:12:07.000Z","volume":500,"label":" ","price":8.27},{"type":"B","date":"2018-03-28T06:12:10.000Z","volume":1500,"label":" ","price":8.27},{"type":"B","date":"2018-03-28T06:12:28.000Z","volume":1500,"label":" ","price":8.27},{"type":"B","date":"2018-03-28T06:14:40.000Z","volume":500,"label":" ","price":8.27},{"type":"U","date":"2018-03-28T06:20:10.000Z","volume":500,"label":"X","price":8.27},{"type":"B","date":"2018-03-28T06:21:35.000Z","volume":5000,"label":" ","price":8.27},{"type":"B","date":"2018-03-28T06:23:34.000Z","volume":1000,"label":" ","price":8.26},{"type":"A","date":"2018-03-28T06:30:17.000Z","volume":500,"label":" ","price":8.28},{"type":"B","date":"2018-03-28T06:30:40.000Z","volume":500,"label":" ","price":8.27},{"type":"B","date":"2018-03-28T06:31:10.000Z","volume":500,"label":" ","price":8.27},{"type":"B","date":"2018-03-28T06:35:00.000Z","volume":500,"label":" ","price":8.27},{"type":"A","date":"2018-03-28T06:35:20.000Z","volume":2000,"label":" ","price":8.28},{"type":"B","date":"2018-03-28T06:35:48.000Z","volume":1000,"label":" ","price":8.27},{"type":"U","date":"2018-03-28T06:39:11.000Z","volume":500,"label":"X","price":8.27},{"type":"A","date":"2018-03-28T06:40:21.000Z","volume":500,"label":" ","price":8.28},{"type":"B","date":"2018-03-28T06:43:11.000Z","volume":500,"label":" ","price":8.27},{"type":"B","date":"2018-03-28T06:43:40.000Z","volume":3500,"label":" ","price":8.27},{"type":"B","date":"2018-03-28T06:45:10.000Z","volume":500,"label":" ","price":8.26},{"type":"A","date":"2018-03-28T06:46:15.000Z","volume":5000,"label":" ","price":8.27},{"type":"A","date":"2018-03-28T06:48:22.000Z","volume":1000,"label":" ","price":8.27},{"type":"A","date":"2018-03-28T06:48:26.000Z","volume":1500,"label":" ","price":8.27},{"type":"A","date":"2018-03-28T06:51:23.000Z","volume":2500,"label":" ","price":8.27},{"type":"A","date":"2018-03-28T06:52:50.000Z","volume":4500,"label":" ","price":8.28},{"type":"A","date":"2018-03-28T06:52:54.000Z","volume":1500,"label":" ","price":8.28},{"type":"A","date":"2018-03-28T06:54:15.000Z","volume":1000,"label":" ","price":8.28},{"type":"A","date":"2018-03-28T06:55:16.000Z","volume":500,"label":" ","price":8.28},{"type":"A","date":"2018-03-28T06:56:45.000Z","volume":500,"label":" ","price":8.28},{"type":"B","date":"2018-03-28T06:56:53.000Z","volume":500,"label":"Y","price":8.27},{"type":"B","date":"2018-03-28T06:56:53.000Z","volume":4500,"label":" ","price":8.27},{"type":"B","date":"2018-03-28T06:56:53.000Z","volume":1000,"label":"Y","price":8.26},{"type":"B","date":"2018-03-28T06:56:53.000Z","volume":3500,"label":" ","price":8.26},{"type":"A","date":"2018-03-28T06:57:17.000Z","volume":5000,"label":" ","price":8.28},{"type":"A","date":"2018-03-28T06:57:17.000Z","volume":1500,"label":" ","price":8.28},{"type":"A","date":"2018-03-28T07:00:18.000Z","volume":1500,"label":" ","price":8.28},{"type":"A","date":"2018-03-28T07:00:18.000Z","volume":1000,"label":" ","price":8.28},{"type":"A","date":"2018-03-28T07:05:17.000Z","volume":500,"label":" ","price":8.28},{"type":"A","date":"2018-03-28T07:15:17.000Z","volume":10000,"label":" ","price":8.28},{"type":"A","date":"2018-03-28T07:15:17.000Z","volume":500,"label":" ","price":8.28},{"type":"A","date":"2018-03-28T07:17:29.000Z","volume":500,"label":"Y","price":8.28},{"type":"A","date":"2018-03-28T07:17:29.000Z","volume":1000,"label":" ","price":8.28},{"type":"U","date":"2018-03-28T07:19:25.000Z","volume":500,"label":"X","price":8.28},{"type":"A","date":"2018-03-28T07:20:25.000Z","volume":1000,"label":" ","price":8.28},{"type":"A","date":"2018-03-28T07:28:07.000Z","volume":13000,"label":" ","price":8.28},{"type":"B","date":"2018-03-28T07:34:04.000Z","volume":8000,"label":" ","price":8.28},{"type":"B","date":"2018-03-28T07:34:42.000Z","volume":6000,"label":" ","price":8.28},{"type":"B","date":"2018-03-28T07:34:42.000Z","volume":4500,"label":" ","price":8.28},{"type":"A","date":"2018-03-28T07:34:42.000Z","volume":1500,"label":" ","price":8.28},{"type":"A","date":"2018-03-28T07:34:42.000Z","volume":3500,"label":" ","price":8.28},{"type":"B","date":"2018-03-28T07:34:42.000Z","volume":500,"label":" ","price":8.28},{"type":"B","date":"2018-03-28T07:35:42.000Z","volume":500,"label":" ","price":8.28},{"type":"B","date":"2018-03-28T07:37:37.000Z","volume":3500,"label":" ","price":8.28},{"type":"B","date":"2018-03-28T07:37:37.000Z","volume":3000,"label":" ","price":8.28},{"type":"A","date":"2018-03-28T07:38:45.000Z","volume":500,"label":" ","price":8.29},{"type":"B","date":"2018-03-28T07:42:17.000Z","volume":12000,"label":" ","price":8.28},{"type":"B","date":"2018-03-28T07:42:17.000Z","volume":500,"label":"Y","price":8.28},{"type":"B","date":"2018-03-28T07:42:17.000Z","volume":2500,"label":" ","price":8.28},{"type":"B","date":"2018-03-28T07:42:21.000Z","volume":10000,"label":" ","price":8.28},{"type":"B","date":"2018-03-28T07:42:24.000Z","volume":2500,"label":" ","price":8.28},{"type":"A","date":"2018-03-28T07:42:24.000Z","volume":1000,"label":" ","price":8.28},{"type":"A","date":"2018-03-28T07:42:24.000Z","volume":4000,"label":" ","price":8.28},{"type":"B","date":"2018-03-28T07:42:24.000Z","volume":1000,"label":" ","price":8.28},{"type":"B","date":"2018-03-28T07:42:24.000Z","volume":8000,"label":" ","price":8.28},{"type":"B","date":"2018-03-28T07:42:24.000Z","volume":500,"label":" ","price":8.28},{"type":"B","date":"2018-03-28T07:42:43.000Z","volume":500,"label":" ","price":8.28},{"type":"B","date":"2018-03-28T07:42:43.000Z","volume":2000,"label":" ","price":8.28},{"type":"B","date":"2018-03-28T07:42:43.000Z","volume":8000,"label":" ","price":8.28},{"type":"B","date":"2018-03-28T07:42:50.000Z","volume":4000,"label":" ","price":8.28},{"type":"A","date":"2018-03-28T07:42:50.000Z","volume":14000,"label":" ","price":8.28},{"type":"A","date":"2018-03-28T07:42:50.000Z","volume":2000,"label":" ","price":8.28},{"type":"B","date":"2018-03-28T07:42:50.000Z","volume":500,"label":" ","price":8.28},{"type":"U","date":"2018-03-28T07:42:58.000Z","volume":500,"label":"X","price":8.285},{"type":"B","date":"2018-03-28T07:45:05.000Z","volume":500,"label":" ","price":8.28},{"type":"B","date":"2018-03-28T07:45:23.000Z","volume":5500,"label":" ","price":8.28},{"type":"B","date":"2018-03-28T07:45:43.000Z","volume":500,"label":" ","price":8.28},{"type":"B","date":"2018-03-28T07:46:33.000Z","volume":1500,"label":" ","price":8.28},{"type":"B","date":"2018-03-28T07:48:10.000Z","volume":1000,"label":" ","price":8.28},{"type":"A","date":"2018-03-28T07:50:47.000Z","volume":4500,"label":" ","price":8.29},{"type":"B","date":"2018-03-28T07:53:26.000Z","volume":1500,"label":" ","price":8.28},{"type":"B","date":"2018-03-28T07:54:55.000Z","volume":500,"label":" ","price":8.28},{"type":"A","date":"2018-03-28T07:55:42.000Z","volume":5000,"label":" ","price":8.29},{"type":"B","date":"2018-03-28T07:57:00.000Z","volume":500,"label":" ","price":8.28},{"type":"A","date":"2018-03-28T07:57:10.000Z","volume":500,"label":" ","price":8.29},{"type":"B","date":"2018-03-28T07:57:43.000Z","volume":500,"label":" ","price":8.28},{"type":"B","date":"2018-03-28T07:57:50.000Z","volume":500,"label":" ","price":8.28},{"type":"A","date":"2018-03-28T07:58:02.000Z","volume":500,"label":" ","price":8.29},{"type":"B","date":"2018-03-28T07:58:13.000Z","volume":500,"label":" ","price":8.28},{"type":"A","date":"2018-03-28T07:58:26.000Z","volume":500,"label":" ","price":8.29},{"type":"A","date":"2018-03-28T07:58:41.000Z","volume":1500,"label":" ","price":8.29},{"type":"B","date":"2018-03-28T07:58:50.000Z","volume":500,"label":" ","price":8.28},{"type":"A","date":"2018-03-28T07:58:52.000Z","volume":500,"label":" ","price":8.29},{"type":"B","date":"2018-03-28T07:58:52.000Z","volume":500,"label":" ","price":8.28},{"type":"A","date":"2018-03-28T07:58:55.000Z","volume":500,"label":" ","price":8.29},{"type":"B","date":"2018-03-28T07:59:01.000Z","volume":3000,"label":" ","price":8.28},{"type":"B","date":"2018-03-28T07:59:01.000Z","volume":500,"label":" ","price":8.28},{"type":"A","date":"2018-03-28T07:59:01.000Z","volume":1500,"label":" ","price":8.29},{"type":"A","date":"2018-03-28T07:59:13.000Z","volume":500,"label":" ","price":8.29},{"type":"B","date":"2018-03-28T07:59:13.000Z","volume":500,"label":" ","price":8.28},{"type":"B","date":"2018-03-28T07:59:16.000Z","volume":500,"label":" ","price":8.28},{"type":"U","date":"2018-03-28T07:59:26.000Z","volume":500,"label":"X","price":8.285},{"type":"A","date":"2018-03-28T07:59:26.000Z","volume":500,"label":" ","price":8.29},{"type":"A","date":"2018-03-28T07:59:36.000Z","volume":500,"label":" ","price":8.29},{"type":"A","date":"2018-03-28T07:59:36.000Z","volume":500,"label":" ","price":8.29},{"type":"A","date":"2018-03-28T07:59:37.000Z","volume":500,"label":" ","price":8.29},{"type":"U","date":"2018-03-28T08:08:42.000Z","volume":7000,"label":"U","price":8.3}]