[{"type":"B","date":"2018-04-19T01:39:47.000Z","volume":3000,"label":" ","price":5},{"type":"B","date":"2018-04-19T01:39:47.000Z","volume":87000,"label":" ","price":4.98},{"type":"A","date":"2018-04-19T01:39:51.000Z","volume":1000,"label":" ","price":5.05},{"type":"B","date":"2018-04-19T01:39:51.000Z","volume":6000,"label":" ","price":5.02},{"type":"A","date":"2018-04-19T01:39:53.000Z","volume":1000,"label":"Y","price":5.05},{"type":"A","date":"2018-04-19T01:42:01.000Z","volume":2000,"label":" ","price":5.04},{"type":"B","date":"2018-04-19T01:42:50.000Z","volume":1000,"label":" ","price":5.02},{"type":"A","date":"2018-04-19T01:45:01.000Z","volume":1000,"label":" ","price":5.04},{"type":"A","date":"2018-04-19T01:46:37.000Z","volume":10000,"label":" ","price":5.03},{"type":"A","date":"2018-04-19T01:47:24.000Z","volume":6000,"label":" ","price":5.02},{"type":"A","date":"2018-04-19T01:48:01.000Z","volume":1000,"label":" ","price":5.02},{"type":"A","date":"2018-04-19T01:51:01.000Z","volume":1000,"label":" ","price":5.02},{"type":"A","date":"2018-04-19T01:54:01.000Z","volume":2000,"label":" ","price":5.02},{"type":"A","date":"2018-04-19T01:54:01.000Z","volume":1000,"label":" ","price":5.02},{"type":"A","date":"2018-04-19T01:54:02.000Z","volume":1000,"label":" ","price":5.02},{"type":"A","date":"2018-04-19T01:57:02.000Z","volume":1000,"label":" ","price":5.05},{"type":"B","date":"2018-04-19T01:58:34.000Z","volume":4000,"label":" ","price":5.02},{"type":"B","date":"2018-04-19T01:58:34.000Z","volume":17000,"label":" ","price":5.01},{"type":"B","date":"2018-04-19T01:58:34.000Z","volume":20000,"label":"Y","price":5},{"type":"B","date":"2018-04-19T01:58:34.000Z","volume":20000,"label":" ","price":4.99},{"type":"B","date":"2018-04-19T01:58:34.000Z","volume":14000,"label":" ","price":4.98},{"type":"B","date":"2018-04-19T01:58:34.000Z","volume":15000,"label":" ","price":4.96},{"type":"A","date":"2018-04-19T01:58:48.000Z","volume":2000,"label":" ","price":5.04},{"type":"A","date":"2018-04-19T01:59:31.000Z","volume":1000,"label":" ","price":5.05},{"type":"A","date":"2018-04-19T02:00:02.000Z","volume":2000,"label":" ","price":5.04},{"type":"A","date":"2018-04-19T02:03:01.000Z","volume":1000,"label":" ","price":5.05},{"type":"A","date":"2018-04-19T02:06:01.000Z","volume":1000,"label":" ","price":5.05},{"type":"A","date":"2018-04-19T02:09:02.000Z","volume":1000,"label":" ","price":5.05},{"type":"A","date":"2018-04-19T02:12:02.000Z","volume":1000,"label":" ","price":5.05},{"type":"A","date":"2018-04-19T02:12:02.000Z","volume":1000,"label":" ","price":5.05},{"type":"A","date":"2018-04-19T02:12:02.000Z","volume":1000,"label":" ","price":5.05},{"type":"A","date":"2018-04-19T02:15:01.000Z","volume":2000,"label":" ","price":5.05},{"type":"A","date":"2018-04-19T02:15:03.000Z","volume":1000,"label":" ","price":5.05},{"type":"B","date":"2018-04-19T02:18:33.000Z","volume":2000,"label":" ","price":5.04},{"type":"A","date":"2018-04-19T02:23:24.000Z","volume":1000,"label":" ","price":5.05},{"type":"A","date":"2018-04-19T02:26:29.000Z","volume":1000,"label":" ","price":5.05},{"type":"A","date":"2018-04-19T02:27:25.000Z","volume":30000,"label":" ","price":5.05},{"type":"A","date":"2018-04-19T02:27:25.000Z","volume":5000,"label":" ","price":5.05},{"type":"B","date":"2018-04-19T02:27:58.000Z","volume":3000,"label":" ","price":5.04},{"type":"B","date":"2018-04-19T02:27:58.000Z","volume":2000,"label":" ","price":5.03},{"type":"B","date":"2018-04-19T02:27:58.000Z","volume":14000,"label":" ","price":5.03},{"type":"A","date":"2018-04-19T02:27:58.000Z","volume":4000,"label":" ","price":5.05},{"type":"A","date":"2018-04-19T02:28:04.000Z","volume":2000,"label":" ","price":5.04},{"type":"A","date":"2018-04-19T02:28:04.000Z","volume":5000,"label":" ","price":5.04},{"type":"A","date":"2018-04-19T02:28:06.000Z","volume":3000,"label":" ","price":5.04},{"type":"A","date":"2018-04-19T02:28:17.000Z","volume":1000,"label":" ","price":5.03},{"type":"U","date":"2018-04-19T02:29:59.000Z","volume":1000,"label":"X","price":5.043},{"type":"B","date":"2018-04-19T02:32:03.000Z","volume":1000,"label":" ","price":5.03},{"type":"B","date":"2018-04-19T02:32:03.000Z","volume":2000,"label":" ","price":5.03},{"type":"A","date":"2018-04-19T02:32:05.000Z","volume":3000,"label":" ","price":5.04},{"type":"A","date":"2018-04-19T02:35:25.000Z","volume":1000,"label":" ","price":5.05},{"type":"A","date":"2018-04-19T02:36:38.000Z","volume":154000,"label":" ","price":5.05},{"type":"A","date":"2018-04-19T02:36:38.000Z","volume":16000,"label":" ","price":5.05},{"type":"A","date":"2018-04-19T02:36:43.000Z","volume":1000,"label":" ","price":5.09},{"type":"A","date":"2018-04-19T02:36:44.000Z","volume":22000,"label":" ","price":5.09},{"type":"A","date":"2018-04-19T02:36:51.000Z","volume":8000,"label":" ","price":5.1},{"type":"B","date":"2018-04-19T02:38:30.000Z","volume":3000,"label":" ","price":5.07},{"type":"B","date":"2018-04-19T02:38:30.000Z","volume":1000,"label":" ","price":5.07},{"type":"A","date":"2018-04-19T02:38:45.000Z","volume":10000,"label":" ","price":5.07},{"type":"A","date":"2018-04-19T02:38:46.000Z","volume":3000,"label":" ","price":5.07},{"type":"A","date":"2018-04-19T02:38:58.000Z","volume":10000,"label":" ","price":5.06},{"type":"A","date":"2018-04-19T02:38:58.000Z","volume":1000,"label":"Y","price":5.06},{"type":"A","date":"2018-04-19T02:38:58.000Z","volume":1000,"label":" ","price":5.06},{"type":"A","date":"2018-04-19T02:39:06.000Z","volume":1000,"label":" ","price":5.06},{"type":"B","date":"2018-04-19T02:41:18.000Z","volume":2000,"label":" ","price":5.06},{"type":"A","date":"2018-04-19T02:44:24.000Z","volume":1000,"label":" ","price":5.07},{"type":"A","date":"2018-04-19T02:46:31.000Z","volume":22000,"label":" ","price":5.07},{"type":"U","date":"2018-04-19T02:46:55.000Z","volume":1000,"label":"X","price":5.067},{"type":"A","date":"2018-04-19T02:47:22.000Z","volume":1000,"label":" ","price":5.07},{"type":"B","date":"2018-04-19T02:48:07.000Z","volume":1000,"label":" ","price":5.06},{"type":"A","date":"2018-04-19T02:50:24.000Z","volume":1000,"label":" ","price":5.07},{"type":"A","date":"2018-04-19T02:51:31.000Z","volume":1000,"label":" ","price":5.07},{"type":"U","date":"2018-04-19T02:51:55.000Z","volume":2000,"label":"X","price":5.068},{"type":"A","date":"2018-04-19T02:53:23.000Z","volume":1000,"label":" ","price":5.07},{"type":"B","date":"2018-04-19T02:55:01.000Z","volume":1000,"label":" ","price":5.06},{"type":"A","date":"2018-04-19T02:56:21.000Z","volume":1000,"label":" ","price":5.07},{"type":"A","date":"2018-04-19T02:59:25.000Z","volume":1000,"label":" ","price":5.07},{"type":"A","date":"2018-04-19T02:59:28.000Z","volume":1000,"label":" ","price":5.07},{"type":"B","date":"2018-04-19T03:00:06.000Z","volume":4000,"label":" ","price":5.06},{"type":"B","date":"2018-04-19T03:00:39.000Z","volume":1000,"label":" ","price":5.06},{"type":"A","date":"2018-04-19T03:05:21.000Z","volume":1000,"label":" ","price":5.07},{"type":"A","date":"2018-04-19T03:10:34.000Z","volume":1000,"label":" ","price":5.07},{"type":"B","date":"2018-04-19T03:10:52.000Z","volume":4000,"label":" ","price":5.06},{"type":"U","date":"2018-04-19T03:10:52.000Z","volume":1000,"label":" ","price":5.06},{"type":"B","date":"2018-04-19T03:14:02.000Z","volume":1000,"label":" ","price":5.06},{"type":"A","date":"2018-04-19T03:16:01.000Z","volume":1000,"label":" ","price":5.07},{"type":"A","date":"2018-04-19T03:17:24.000Z","volume":1000,"label":" ","price":5.07},{"type":"A","date":"2018-04-19T03:17:49.000Z","volume":76000,"label":" ","price":5.07},{"type":"B","date":"2018-04-19T03:17:49.000Z","volume":1000,"label":" ","price":5.06},{"type":"B","date":"2018-04-19T03:17:49.000Z","volume":2000,"label":" ","price":5.06},{"type":"B","date":"2018-04-19T03:17:49.000Z","volume":1000,"label":" ","price":5.06},{"type":"A","date":"2018-04-19T03:23:24.000Z","volume":1000,"label":" ","price":5.07},{"type":"A","date":"2018-04-19T03:29:23.000Z","volume":1000,"label":"Y","price":5.07},{"type":"A","date":"2018-04-19T03:35:21.000Z","volume":1000,"label":"Y","price":5.07},{"type":"A","date":"2018-04-19T03:38:21.000Z","volume":1000,"label":"Y","price":5.07},{"type":"A","date":"2018-04-19T03:42:01.000Z","volume":1000,"label":" ","price":5.07},{"type":"A","date":"2018-04-19T03:44:22.000Z","volume":1000,"label":" ","price":5.07},{"type":"A","date":"2018-04-19T03:45:03.000Z","volume":1000,"label":" ","price":5.07},{"type":"A","date":"2018-04-19T03:50:20.000Z","volume":1000,"label":"Y","price":5.07},{"type":"B","date":"2018-04-19T03:50:23.000Z","volume":1000,"label":" ","price":5.06},{"type":"A","date":"2018-04-19T03:51:31.000Z","volume":1000,"label":" ","price":5.07},{"type":"A","date":"2018-04-19T03:54:42.000Z","volume":1000,"label":" ","price":5.07},{"type":"B","date":"2018-04-19T03:55:27.000Z","volume":1000,"label":" ","price":5.06},{"type":"A","date":"2018-04-19T03:56:24.000Z","volume":1000,"label":" ","price":5.07},{"type":"B","date":"2018-04-19T03:59:22.000Z","volume":1000,"label":" ","price":5.06},{"type":"A","date":"2018-04-19T03:59:22.000Z","volume":1000,"label":"Y","price":5.07},{"type":"B","date":"2018-04-19T03:59:39.000Z","volume":1000,"label":" ","price":5.06},{"type":"A","date":"2018-04-19T05:00:00.000Z","volume":1000,"label":" ","price":5.07},{"type":"A","date":"2018-04-19T05:00:08.000Z","volume":1000,"label":" ","price":5.07},{"type":"B","date":"2018-04-19T05:05:25.000Z","volume":2000,"label":" ","price":5.06},{"type":"A","date":"2018-04-19T05:06:02.000Z","volume":1000,"label":" ","price":5.07},{"type":"A","date":"2018-04-19T05:08:23.000Z","volume":1000,"label":" ","price":5.07},{"type":"B","date":"2018-04-19T05:08:31.000Z","volume":4000,"label":" ","price":5.06},{"type":"B","date":"2018-04-19T05:08:31.000Z","volume":1000,"label":" ","price":5.06},{"type":"U","date":"2018-04-19T05:08:46.000Z","volume":1000,"label":" ","price":5.01},{"type":"B","date":"2018-04-19T05:08:46.000Z","volume":1000,"label":" ","price":5},{"type":"B","date":"2018-04-19T05:12:36.000Z","volume":1000,"label":" ","price":5.02},{"type":"B","date":"2018-04-19T05:12:36.000Z","volume":1000,"label":" ","price":5.01},{"type":"B","date":"2018-04-19T05:14:49.000Z","volume":26000,"label":" ","price":5.01},{"type":"B","date":"2018-04-19T05:14:49.000Z","volume":5000,"label":" ","price":5},{"type":"B","date":"2018-04-19T05:14:49.000Z","volume":12000,"label":" ","price":4.99},{"type":"B","date":"2018-04-19T05:14:49.000Z","volume":103000,"label":" ","price":4.98},{"type":"A","date":"2018-04-19T05:15:17.000Z","volume":6000,"label":" ","price":5.03},{"type":"U","date":"2018-04-19T05:18:01.000Z","volume":2000,"label":" ","price":5},{"type":"B","date":"2018-04-19T05:20:09.000Z","volume":3000,"label":" ","price":5},{"type":"A","date":"2018-04-19T05:20:15.000Z","volume":5000,"label":" ","price":5.01},{"type":"A","date":"2018-04-19T05:20:15.000Z","volume":3000,"label":" ","price":5.01},{"type":"U","date":"2018-04-19T05:20:16.000Z","volume":2000,"label":" ","price":5.01},{"type":"B","date":"2018-04-19T05:22:24.000Z","volume":4000,"label":" ","price":5.01},{"type":"U","date":"2018-04-19T05:25:22.000Z","volume":1000,"label":"X","price":5.007},{"type":"A","date":"2018-04-19T05:26:28.000Z","volume":1000,"label":" ","price":5.02},{"type":"A","date":"2018-04-19T05:29:30.000Z","volume":1000,"label":" ","price":5.02},{"type":"A","date":"2018-04-19T05:32:42.000Z","volume":1000,"label":" ","price":5.02},{"type":"A","date":"2018-04-19T05:35:20.000Z","volume":1000,"label":" ","price":5.02},{"type":"A","date":"2018-04-19T05:35:27.000Z","volume":1000,"label":" ","price":5.02},{"type":"A","date":"2018-04-19T05:38:32.000Z","volume":1000,"label":" ","price":5.05},{"type":"A","date":"2018-04-19T05:41:24.000Z","volume":7000,"label":" ","price":5.04},{"type":"A","date":"2018-04-19T05:41:24.000Z","volume":1000,"label":" ","price":5.06},{"type":"B","date":"2018-04-19T05:43:50.000Z","volume":1000,"label":" ","price":5.04},{"type":"B","date":"2018-04-19T05:43:50.000Z","volume":5000,"label":" ","price":5.04},{"type":"U","date":"2018-04-19T05:43:55.000Z","volume":2000,"label":"X","price":5.039},{"type":"A","date":"2018-04-19T05:47:21.000Z","volume":1000,"label":" ","price":5.04},{"type":"A","date":"2018-04-19T05:50:23.000Z","volume":1000,"label":" ","price":5.04},{"type":"A","date":"2018-04-19T05:51:23.000Z","volume":1000,"label":" ","price":5.04},{"type":"A","date":"2018-04-19T05:53:24.000Z","volume":1000,"label":" ","price":5.04},{"type":"B","date":"2018-04-19T05:55:22.000Z","volume":1000,"label":" ","price":5.03},{"type":"A","date":"2018-04-19T05:56:47.000Z","volume":1000,"label":" ","price":5.04},{"type":"B","date":"2018-04-19T06:00:20.000Z","volume":1000,"label":" ","price":5.03},{"type":"B","date":"2018-04-19T06:01:51.000Z","volume":3000,"label":" ","price":5.03},{"type":"B","date":"2018-04-19T06:01:51.000Z","volume":1000,"label":" ","price":5.03},{"type":"B","date":"2018-04-19T06:01:51.000Z","volume":1000,"label":" ","price":5.03},{"type":"B","date":"2018-04-19T06:05:20.000Z","volume":2000,"label":" ","price":5.02},{"type":"A","date":"2018-04-19T06:08:24.000Z","volume":1000,"label":" ","price":5.03},{"type":"B","date":"2018-04-19T06:10:05.000Z","volume":2000,"label":" ","price":5.02},{"type":"A","date":"2018-04-19T06:14:22.000Z","volume":1000,"label":" ","price":5.03},{"type":"B","date":"2018-04-19T06:15:07.000Z","volume":2000,"label":" ","price":5.02},{"type":"A","date":"2018-04-19T06:20:23.000Z","volume":1000,"label":" ","price":5.03},{"type":"A","date":"2018-04-19T06:20:23.000Z","volume":1000,"label":" ","price":5.03},{"type":"B","date":"2018-04-19T06:20:25.000Z","volume":2000,"label":" ","price":5.02},{"type":"A","date":"2018-04-19T06:23:25.000Z","volume":1000,"label":" ","price":5.03},{"type":"B","date":"2018-04-19T06:23:54.000Z","volume":2000,"label":" ","price":5.02},{"type":"A","date":"2018-04-19T06:28:12.000Z","volume":1000,"label":" ","price":5.03},{"type":"A","date":"2018-04-19T06:29:25.000Z","volume":1000,"label":" ","price":5.03},{"type":"B","date":"2018-04-19T06:30:27.000Z","volume":1000,"label":" ","price":5.02},{"type":"A","date":"2018-04-19T06:32:21.000Z","volume":1000,"label":" ","price":5.03},{"type":"B","date":"2018-04-19T06:32:21.000Z","volume":2000,"label":" ","price":5.02},{"type":"A","date":"2018-04-19T06:32:23.000Z","volume":1000,"label":" ","price":5.03},{"type":"A","date":"2018-04-19T06:34:17.000Z","volume":1000,"label":" ","price":5.03},{"type":"B","date":"2018-04-19T06:34:46.000Z","volume":2000,"label":" ","price":5.02},{"type":"B","date":"2018-04-19T06:35:19.000Z","volume":1000,"label":" ","price":5.02},{"type":"B","date":"2018-04-19T06:37:46.000Z","volume":3000,"label":" ","price":5.02},{"type":"A","date":"2018-04-19T06:38:30.000Z","volume":1000,"label":" ","price":5.03},{"type":"B","date":"2018-04-19T06:40:09.000Z","volume":2000,"label":" ","price":5.01},{"type":"A","date":"2018-04-19T06:41:24.000Z","volume":1000,"label":" ","price":5.03},{"type":"B","date":"2018-04-19T06:42:59.000Z","volume":2000,"label":" ","price":5.01},{"type":"A","date":"2018-04-19T06:44:22.000Z","volume":1000,"label":" ","price":5.03},{"type":"A","date":"2018-04-19T06:44:29.000Z","volume":1000,"label":" ","price":5.03},{"type":"B","date":"2018-04-19T06:45:26.000Z","volume":2000,"label":" ","price":5.02},{"type":"A","date":"2018-04-19T06:47:23.000Z","volume":1000,"label":" ","price":5.03},{"type":"A","date":"2018-04-19T06:48:32.000Z","volume":1000,"label":" ","price":5.03},{"type":"A","date":"2018-04-19T06:50:23.000Z","volume":1000,"label":" ","price":5.03},{"type":"B","date":"2018-04-19T06:50:25.000Z","volume":1000,"label":" ","price":5.02},{"type":"A","date":"2018-04-19T06:53:24.000Z","volume":1000,"label":" ","price":5.03},{"type":"B","date":"2018-04-19T06:55:26.000Z","volume":2000,"label":" ","price":5.02},{"type":"A","date":"2018-04-19T06:56:20.000Z","volume":1000,"label":" ","price":5.03},{"type":"B","date":"2018-04-19T06:57:01.000Z","volume":2000,"label":" ","price":5.02},{"type":"A","date":"2018-04-19T06:59:22.000Z","volume":1000,"label":" ","price":5.03},{"type":"B","date":"2018-04-19T06:59:58.000Z","volume":2000,"label":" ","price":5.02},{"type":"A","date":"2018-04-19T07:02:20.000Z","volume":1000,"label":" ","price":5.03},{"type":"B","date":"2018-04-19T07:03:54.000Z","volume":2000,"label":" ","price":5.02},{"type":"B","date":"2018-04-19T07:05:23.000Z","volume":1000,"label":" ","price":5.01},{"type":"A","date":"2018-04-19T07:08:26.000Z","volume":1000,"label":" ","price":5.03},{"type":"B","date":"2018-04-19T07:10:24.000Z","volume":1000,"label":" ","price":5.01},{"type":"A","date":"2018-04-19T07:11:29.000Z","volume":1000,"label":" ","price":5.03},{"type":"B","date":"2018-04-19T07:14:27.000Z","volume":2000,"label":" ","price":5.02},{"type":"A","date":"2018-04-19T07:17:23.000Z","volume":1000,"label":" ","price":5.03},{"type":"A","date":"2018-04-19T07:17:23.000Z","volume":1000,"label":" ","price":5.03},{"type":"A","date":"2018-04-19T07:20:20.000Z","volume":1000,"label":" ","price":5.03},{"type":"A","date":"2018-04-19T07:20:22.000Z","volume":1000,"label":" ","price":5.03},{"type":"B","date":"2018-04-19T07:20:23.000Z","volume":3000,"label":" ","price":5.02},{"type":"B","date":"2018-04-19T07:23:52.000Z","volume":2000,"label":" ","price":5.02},{"type":"B","date":"2018-04-19T07:25:27.000Z","volume":1000,"label":" ","price":5.02},{"type":"A","date":"2018-04-19T07:26:24.000Z","volume":1000,"label":" ","price":5.03},{"type":"B","date":"2018-04-19T07:26:30.000Z","volume":3000,"label":" ","price":5.02},{"type":"B","date":"2018-04-19T07:27:01.000Z","volume":2000,"label":" ","price":5.02},{"type":"B","date":"2018-04-19T07:30:21.000Z","volume":2000,"label":" ","price":5.01},{"type":"B","date":"2018-04-19T07:34:59.000Z","volume":2000,"label":" ","price":5.01},{"type":"B","date":"2018-04-19T07:35:20.000Z","volume":3000,"label":" ","price":5.01},{"type":"B","date":"2018-04-19T07:35:20.000Z","volume":4000,"label":" ","price":5.01},{"type":"A","date":"2018-04-19T07:35:21.000Z","volume":1000,"label":" ","price":5.02},{"type":"A","date":"2018-04-19T07:38:23.000Z","volume":1000,"label":" ","price":5.01},{"type":"A","date":"2018-04-19T07:39:31.000Z","volume":5000,"label":" ","price":5.01},{"type":"A","date":"2018-04-19T07:40:05.000Z","volume":1000,"label":" ","price":5.01},{"type":"A","date":"2018-04-19T07:40:40.000Z","volume":1000,"label":" ","price":5.01},{"type":"A","date":"2018-04-19T07:41:21.000Z","volume":1000,"label":" ","price":5.01},{"type":"A","date":"2018-04-19T07:41:44.000Z","volume":1000,"label":" ","price":5.01},{"type":"A","date":"2018-04-19T07:42:23.000Z","volume":1000,"label":" ","price":5.01},{"type":"A","date":"2018-04-19T07:43:28.000Z","volume":1000,"label":" ","price":5.01},{"type":"A","date":"2018-04-19T07:43:37.000Z","volume":2000,"label":" ","price":5.01},{"type":"A","date":"2018-04-19T07:44:13.000Z","volume":1000,"label":" ","price":5.01},{"type":"A","date":"2018-04-19T07:44:14.000Z","volume":1000,"label":" ","price":5.01},{"type":"A","date":"2018-04-19T07:44:16.000Z","volume":1000,"label":" ","price":5.01},{"type":"A","date":"2018-04-19T07:44:22.000Z","volume":3000,"label":" ","price":5.01},{"type":"A","date":"2018-04-19T07:44:24.000Z","volume":4000,"label":" ","price":5.01},{"type":"B","date":"2018-04-19T07:44:24.000Z","volume":1000,"label":" ","price":5},{"type":"A","date":"2018-04-19T07:44:42.000Z","volume":1000,"label":" ","price":5.01},{"type":"A","date":"2018-04-19T07:45:41.000Z","volume":1000,"label":" ","price":5.01},{"type":"A","date":"2018-04-19T07:45:48.000Z","volume":1000,"label":"Y","price":5.01},{"type":"B","date":"2018-04-19T07:45:54.000Z","volume":11000,"label":" ","price":5},{"type":"B","date":"2018-04-19T07:46:09.000Z","volume":8000,"label":" ","price":5},{"type":"B","date":"2018-04-19T07:46:24.000Z","volume":7000,"label":" ","price":4.99},{"type":"B","date":"2018-04-19T07:46:39.000Z","volume":1000,"label":" ","price":4.99},{"type":"B","date":"2018-04-19T07:46:54.000Z","volume":5000,"label":" ","price":4.99},{"type":"A","date":"2018-04-19T07:48:40.000Z","volume":1000,"label":" ","price":5.01},{"type":"B","date":"2018-04-19T07:48:54.000Z","volume":2000,"label":" ","price":4.99},{"type":"B","date":"2018-04-19T07:50:27.000Z","volume":2000,"label":" ","price":4.99},{"type":"A","date":"2018-04-19T07:50:40.000Z","volume":1000,"label":" ","price":5.01},{"type":"B","date":"2018-04-19T07:52:12.000Z","volume":2000,"label":" ","price":4.99},{"type":"A","date":"2018-04-19T07:52:40.000Z","volume":1000,"label":" ","price":5.01},{"type":"A","date":"2018-04-19T07:53:40.000Z","volume":1000,"label":" ","price":5.01},{"type":"B","date":"2018-04-19T07:54:10.000Z","volume":2000,"label":" ","price":4.99},{"type":"B","date":"2018-04-19T07:55:11.000Z","volume":2000,"label":" ","price":5},{"type":"A","date":"2018-04-19T07:56:47.000Z","volume":1000,"label":" ","price":5.01},{"type":"B","date":"2018-04-19T07:57:17.000Z","volume":2000,"label":" ","price":5},{"type":"A","date":"2018-04-19T07:57:46.000Z","volume":1000,"label":" ","price":5.01},{"type":"A","date":"2018-04-19T07:57:47.000Z","volume":20000,"label":" ","price":5.01},{"type":"A","date":"2018-04-19T07:57:49.000Z","volume":10000,"label":" ","price":5.01},{"type":"B","date":"2018-04-19T07:58:09.000Z","volume":1000,"label":" ","price":5.01},{"type":"A","date":"2018-04-19T07:58:46.000Z","volume":1000,"label":" ","price":5.03},{"type":"A","date":"2018-04-19T07:59:02.000Z","volume":1000,"label":" ","price":5.03},{"type":"A","date":"2018-04-19T07:59:27.000Z","volume":1000,"label":" ","price":5.03},{"type":"U","date":"2018-04-19T08:08:09.000Z","volume":105000,"label":"U","price":5.03}]