[{"type":"U","date":"2018-05-02T01:20:00.000Z","volume":145500,"label":"U","price":2.05},{"type":"A","date":"2018-05-02T01:30:02.000Z","volume":10500,"label":" ","price":2.05},{"type":"A","date":"2018-05-02T01:30:10.000Z","volume":2500,"label":" ","price":2.05},{"type":"A","date":"2018-05-02T01:30:13.000Z","volume":500,"label":" ","price":2.05},{"type":"A","date":"2018-05-02T01:30:22.000Z","volume":1000,"label":" ","price":2.05},{"type":"B","date":"2018-05-02T01:31:09.000Z","volume":5000,"label":" ","price":2.03},{"type":"B","date":"2018-05-02T01:32:01.000Z","volume":10000,"label":" ","price":2.02},{"type":"A","date":"2018-05-02T01:35:26.000Z","volume":2500,"label":" ","price":2.04},{"type":"A","date":"2018-05-02T01:40:25.000Z","volume":1000,"label":" ","price":2.04},{"type":"A","date":"2018-05-02T01:43:13.000Z","volume":13500,"label":" ","price":2.04},{"type":"A","date":"2018-05-02T01:43:13.000Z","volume":8000,"label":" ","price":2.04},{"type":"A","date":"2018-05-02T01:43:13.000Z","volume":5500,"label":" ","price":2.05},{"type":"A","date":"2018-05-02T01:43:14.000Z","volume":1000,"label":" ","price":2.05},{"type":"A","date":"2018-05-02T01:43:26.000Z","volume":500,"label":" ","price":2.05},{"type":"B","date":"2018-05-02T01:43:31.000Z","volume":1500,"label":" ","price":2.04},{"type":"A","date":"2018-05-02T01:45:20.000Z","volume":500,"label":" ","price":2.05},{"type":"B","date":"2018-05-02T01:49:18.000Z","volume":4500,"label":"Y","price":2.04},{"type":"B","date":"2018-05-02T01:49:18.000Z","volume":7000,"label":" ","price":2.04},{"type":"B","date":"2018-05-02T01:50:19.000Z","volume":4000,"label":" ","price":2.04},{"type":"B","date":"2018-05-02T01:52:17.000Z","volume":6500,"label":" ","price":2.04},{"type":"B","date":"2018-05-02T01:54:25.000Z","volume":6500,"label":" ","price":2.04},{"type":"B","date":"2018-05-02T01:55:19.000Z","volume":3000,"label":" ","price":2.04},{"type":"A","date":"2018-05-02T01:55:29.000Z","volume":3500,"label":" ","price":2.05},{"type":"B","date":"2018-05-02T01:57:26.000Z","volume":3500,"label":"Y","price":2.04},{"type":"B","date":"2018-05-02T01:57:26.000Z","volume":6500,"label":" ","price":2.04},{"type":"B","date":"2018-05-02T01:57:26.000Z","volume":48000,"label":" ","price":2.04},{"type":"A","date":"2018-05-02T01:57:26.000Z","volume":5000,"label":"Y","price":2.05},{"type":"A","date":"2018-05-02T01:57:26.000Z","volume":6500,"label":" ","price":2.05},{"type":"B","date":"2018-05-02T01:58:18.000Z","volume":1500,"label":" ","price":2.03},{"type":"B","date":"2018-05-02T01:59:22.000Z","volume":4500,"label":"Y","price":2.03},{"type":"A","date":"2018-05-02T01:59:23.000Z","volume":1000,"label":" ","price":2.04},{"type":"B","date":"2018-05-02T02:00:19.000Z","volume":5000,"label":"Y","price":2.03},{"type":"B","date":"2018-05-02T02:02:21.000Z","volume":8500,"label":"Y","price":2.03},{"type":"B","date":"2018-05-02T02:02:34.000Z","volume":4000,"label":"Y","price":2.03},{"type":"B","date":"2018-05-02T02:05:00.000Z","volume":8000,"label":"Y","price":2.03},{"type":"B","date":"2018-05-02T02:05:18.000Z","volume":1000,"label":"Y","price":2.03},{"type":"B","date":"2018-05-02T02:06:35.000Z","volume":11000,"label":" ","price":2.03},{"type":"B","date":"2018-05-02T02:07:17.000Z","volume":1000,"label":"Y","price":2.03},{"type":"B","date":"2018-05-02T02:07:17.000Z","volume":4000,"label":" ","price":2.03},{"type":"A","date":"2018-05-02T02:07:32.000Z","volume":500,"label":" ","price":2.04},{"type":"B","date":"2018-05-02T02:07:43.000Z","volume":3000,"label":" ","price":2.03},{"type":"B","date":"2018-05-02T02:09:20.000Z","volume":2500,"label":"Y","price":2.03},{"type":"B","date":"2018-05-02T02:09:20.000Z","volume":3000,"label":" ","price":2.03},{"type":"B","date":"2018-05-02T02:09:51.000Z","volume":18500,"label":" ","price":2.03},{"type":"A","date":"2018-05-02T02:09:53.000Z","volume":4000,"label":" ","price":2.04},{"type":"A","date":"2018-05-02T02:09:53.000Z","volume":1000,"label":" ","price":2.04},{"type":"A","date":"2018-05-02T02:10:04.000Z","volume":500,"label":" ","price":2.04},{"type":"B","date":"2018-05-02T02:10:25.000Z","volume":500,"label":" ","price":2.03},{"type":"B","date":"2018-05-02T02:12:24.000Z","volume":5500,"label":" ","price":2.03},{"type":"B","date":"2018-05-02T02:14:42.000Z","volume":6000,"label":" ","price":2.03},{"type":"B","date":"2018-05-02T02:15:19.000Z","volume":2500,"label":" ","price":2.03},{"type":"A","date":"2018-05-02T02:15:27.000Z","volume":2500,"label":"Y","price":2.04},{"type":"A","date":"2018-05-02T02:15:27.000Z","volume":1500,"label":"Y","price":2.04},{"type":"B","date":"2018-05-02T02:20:02.000Z","volume":1500,"label":" ","price":2.03},{"type":"B","date":"2018-05-02T02:20:19.000Z","volume":1500,"label":" ","price":2.03},{"type":"A","date":"2018-05-02T02:20:22.000Z","volume":1500,"label":"Y","price":2.04},{"type":"A","date":"2018-05-02T02:22:11.000Z","volume":35000,"label":" ","price":2.04},{"type":"A","date":"2018-05-02T02:22:11.000Z","volume":5000,"label":" ","price":2.04},{"type":"A","date":"2018-05-02T02:22:11.000Z","volume":2500,"label":" ","price":2.04},{"type":"A","date":"2018-05-02T02:22:11.000Z","volume":1500,"label":"Y","price":2.04},{"type":"A","date":"2018-05-02T02:22:11.000Z","volume":3000,"label":" ","price":2.04},{"type":"A","date":"2018-05-02T02:22:11.000Z","volume":58000,"label":" ","price":2.04},{"type":"A","date":"2018-05-02T02:22:11.000Z","volume":2000,"label":"Y","price":2.05},{"type":"A","date":"2018-05-02T02:22:11.000Z","volume":13000,"label":" ","price":2.05},{"type":"A","date":"2018-05-02T02:22:13.000Z","volume":6000,"label":" ","price":2.05},{"type":"A","date":"2018-05-02T02:22:13.000Z","volume":5000,"label":" ","price":2.05},{"type":"A","date":"2018-05-02T02:22:14.000Z","volume":500,"label":" ","price":2.05},{"type":"A","date":"2018-05-02T02:22:14.000Z","volume":3000,"label":" ","price":2.05},{"type":"A","date":"2018-05-02T02:23:14.000Z","volume":5500,"label":" ","price":2.05},{"type":"A","date":"2018-05-02T02:23:15.000Z","volume":500,"label":" ","price":2.05},{"type":"A","date":"2018-05-02T02:24:10.000Z","volume":1500,"label":" ","price":2.05},{"type":"A","date":"2018-05-02T02:27:44.000Z","volume":1500,"label":" ","price":2.05},{"type":"A","date":"2018-05-02T02:27:45.000Z","volume":500,"label":" ","price":2.05},{"type":"A","date":"2018-05-02T02:28:49.000Z","volume":50000,"label":" ","price":2.05},{"type":"A","date":"2018-05-02T02:28:49.000Z","volume":10000,"label":" ","price":2.05},{"type":"A","date":"2018-05-02T02:28:49.000Z","volume":500,"label":"Y","price":2.05},{"type":"A","date":"2018-05-02T02:28:49.000Z","volume":1500,"label":" ","price":2.05},{"type":"A","date":"2018-05-02T02:28:49.000Z","volume":12000,"label":" ","price":2.06},{"type":"A","date":"2018-05-02T02:28:49.000Z","volume":5500,"label":" ","price":2.06},{"type":"A","date":"2018-05-02T02:28:50.000Z","volume":1500,"label":" ","price":2.06},{"type":"A","date":"2018-05-02T02:28:51.000Z","volume":5000,"label":" ","price":2.06},{"type":"A","date":"2018-05-02T02:31:24.000Z","volume":10000,"label":" ","price":2.06},{"type":"A","date":"2018-05-02T02:31:24.000Z","volume":5000,"label":" ","price":2.06},{"type":"A","date":"2018-05-02T02:31:27.000Z","volume":1000,"label":" ","price":2.06},{"type":"A","date":"2018-05-02T02:32:43.000Z","volume":1000,"label":" ","price":2.06},{"type":"B","date":"2018-05-02T02:34:38.000Z","volume":30000,"label":" ","price":2.05},{"type":"B","date":"2018-05-02T02:34:38.000Z","volume":4000,"label":"Y","price":2.05},{"type":"B","date":"2018-05-02T02:34:38.000Z","volume":14000,"label":" ","price":2.05},{"type":"A","date":"2018-05-02T02:34:38.000Z","volume":2000,"label":"Y","price":2.06},{"type":"A","date":"2018-05-02T02:34:38.000Z","volume":4500,"label":" ","price":2.06},{"type":"B","date":"2018-05-02T02:34:38.000Z","volume":6000,"label":" ","price":2.05},{"type":"B","date":"2018-05-02T02:37:02.000Z","volume":1000,"label":" ","price":2.04},{"type":"B","date":"2018-05-02T02:40:46.000Z","volume":500,"label":" ","price":2.04},{"type":"B","date":"2018-05-02T02:46:31.000Z","volume":500,"label":" ","price":2.04},{"type":"B","date":"2018-05-02T02:49:27.000Z","volume":11000,"label":" ","price":2.04},{"type":"B","date":"2018-05-02T02:50:17.000Z","volume":3000,"label":" ","price":2.04},{"type":"B","date":"2018-05-02T02:52:20.000Z","volume":4500,"label":"Y","price":2.04},{"type":"B","date":"2018-05-02T02:52:20.000Z","volume":5000,"label":" ","price":2.04},{"type":"B","date":"2018-05-02T02:54:27.000Z","volume":11500,"label":" ","price":2.04},{"type":"B","date":"2018-05-02T02:55:18.000Z","volume":4500,"label":" ","price":2.04},{"type":"B","date":"2018-05-02T02:56:58.000Z","volume":8000,"label":" ","price":2.04},{"type":"A","date":"2018-05-02T02:57:39.000Z","volume":1000,"label":"Y","price":2.05},{"type":"B","date":"2018-05-02T03:00:26.000Z","volume":7500,"label":" ","price":2.04},{"type":"A","date":"2018-05-02T03:00:26.000Z","volume":1000,"label":" ","price":2.05},{"type":"A","date":"2018-05-02T03:02:39.000Z","volume":2500,"label":"Y","price":2.05},{"type":"B","date":"2018-05-02T03:04:01.000Z","volume":500,"label":" ","price":2.04},{"type":"B","date":"2018-05-02T03:06:03.000Z","volume":2000,"label":" ","price":2.04},{"type":"A","date":"2018-05-02T03:07:36.000Z","volume":1000,"label":"Y","price":2.05},{"type":"A","date":"2018-05-02T03:11:53.000Z","volume":2000,"label":" ","price":2.05},{"type":"A","date":"2018-05-02T03:12:42.000Z","volume":500,"label":"Y","price":2.05},{"type":"A","date":"2018-05-02T03:14:41.000Z","volume":2500,"label":" ","price":2.05},{"type":"A","date":"2018-05-02T03:17:38.000Z","volume":1000,"label":"Y","price":2.05},{"type":"B","date":"2018-05-02T03:19:34.000Z","volume":1500,"label":" ","price":2.04},{"type":"A","date":"2018-05-02T03:20:32.000Z","volume":3000,"label":" ","price":2.05},{"type":"A","date":"2018-05-02T03:21:05.000Z","volume":50000,"label":" ","price":2.05},{"type":"A","date":"2018-05-02T03:21:05.000Z","volume":2500,"label":"Y","price":2.05},{"type":"A","date":"2018-05-02T03:21:05.000Z","volume":10000,"label":" ","price":2.05},{"type":"A","date":"2018-05-02T03:21:05.000Z","volume":8000,"label":" ","price":2.05},{"type":"A","date":"2018-05-02T03:21:05.000Z","volume":500,"label":" ","price":2.05},{"type":"A","date":"2018-05-02T03:21:05.000Z","volume":500,"label":"Y","price":2.06},{"type":"A","date":"2018-05-02T03:21:05.000Z","volume":4000,"label":" ","price":2.06},{"type":"A","date":"2018-05-02T03:21:06.000Z","volume":500,"label":" ","price":2.06},{"type":"A","date":"2018-05-02T03:21:06.000Z","volume":2500,"label":" ","price":2.06},{"type":"A","date":"2018-05-02T03:21:07.000Z","volume":1000,"label":" ","price":2.06},{"type":"A","date":"2018-05-02T03:22:02.000Z","volume":13500,"label":" ","price":2.06},{"type":"A","date":"2018-05-02T03:22:02.000Z","volume":5000,"label":" ","price":2.06},{"type":"A","date":"2018-05-02T03:22:04.000Z","volume":2000,"label":" ","price":2.06},{"type":"A","date":"2018-05-02T03:22:06.000Z","volume":500,"label":" ","price":2.06},{"type":"A","date":"2018-05-02T03:22:43.000Z","volume":1500,"label":" ","price":2.06},{"type":"B","date":"2018-05-02T03:23:23.000Z","volume":5000,"label":" ","price":2.05},{"type":"B","date":"2018-05-02T03:24:51.000Z","volume":500,"label":"Y","price":2.05},{"type":"B","date":"2018-05-02T03:25:19.000Z","volume":1500,"label":" ","price":2.05},{"type":"A","date":"2018-05-02T03:27:41.000Z","volume":2000,"label":" ","price":2.06},{"type":"A","date":"2018-05-02T03:27:54.000Z","volume":5000,"label":" ","price":2.06},{"type":"B","date":"2018-05-02T03:30:20.000Z","volume":2500,"label":" ","price":2.05},{"type":"A","date":"2018-05-02T03:32:43.000Z","volume":2000,"label":" ","price":2.06},{"type":"B","date":"2018-05-02T03:35:25.000Z","volume":1500,"label":" ","price":2.05},{"type":"A","date":"2018-05-02T03:37:42.000Z","volume":1000,"label":" ","price":2.06},{"type":"A","date":"2018-05-02T03:37:42.000Z","volume":500,"label":" ","price":2.06},{"type":"A","date":"2018-05-02T03:37:47.000Z","volume":2000,"label":" ","price":2.06},{"type":"B","date":"2018-05-02T03:40:17.000Z","volume":1500,"label":" ","price":2.05},{"type":"A","date":"2018-05-02T03:42:38.000Z","volume":500,"label":" ","price":2.06},{"type":"A","date":"2018-05-02T03:44:55.000Z","volume":10000,"label":" ","price":2.06},{"type":"A","date":"2018-05-02T03:45:05.000Z","volume":2500,"label":" ","price":2.06},{"type":"B","date":"2018-05-02T03:45:17.000Z","volume":3500,"label":" ","price":2.05},{"type":"B","date":"2018-05-02T03:47:20.000Z","volume":175000,"label":" ","price":2.05},{"type":"A","date":"2018-05-02T03:47:20.000Z","volume":8000,"label":"Y","price":2.06},{"type":"U","date":"2018-05-02T03:47:20.000Z","volume":4500,"label":" ","price":2.05},{"type":"A","date":"2018-05-02T03:47:20.000Z","volume":43500,"label":" ","price":2.05},{"type":"A","date":"2018-05-02T03:47:20.000Z","volume":11000,"label":" ","price":2.05},{"type":"A","date":"2018-05-02T03:47:20.000Z","volume":33000,"label":" ","price":2.05},{"type":"A","date":"2018-05-02T03:47:20.000Z","volume":3500,"label":"Y","price":2.06},{"type":"A","date":"2018-05-02T03:47:20.000Z","volume":1000,"label":" ","price":2.06},{"type":"A","date":"2018-05-02T03:47:20.000Z","volume":6500,"label":" ","price":2.06},{"type":"A","date":"2018-05-02T03:47:20.000Z","volume":2000,"label":" ","price":2.06},{"type":"U","date":"2018-05-02T03:47:42.000Z","volume":2000,"label":"X","price":2.06},{"type":"A","date":"2018-05-02T03:47:42.000Z","volume":2000,"label":" ","price":2.06},{"type":"A","date":"2018-05-02T03:47:42.000Z","volume":6500,"label":" ","price":2.06},{"type":"A","date":"2018-05-02T03:52:36.000Z","volume":1500,"label":" ","price":2.06},{"type":"A","date":"2018-05-02T03:57:40.000Z","volume":500,"label":" ","price":2.06},{"type":"A","date":"2018-05-02T03:57:40.000Z","volume":3000,"label":" ","price":2.06},{"type":"B","date":"2018-05-02T05:00:01.000Z","volume":500,"label":" ","price":2.05},{"type":"B","date":"2018-05-02T05:01:36.000Z","volume":2000,"label":" ","price":2.05},{"type":"A","date":"2018-05-02T05:10:21.000Z","volume":1000,"label":" ","price":2.06},{"type":"B","date":"2018-05-02T05:10:22.000Z","volume":500,"label":" ","price":2.05},{"type":"B","date":"2018-05-02T05:12:31.000Z","volume":5000,"label":" ","price":2.05},{"type":"A","date":"2018-05-02T05:13:55.000Z","volume":2000,"label":" ","price":2.06},{"type":"B","date":"2018-05-02T05:14:28.000Z","volume":1000,"label":"Y","price":2.05},{"type":"B","date":"2018-05-02T05:14:28.000Z","volume":6000,"label":" ","price":2.05},{"type":"B","date":"2018-05-02T05:14:40.000Z","volume":1000,"label":" ","price":2.05},{"type":"B","date":"2018-05-02T05:15:28.000Z","volume":3500,"label":"Y","price":2.05},{"type":"A","date":"2018-05-02T05:15:29.000Z","volume":500,"label":" ","price":2.06},{"type":"A","date":"2018-05-02T05:15:34.000Z","volume":2000,"label":" ","price":2.06},{"type":"B","date":"2018-05-02T05:17:06.000Z","volume":2000,"label":" ","price":2.05},{"type":"B","date":"2018-05-02T05:17:22.000Z","volume":5500,"label":" ","price":2.05},{"type":"A","date":"2018-05-02T05:18:15.000Z","volume":2000,"label":" ","price":2.06},{"type":"B","date":"2018-05-02T05:20:23.000Z","volume":6000,"label":" ","price":2.05},{"type":"A","date":"2018-05-02T05:21:42.000Z","volume":2500,"label":" ","price":2.06},{"type":"B","date":"2018-05-02T05:22:23.000Z","volume":5500,"label":" ","price":2.05},{"type":"A","date":"2018-05-02T05:24:22.000Z","volume":3000,"label":" ","price":2.06},{"type":"B","date":"2018-05-02T05:24:31.000Z","volume":7500,"label":" ","price":2.05},{"type":"B","date":"2018-05-02T05:25:19.000Z","volume":3000,"label":" ","price":2.05},{"type":"A","date":"2018-05-02T05:25:19.000Z","volume":4500,"label":" ","price":2.06},{"type":"A","date":"2018-05-02T05:25:20.000Z","volume":1000,"label":" ","price":2.06},{"type":"B","date":"2018-05-02T05:25:24.000Z","volume":500,"label":" ","price":2.05},{"type":"A","date":"2018-05-02T05:26:24.000Z","volume":11500,"label":" ","price":2.06},{"type":"B","date":"2018-05-02T05:27:20.000Z","volume":6500,"label":" ","price":2.05},{"type":"B","date":"2018-05-02T05:29:36.000Z","volume":4500,"label":" ","price":2.05},{"type":"A","date":"2018-05-02T05:29:36.000Z","volume":500,"label":"Y","price":2.06},{"type":"A","date":"2018-05-02T05:29:36.000Z","volume":4500,"label":" ","price":2.06},{"type":"B","date":"2018-05-02T05:30:19.000Z","volume":1500,"label":"Y","price":2.05},{"type":"B","date":"2018-05-02T05:33:37.000Z","volume":1500,"label":" ","price":2.05},{"type":"B","date":"2018-05-02T05:34:33.000Z","volume":9500,"label":"Y","price":2.05},{"type":"B","date":"2018-05-02T05:35:20.000Z","volume":500,"label":"Y","price":2.05},{"type":"B","date":"2018-05-02T05:35:20.000Z","volume":2000,"label":" ","price":2.05},{"type":"B","date":"2018-05-02T05:35:42.000Z","volume":1000,"label":" ","price":2.05},{"type":"B","date":"2018-05-02T05:35:50.000Z","volume":1000,"label":" ","price":2.05},{"type":"B","date":"2018-05-02T05:37:13.000Z","volume":9500,"label":" ","price":2.05},{"type":"B","date":"2018-05-02T05:37:48.000Z","volume":6000,"label":" ","price":2.05},{"type":"B","date":"2018-05-02T05:39:21.000Z","volume":15500,"label":" ","price":2.05},{"type":"B","date":"2018-05-02T05:40:22.000Z","volume":500,"label":" ","price":2.05},{"type":"B","date":"2018-05-02T05:40:27.000Z","volume":7000,"label":" ","price":2.05},{"type":"U","date":"2018-05-02T05:41:14.000Z","volume":500,"label":"X","price":2.055},{"type":"U","date":"2018-05-02T05:41:14.000Z","volume":1500,"label":"X","price":2.055},{"type":"U","date":"2018-05-02T05:41:14.000Z","volume":500,"label":"X","price":2.055},{"type":"B","date":"2018-05-02T05:42:34.000Z","volume":500,"label":" ","price":2.05},{"type":"B","date":"2018-05-02T05:42:34.000Z","volume":7000,"label":" ","price":2.05},{"type":"A","date":"2018-05-02T05:45:25.000Z","volume":2500,"label":" ","price":2.06},{"type":"B","date":"2018-05-02T05:45:25.000Z","volume":2500,"label":" ","price":2.05},{"type":"B","date":"2018-05-02T05:46:07.000Z","volume":2000,"label":" ","price":2.05},{"type":"B","date":"2018-05-02T05:49:04.000Z","volume":500,"label":" ","price":2.05},{"type":"B","date":"2018-05-02T05:50:18.000Z","volume":500,"label":" ","price":2.05},{"type":"B","date":"2018-05-02T05:50:20.000Z","volume":2000,"label":" ","price":2.05},{"type":"A","date":"2018-05-02T05:50:27.000Z","volume":2500,"label":" ","price":2.06},{"type":"A","date":"2018-05-02T05:54:24.000Z","volume":2500,"label":" ","price":2.06},{"type":"A","date":"2018-05-02T05:55:22.000Z","volume":1000,"label":" ","price":2.06},{"type":"A","date":"2018-05-02T05:55:22.000Z","volume":500,"label":" ","price":2.06},{"type":"B","date":"2018-05-02T05:55:24.000Z","volume":2500,"label":" ","price":2.05},{"type":"B","date":"2018-05-02T05:58:08.000Z","volume":1500,"label":" ","price":2.05},{"type":"B","date":"2018-05-02T06:00:18.000Z","volume":500,"label":" ","price":2.05},{"type":"A","date":"2018-05-02T06:00:20.000Z","volume":1000,"label":" ","price":2.06},{"type":"A","date":"2018-05-02T06:00:20.000Z","volume":2000,"label":" ","price":2.06},{"type":"B","date":"2018-05-02T06:00:25.000Z","volume":2000,"label":" ","price":2.05},{"type":"A","date":"2018-05-02T06:00:45.000Z","volume":7000,"label":" ","price":2.06},{"type":"A","date":"2018-05-02T06:03:29.000Z","volume":2000,"label":" ","price":2.06},{"type":"B","date":"2018-05-02T06:05:18.000Z","volume":1000,"label":" ","price":2.05},{"type":"A","date":"2018-05-02T06:05:24.000Z","volume":1000,"label":" ","price":2.06},{"type":"B","date":"2018-05-02T06:05:26.000Z","volume":4000,"label":" ","price":2.05},{"type":"B","date":"2018-05-02T06:06:25.000Z","volume":500,"label":" ","price":2.05},{"type":"B","date":"2018-05-02T06:06:49.000Z","volume":3000,"label":" ","price":2.05},{"type":"A","date":"2018-05-02T06:07:41.000Z","volume":500,"label":" ","price":2.06},{"type":"A","date":"2018-05-02T06:07:52.000Z","volume":2000,"label":" ","price":2.06},{"type":"B","date":"2018-05-02T06:10:08.000Z","volume":1500,"label":" ","price":2.05},{"type":"A","date":"2018-05-02T06:10:23.000Z","volume":3000,"label":" ","price":2.06},{"type":"A","date":"2018-05-02T06:10:23.000Z","volume":500,"label":" ","price":2.06},{"type":"B","date":"2018-05-02T06:10:24.000Z","volume":4500,"label":" ","price":2.05},{"type":"A","date":"2018-05-02T06:13:56.000Z","volume":2500,"label":" ","price":2.06},{"type":"A","date":"2018-05-02T06:15:23.000Z","volume":2000,"label":" ","price":2.06},{"type":"B","date":"2018-05-02T06:15:23.000Z","volume":3000,"label":" ","price":2.05},{"type":"B","date":"2018-05-02T06:15:25.000Z","volume":500,"label":" ","price":2.05},{"type":"B","date":"2018-05-02T06:20:19.000Z","volume":500,"label":" ","price":2.05},{"type":"B","date":"2018-05-02T06:20:22.000Z","volume":1000,"label":" ","price":2.05},{"type":"A","date":"2018-05-02T06:20:24.000Z","volume":1500,"label":" ","price":2.06},{"type":"A","date":"2018-05-02T06:20:24.000Z","volume":2000,"label":" ","price":2.06},{"type":"B","date":"2018-05-02T06:22:08.000Z","volume":1500,"label":" ","price":2.05},{"type":"B","date":"2018-05-02T06:24:54.000Z","volume":1000,"label":" ","price":2.05},{"type":"A","date":"2018-05-02T06:25:21.000Z","volume":500,"label":" ","price":2.06},{"type":"B","date":"2018-05-02T06:25:24.000Z","volume":2000,"label":" ","price":2.05},{"type":"A","date":"2018-05-02T06:30:01.000Z","volume":500,"label":" ","price":2.06},{"type":"B","date":"2018-05-02T06:30:20.000Z","volume":500,"label":" ","price":2.05},{"type":"B","date":"2018-05-02T06:30:23.000Z","volume":1000,"label":" ","price":2.05},{"type":"A","date":"2018-05-02T06:30:27.000Z","volume":2500,"label":" ","price":2.06},{"type":"B","date":"2018-05-02T06:33:39.000Z","volume":2000,"label":" ","price":2.05},{"type":"U","date":"2018-05-02T06:34:15.000Z","volume":500,"label":"X","price":2.055},{"type":"B","date":"2018-05-02T06:35:26.000Z","volume":2000,"label":"Y","price":2.05},{"type":"B","date":"2018-05-02T06:35:26.000Z","volume":500,"label":"Y","price":2.05},{"type":"B","date":"2018-05-02T06:40:25.000Z","volume":500,"label":"Y","price":2.05},{"type":"B","date":"2018-05-02T06:45:09.000Z","volume":1500,"label":" ","price":2.05},{"type":"B","date":"2018-05-02T06:45:18.000Z","volume":500,"label":"Y","price":2.05},{"type":"B","date":"2018-05-02T06:45:23.000Z","volume":1000,"label":"Y","price":2.05},{"type":"A","date":"2018-05-02T06:46:54.000Z","volume":1000,"label":" ","price":2.06},{"type":"A","date":"2018-05-02T06:46:56.000Z","volume":15000,"label":" ","price":2.06},{"type":"A","date":"2018-05-02T06:47:18.000Z","volume":1000,"label":" ","price":2.06},{"type":"A","date":"2018-05-02T06:47:18.000Z","volume":500,"label":" ","price":2.06},{"type":"U","date":"2018-05-02T06:47:46.000Z","volume":500,"label":"X","price":2.06},{"type":"A","date":"2018-05-02T06:52:41.000Z","volume":500,"label":" ","price":2.06},{"type":"B","date":"2018-05-02T06:55:23.000Z","volume":500,"label":"Y","price":2.05},{"type":"B","date":"2018-05-02T06:56:09.000Z","volume":1000,"label":" ","price":2.05},{"type":"B","date":"2018-05-02T07:00:16.000Z","volume":50000,"label":" ","price":2.05},{"type":"A","date":"2018-05-02T07:00:16.000Z","volume":6500,"label":"Y","price":2.06},{"type":"A","date":"2018-05-02T07:00:16.000Z","volume":1000,"label":" ","price":2.06},{"type":"B","date":"2018-05-02T07:00:20.000Z","volume":1000,"label":" ","price":2.05},{"type":"B","date":"2018-05-02T07:00:22.000Z","volume":37000,"label":"Y","price":2.05},{"type":"B","date":"2018-05-02T07:00:22.000Z","volume":63000,"label":" ","price":2.05},{"type":"A","date":"2018-05-02T07:00:22.000Z","volume":1000,"label":" ","price":2.06},{"type":"A","date":"2018-05-02T07:00:22.000Z","volume":2500,"label":" ","price":2.06},{"type":"A","date":"2018-05-02T07:00:35.000Z","volume":2500,"label":" ","price":2.06},{"type":"B","date":"2018-05-02T07:00:40.000Z","volume":3000,"label":" ","price":2.05},{"type":"A","date":"2018-05-02T07:01:31.000Z","volume":5000,"label":" ","price":2.06},{"type":"B","date":"2018-05-02T07:06:18.000Z","volume":1500,"label":" ","price":2.05},{"type":"B","date":"2018-05-02T07:07:17.000Z","volume":14000,"label":" ","price":2.05},{"type":"B","date":"2018-05-02T07:08:12.000Z","volume":92000,"label":" ","price":2.05},{"type":"B","date":"2018-05-02T07:08:12.000Z","volume":4000,"label":" ","price":2.05},{"type":"B","date":"2018-05-02T07:08:12.000Z","volume":15000,"label":" ","price":2.05},{"type":"B","date":"2018-05-02T07:08:40.000Z","volume":1500,"label":" ","price":2.05},{"type":"A","date":"2018-05-02T07:10:23.000Z","volume":1500,"label":"Y","price":2.06},{"type":"B","date":"2018-05-02T07:10:27.000Z","volume":500,"label":" ","price":2.05},{"type":"B","date":"2018-05-02T07:12:20.000Z","volume":7500,"label":"Y","price":2.05},{"type":"B","date":"2018-05-02T07:12:20.000Z","volume":9000,"label":" ","price":2.05},{"type":"B","date":"2018-05-02T07:13:54.000Z","volume":1000,"label":" ","price":2.05},{"type":"B","date":"2018-05-02T07:14:00.000Z","volume":4000,"label":" ","price":2.05},{"type":"B","date":"2018-05-02T07:14:15.000Z","volume":10000,"label":" ","price":2.05},{"type":"B","date":"2018-05-02T07:15:27.000Z","volume":10000,"label":" ","price":2.05},{"type":"A","date":"2018-05-02T07:16:41.000Z","volume":500,"label":" ","price":2.06},{"type":"B","date":"2018-05-02T07:20:23.000Z","volume":3500,"label":" ","price":2.05},{"type":"B","date":"2018-05-02T07:20:23.000Z","volume":500,"label":" ","price":2.05},{"type":"A","date":"2018-05-02T07:20:25.000Z","volume":3000,"label":"Y","price":2.06},{"type":"A","date":"2018-05-02T07:21:37.000Z","volume":2000,"label":" ","price":2.06},{"type":"B","date":"2018-05-02T07:24:22.000Z","volume":9000,"label":" ","price":2.05},{"type":"B","date":"2018-05-02T07:25:24.000Z","volume":2500,"label":" ","price":2.05},{"type":"A","date":"2018-05-02T07:25:27.000Z","volume":500,"label":"Y","price":2.06},{"type":"A","date":"2018-05-02T07:25:27.000Z","volume":3500,"label":" ","price":2.06},{"type":"A","date":"2018-05-02T07:26:14.000Z","volume":4000,"label":" ","price":2.06},{"type":"B","date":"2018-05-02T07:26:48.000Z","volume":20000,"label":" ","price":2.05},{"type":"A","date":"2018-05-02T07:26:48.000Z","volume":6000,"label":" ","price":2.06},{"type":"B","date":"2018-05-02T07:29:43.000Z","volume":500,"label":" ","price":2.05},{"type":"B","date":"2018-05-02T07:30:11.000Z","volume":1500,"label":" ","price":2.05},{"type":"B","date":"2018-05-02T07:30:26.000Z","volume":11500,"label":" ","price":2.05},{"type":"B","date":"2018-05-02T07:32:11.000Z","volume":3000,"label":" ","price":2.05},{"type":"A","date":"2018-05-02T07:34:28.000Z","volume":13500,"label":"Y","price":2.06},{"type":"A","date":"2018-05-02T07:34:28.000Z","volume":6500,"label":" ","price":2.06},{"type":"B","date":"2018-05-02T07:34:28.000Z","volume":10500,"label":" ","price":2.05},{"type":"A","date":"2018-05-02T07:34:33.000Z","volume":20000,"label":" ","price":2.06},{"type":"U","date":"2018-05-02T07:34:47.000Z","volume":500,"label":"X","price":2.055},{"type":"A","date":"2018-05-02T07:35:19.000Z","volume":3500,"label":" ","price":2.06},{"type":"A","date":"2018-05-02T07:35:39.000Z","volume":20000,"label":" ","price":2.06},{"type":"A","date":"2018-05-02T07:35:39.000Z","volume":5500,"label":" ","price":2.06},{"type":"A","date":"2018-05-02T07:35:48.000Z","volume":6000,"label":" ","price":2.06},{"type":"A","date":"2018-05-02T07:36:43.000Z","volume":20000,"label":" ","price":2.06},{"type":"A","date":"2018-05-02T07:36:43.000Z","volume":7000,"label":" ","price":2.06},{"type":"A","date":"2018-05-02T07:36:52.000Z","volume":20000,"label":" ","price":2.06},{"type":"A","date":"2018-05-02T07:36:52.000Z","volume":6000,"label":" ","price":2.06},{"type":"U","date":"2018-05-02T07:37:17.000Z","volume":500,"label":"X","price":2.055},{"type":"U","date":"2018-05-02T07:37:17.000Z","volume":1500,"label":"X","price":2.055},{"type":"A","date":"2018-05-02T07:37:44.000Z","volume":3000,"label":" ","price":2.06},{"type":"A","date":"2018-05-02T07:38:35.000Z","volume":72500,"label":" ","price":2.06},{"type":"A","date":"2018-05-02T07:38:35.000Z","volume":4500,"label":" ","price":2.06},{"type":"A","date":"2018-05-02T07:38:35.000Z","volume":14000,"label":" ","price":2.06},{"type":"A","date":"2018-05-02T07:39:35.000Z","volume":3000,"label":" ","price":2.06},{"type":"A","date":"2018-05-02T07:39:35.000Z","volume":5000,"label":" ","price":2.06},{"type":"A","date":"2018-05-02T07:39:41.000Z","volume":500,"label":" ","price":2.06},{"type":"A","date":"2018-05-02T07:40:27.000Z","volume":1000,"label":" ","price":2.06},{"type":"B","date":"2018-05-02T07:42:03.000Z","volume":3500,"label":"Y","price":2.05},{"type":"B","date":"2018-05-02T07:42:03.000Z","volume":11500,"label":" ","price":2.05},{"type":"B","date":"2018-05-02T07:44:23.000Z","volume":18000,"label":"Y","price":2.05},{"type":"B","date":"2018-05-02T07:44:23.000Z","volume":8000,"label":" ","price":2.05},{"type":"A","date":"2018-05-02T07:44:23.000Z","volume":6000,"label":" ","price":2.06},{"type":"B","date":"2018-05-02T07:45:21.000Z","volume":10000,"label":" ","price":2.05},{"type":"B","date":"2018-05-02T07:47:07.000Z","volume":1500,"label":"Y","price":2.05},{"type":"B","date":"2018-05-02T07:47:07.000Z","volume":18000,"label":" ","price":2.05},{"type":"A","date":"2018-05-02T07:47:36.000Z","volume":30000,"label":" ","price":2.06},{"type":"A","date":"2018-05-02T07:47:54.000Z","volume":1500,"label":" ","price":2.06},{"type":"B","date":"2018-05-02T07:48:03.000Z","volume":2000,"label":" ","price":2.05},{"type":"A","date":"2018-05-02T07:48:21.000Z","volume":1500,"label":" ","price":2.06},{"type":"B","date":"2018-05-02T07:48:29.000Z","volume":1500,"label":" ","price":2.05},{"type":"A","date":"2018-05-02T07:48:37.000Z","volume":1000,"label":"Y","price":2.06},{"type":"A","date":"2018-05-02T07:48:37.000Z","volume":39000,"label":" ","price":2.06},{"type":"A","date":"2018-05-02T07:48:37.000Z","volume":4000,"label":"Y","price":2.06},{"type":"A","date":"2018-05-02T07:48:37.000Z","volume":2500,"label":" ","price":2.06},{"type":"A","date":"2018-05-02T07:48:47.000Z","volume":1000,"label":"Y","price":2.06},{"type":"A","date":"2018-05-02T07:48:47.000Z","volume":500,"label":" ","price":2.06},{"type":"A","date":"2018-05-02T07:48:52.000Z","volume":500,"label":"Y","price":2.06},{"type":"A","date":"2018-05-02T07:48:52.000Z","volume":19500,"label":" ","price":2.06},{"type":"A","date":"2018-05-02T07:48:52.000Z","volume":6500,"label":" ","price":2.06},{"type":"B","date":"2018-05-02T07:48:55.000Z","volume":1500,"label":" ","price":2.05},{"type":"A","date":"2018-05-02T07:49:02.000Z","volume":10000,"label":" ","price":2.06},{"type":"A","date":"2018-05-02T07:49:16.000Z","volume":1500,"label":" ","price":2.06},{"type":"U","date":"2018-05-02T07:49:17.000Z","volume":2000,"label":"X","price":2.055},{"type":"B","date":"2018-05-02T07:49:24.000Z","volume":2000,"label":" ","price":2.05},{"type":"A","date":"2018-05-02T07:49:45.000Z","volume":1500,"label":" ","price":2.06},{"type":"B","date":"2018-05-02T07:49:53.000Z","volume":2000,"label":" ","price":2.05},{"type":"A","date":"2018-05-02T07:50:12.000Z","volume":1500,"label":" ","price":2.06},{"type":"B","date":"2018-05-02T07:50:21.000Z","volume":1500,"label":" ","price":2.05},{"type":"B","date":"2018-05-02T07:50:25.000Z","volume":11500,"label":"Y","price":2.05},{"type":"A","date":"2018-05-02T07:50:25.000Z","volume":8000,"label":" ","price":2.06},{"type":"A","date":"2018-05-02T07:50:38.000Z","volume":1500,"label":" ","price":2.06},{"type":"B","date":"2018-05-02T07:50:49.000Z","volume":2000,"label":" ","price":2.05},{"type":"A","date":"2018-05-02T07:50:58.000Z","volume":6000,"label":"Y","price":2.06},{"type":"A","date":"2018-05-02T07:50:58.000Z","volume":4000,"label":" ","price":2.06},{"type":"A","date":"2018-05-02T07:51:05.000Z","volume":10000,"label":"Y","price":2.06},{"type":"A","date":"2018-05-02T07:51:05.000Z","volume":7000,"label":"Y","price":2.06},{"type":"A","date":"2018-05-02T07:51:05.000Z","volume":1500,"label":" ","price":2.06},{"type":"B","date":"2018-05-02T07:51:14.000Z","volume":1500,"label":" ","price":2.05},{"type":"B","date":"2018-05-02T07:51:22.000Z","volume":8000,"label":"Y","price":2.05},{"type":"A","date":"2018-05-02T07:51:33.000Z","volume":1500,"label":" ","price":2.06},{"type":"B","date":"2018-05-02T07:51:42.000Z","volume":2000,"label":" ","price":2.05},{"type":"A","date":"2018-05-02T07:52:02.000Z","volume":2000,"label":" ","price":2.06},{"type":"B","date":"2018-05-02T07:52:07.000Z","volume":1500,"label":" ","price":2.05},{"type":"A","date":"2018-05-02T07:52:29.000Z","volume":1500,"label":" ","price":2.06},{"type":"A","date":"2018-05-02T07:52:29.000Z","volume":6000,"label":"Y","price":2.06},{"type":"B","date":"2018-05-02T07:52:34.000Z","volume":1500,"label":" ","price":2.05},{"type":"A","date":"2018-05-02T07:52:56.000Z","volume":1500,"label":" ","price":2.06},{"type":"B","date":"2018-05-02T07:53:03.000Z","volume":2500,"label":" ","price":2.05},{"type":"A","date":"2018-05-02T07:53:13.000Z","volume":2500,"label":"Y","price":2.06},{"type":"A","date":"2018-05-02T07:53:26.000Z","volume":17500,"label":"Y","price":2.06},{"type":"A","date":"2018-05-02T07:53:26.000Z","volume":2500,"label":" ","price":2.06},{"type":"A","date":"2018-05-02T07:53:26.000Z","volume":2000,"label":" ","price":2.06},{"type":"A","date":"2018-05-02T07:53:30.000Z","volume":5000,"label":" ","price":2.06},{"type":"A","date":"2018-05-02T07:53:30.000Z","volume":6500,"label":" ","price":2.06},{"type":"B","date":"2018-05-02T07:53:31.000Z","volume":2000,"label":" ","price":2.05},{"type":"A","date":"2018-05-02T07:53:39.000Z","volume":500,"label":"Y","price":2.06},{"type":"A","date":"2018-05-02T07:53:39.000Z","volume":9500,"label":" ","price":2.06},{"type":"A","date":"2018-05-02T07:53:56.000Z","volume":2000,"label":"Y","price":2.06},{"type":"A","date":"2018-05-02T07:54:18.000Z","volume":3500,"label":" ","price":2.06},{"type":"A","date":"2018-05-02T07:54:22.000Z","volume":1500,"label":" ","price":2.06},{"type":"A","date":"2018-05-02T07:54:22.000Z","volume":6000,"label":" ","price":2.06},{"type":"A","date":"2018-05-02T07:54:24.000Z","volume":47500,"label":" ","price":2.06},{"type":"A","date":"2018-05-02T07:54:24.000Z","volume":8000,"label":"Y","price":2.06},{"type":"A","date":"2018-05-02T07:54:24.000Z","volume":4000,"label":" ","price":2.06},{"type":"A","date":"2018-05-02T07:54:25.000Z","volume":4000,"label":" ","price":2.06},{"type":"A","date":"2018-05-02T07:54:28.000Z","volume":2000,"label":" ","price":2.06},{"type":"A","date":"2018-05-02T07:54:38.000Z","volume":10000,"label":" ","price":2.06},{"type":"A","date":"2018-05-02T07:54:38.000Z","volume":6500,"label":" ","price":2.07},{"type":"A","date":"2018-05-02T07:54:40.000Z","volume":1500,"label":" ","price":2.07},{"type":"A","date":"2018-05-02T07:54:42.000Z","volume":500,"label":" ","price":2.07},{"type":"A","date":"2018-05-02T07:54:50.000Z","volume":2000,"label":" ","price":2.07},{"type":"A","date":"2018-05-02T07:55:15.000Z","volume":9000,"label":" ","price":2.07},{"type":"A","date":"2018-05-02T07:55:20.000Z","volume":1000,"label":" ","price":2.07},{"type":"B","date":"2018-05-02T07:55:26.000Z","volume":3000,"label":" ","price":2.06},{"type":"A","date":"2018-05-02T07:55:43.000Z","volume":2000,"label":" ","price":2.07},{"type":"A","date":"2018-05-02T07:56:03.000Z","volume":9500,"label":"Y","price":2.07},{"type":"A","date":"2018-05-02T07:56:03.000Z","volume":10500,"label":" ","price":2.07},{"type":"A","date":"2018-05-02T07:56:03.000Z","volume":2500,"label":"Y","price":2.07},{"type":"A","date":"2018-05-02T07:56:03.000Z","volume":4500,"label":" ","price":2.07},{"type":"B","date":"2018-05-02T07:56:06.000Z","volume":12000,"label":" ","price":2.06},{"type":"A","date":"2018-05-02T07:56:06.000Z","volume":7500,"label":" ","price":2.07},{"type":"B","date":"2018-05-02T07:56:41.000Z","volume":500,"label":" ","price":2.06},{"type":"B","date":"2018-05-02T07:57:07.000Z","volume":1500,"label":" ","price":2.06},{"type":"B","date":"2018-05-02T07:57:33.000Z","volume":2000,"label":" ","price":2.06},{"type":"A","date":"2018-05-02T07:57:36.000Z","volume":1000,"label":" ","price":2.07},{"type":"B","date":"2018-05-02T07:57:58.000Z","volume":2000,"label":" ","price":2.06},{"type":"B","date":"2018-05-02T07:58:00.000Z","volume":20500,"label":" ","price":2.06},{"type":"B","date":"2018-05-02T07:58:00.000Z","volume":3500,"label":"Y","price":2.06},{"type":"B","date":"2018-05-02T07:58:00.000Z","volume":8500,"label":" ","price":2.06},{"type":"B","date":"2018-05-02T07:58:24.000Z","volume":3000,"label":" ","price":2.04},{"type":"U","date":"2018-05-02T07:58:25.000Z","volume":10500,"label":"Y","price":2.05},{"type":"A","date":"2018-05-02T07:58:33.000Z","volume":1500,"label":" ","price":2.07},{"type":"B","date":"2018-05-02T07:58:53.000Z","volume":3000,"label":" ","price":2.06},{"type":"A","date":"2018-05-02T07:59:00.000Z","volume":2500,"label":" ","price":2.07},{"type":"A","date":"2018-05-02T07:59:02.000Z","volume":500,"label":" ","price":2.07},{"type":"B","date":"2018-05-02T07:59:02.000Z","volume":500,"label":" ","price":2.06},{"type":"B","date":"2018-05-02T07:59:02.000Z","volume":11000,"label":" ","price":2.06},{"type":"B","date":"2018-05-02T07:59:02.000Z","volume":2500,"label":" ","price":2.06},{"type":"B","date":"2018-05-02T07:59:02.000Z","volume":9500,"label":"Y","price":2.06},{"type":"A","date":"2018-05-02T07:59:10.000Z","volume":122000,"label":" ","price":2.07},{"type":"B","date":"2018-05-02T07:59:11.000Z","volume":3000,"label":" ","price":2.06},{"type":"B","date":"2018-05-02T07:59:15.000Z","volume":2500,"label":"Y","price":2.06},{"type":"B","date":"2018-05-02T07:59:15.000Z","volume":4500,"label":" ","price":2.06},{"type":"A","date":"2018-05-02T07:59:18.000Z","volume":2000,"label":" ","price":2.07},{"type":"B","date":"2018-05-02T07:59:21.000Z","volume":500,"label":"Y","price":2.06},{"type":"B","date":"2018-05-02T07:59:21.000Z","volume":4500,"label":" ","price":2.06},{"type":"B","date":"2018-05-02T07:59:26.000Z","volume":3000,"label":" ","price":2.06},{"type":"B","date":"2018-05-02T07:59:29.000Z","volume":500,"label":" ","price":2.06},{"type":"A","date":"2018-05-02T07:59:34.000Z","volume":500,"label":" ","price":2.07},{"type":"B","date":"2018-05-02T07:59:41.000Z","volume":27500,"label":" ","price":2.06},{"type":"B","date":"2018-05-02T07:59:41.000Z","volume":47000,"label":" ","price":2.06},{"type":"B","date":"2018-05-02T07:59:44.000Z","volume":4000,"label":" ","price":2.04},{"type":"B","date":"2018-05-02T07:59:50.000Z","volume":5500,"label":" ","price":2.04},{"type":"B","date":"2018-05-02T07:59:51.000Z","volume":20000,"label":" ","price":2.04},{"type":"B","date":"2018-05-02T07:59:52.000Z","volume":2000,"label":" ","price":2.04},{"type":"A","date":"2018-05-02T07:59:55.000Z","volume":500,"label":" ","price":2.07},{"type":"B","date":"2018-05-02T07:59:55.000Z","volume":2000,"label":" ","price":2.04},{"type":"B","date":"2018-05-02T07:59:57.000Z","volume":9500,"label":" ","price":2.04},{"type":"U","date":"2018-05-02T08:09:02.000Z","volume":98000,"label":"U","price":2.05}]