[{"type":"U","date":"2018-03-22T01:20:00.000Z","volume":163700,"label":"U","price":3.01},{"type":"A","date":"2018-03-22T01:30:02.000Z","volume":38000,"label":" ","price":3.01},{"type":"B","date":"2018-03-22T01:30:03.000Z","volume":1000,"label":" ","price":3},{"type":"B","date":"2018-03-22T01:30:03.000Z","volume":3000,"label":" ","price":2.99},{"type":"A","date":"2018-03-22T01:30:03.000Z","volume":1900,"label":" ","price":3.01},{"type":"A","date":"2018-03-22T01:30:03.000Z","volume":1500,"label":" ","price":3.01},{"type":"B","date":"2018-03-22T01:30:04.000Z","volume":100,"label":" ","price":3},{"type":"A","date":"2018-03-22T01:30:06.000Z","volume":10000,"label":" ","price":3.01},{"type":"A","date":"2018-03-22T01:30:06.000Z","volume":6700,"label":" ","price":3.01},{"type":"B","date":"2018-03-22T01:30:06.000Z","volume":2800,"label":" ","price":3},{"type":"B","date":"2018-03-22T01:30:08.000Z","volume":1500,"label":" ","price":2.99},{"type":"A","date":"2018-03-22T01:30:10.000Z","volume":3700,"label":" ","price":3},{"type":"A","date":"2018-03-22T01:30:11.000Z","volume":4300,"label":"Y","price":3},{"type":"A","date":"2018-03-22T01:30:11.000Z","volume":5700,"label":" ","price":3},{"type":"A","date":"2018-03-22T01:30:11.000Z","volume":4400,"label":" ","price":3},{"type":"A","date":"2018-03-22T01:30:15.000Z","volume":200,"label":" ","price":3},{"type":"A","date":"2018-03-22T01:30:16.000Z","volume":7700,"label":" ","price":3},{"type":"A","date":"2018-03-22T01:30:16.000Z","volume":52300,"label":" ","price":3.01},{"type":"A","date":"2018-03-22T01:30:16.000Z","volume":4000,"label":" ","price":3.01},{"type":"B","date":"2018-03-22T01:30:16.000Z","volume":2600,"label":" ","price":3.01},{"type":"B","date":"2018-03-22T01:30:17.000Z","volume":1400,"label":" ","price":3.01},{"type":"B","date":"2018-03-22T01:30:17.000Z","volume":300,"label":" ","price":3.01},{"type":"B","date":"2018-03-22T01:30:17.000Z","volume":3300,"label":" ","price":3.01},{"type":"A","date":"2018-03-22T01:30:17.000Z","volume":2500,"label":" ","price":3.02},{"type":"B","date":"2018-03-22T01:30:17.000Z","volume":1500,"label":" ","price":3.01},{"type":"A","date":"2018-03-22T01:30:17.000Z","volume":18000,"label":" ","price":3.02},{"type":"B","date":"2018-03-22T01:30:17.000Z","volume":700,"label":" ","price":3.01},{"type":"B","date":"2018-03-22T01:30:18.000Z","volume":5500,"label":" ","price":3.01},{"type":"B","date":"2018-03-22T01:30:19.000Z","volume":16300,"label":" ","price":3.01},{"type":"B","date":"2018-03-22T01:30:19.000Z","volume":4900,"label":" ","price":3.01},{"type":"B","date":"2018-03-22T01:30:19.000Z","volume":2000,"label":" ","price":2.99},{"type":"A","date":"2018-03-22T01:30:21.000Z","volume":50000,"label":" ","price":3.02},{"type":"B","date":"2018-03-22T01:30:21.000Z","volume":5400,"label":" ","price":3},{"type":"B","date":"2018-03-22T01:30:21.000Z","volume":6500,"label":" ","price":3},{"type":"B","date":"2018-03-22T01:30:21.000Z","volume":1000,"label":" ","price":3},{"type":"A","date":"2018-03-22T01:30:26.000Z","volume":10000,"label":" ","price":3.01},{"type":"A","date":"2018-03-22T01:30:26.000Z","volume":7000,"label":" ","price":3.01},{"type":"A","date":"2018-03-22T01:30:26.000Z","volume":6700,"label":" ","price":3.02},{"type":"U","date":"2018-03-22T01:30:27.000Z","volume":13100,"label":"X","price":3.005},{"type":"A","date":"2018-03-22T01:30:35.000Z","volume":4200,"label":" ","price":3.02},{"type":"A","date":"2018-03-22T01:30:37.000Z","volume":20000,"label":" ","price":3.02},{"type":"A","date":"2018-03-22T01:30:37.000Z","volume":1100,"label":" ","price":3.02},{"type":"A","date":"2018-03-22T01:30:38.000Z","volume":6300,"label":" ","price":3.02},{"type":"U","date":"2018-03-22T01:31:14.000Z","volume":5000,"label":" ","price":3.02},{"type":"U","date":"2018-03-22T01:31:18.000Z","volume":400,"label":" ","price":3.02},{"type":"U","date":"2018-03-22T01:31:19.000Z","volume":1300,"label":" ","price":3.02},{"type":"U","date":"2018-03-22T01:31:45.000Z","volume":200,"label":" ","price":3.02},{"type":"A","date":"2018-03-22T01:31:57.000Z","volume":1500,"label":"Y","price":3.02},{"type":"A","date":"2018-03-22T01:31:57.000Z","volume":3400,"label":" ","price":3.02},{"type":"U","date":"2018-03-22T01:32:18.000Z","volume":24,"label":"D","price":2.97},{"type":"A","date":"2018-03-22T01:33:00.000Z","volume":20000,"label":" ","price":3.02},{"type":"A","date":"2018-03-22T01:33:00.000Z","volume":1000,"label":" ","price":3.02},{"type":"U","date":"2018-03-22T01:34:40.000Z","volume":300,"label":" ","price":3.02},{"type":"B","date":"2018-03-22T01:35:32.000Z","volume":100,"label":" ","price":3.01},{"type":"A","date":"2018-03-22T01:35:46.000Z","volume":100,"label":" ","price":3.02},{"type":"B","date":"2018-03-22T01:35:57.000Z","volume":52000,"label":" ","price":3.01},{"type":"A","date":"2018-03-22T01:35:57.000Z","volume":11700,"label":" ","price":3.02},{"type":"B","date":"2018-03-22T01:36:17.000Z","volume":5600,"label":" ","price":3.01},{"type":"A","date":"2018-03-22T01:36:19.000Z","volume":20000,"label":" ","price":3.02},{"type":"A","date":"2018-03-22T01:36:31.000Z","volume":6200,"label":" ","price":3.02},{"type":"A","date":"2018-03-22T01:37:01.000Z","volume":4000,"label":" ","price":3.02},{"type":"B","date":"2018-03-22T01:39:46.000Z","volume":2500,"label":"Y","price":3.01},{"type":"B","date":"2018-03-22T01:39:46.000Z","volume":8300,"label":" ","price":3.01},{"type":"B","date":"2018-03-22T01:39:46.000Z","volume":66700,"label":" ","price":3.01},{"type":"B","date":"2018-03-22T01:39:46.000Z","volume":1700,"label":" ","price":3.01},{"type":"A","date":"2018-03-22T01:39:47.000Z","volume":18800,"label":" ","price":3.01},{"type":"U","date":"2018-03-22T01:39:48.000Z","volume":13000,"label":"X","price":3.005},{"type":"B","date":"2018-03-22T01:39:52.000Z","volume":12000,"label":" ","price":3},{"type":"A","date":"2018-03-22T01:40:42.000Z","volume":80000,"label":" ","price":3.01},{"type":"A","date":"2018-03-22T01:40:42.000Z","volume":3000,"label":" ","price":3.01},{"type":"U","date":"2018-03-22T01:40:46.000Z","volume":13000,"label":"X","price":3.005},{"type":"A","date":"2018-03-22T01:40:50.000Z","volume":20000,"label":" ","price":3.01},{"type":"A","date":"2018-03-22T01:41:37.000Z","volume":10000,"label":" ","price":3.01},{"type":"A","date":"2018-03-22T01:41:37.000Z","volume":2500,"label":" ","price":3.01},{"type":"A","date":"2018-03-22T01:43:36.000Z","volume":10000,"label":" ","price":3.01},{"type":"A","date":"2018-03-22T01:43:36.000Z","volume":1100,"label":" ","price":3.01},{"type":"A","date":"2018-03-22T01:46:16.000Z","volume":20000,"label":" ","price":3.01},{"type":"A","date":"2018-03-22T01:46:24.000Z","volume":5000,"label":" ","price":3.01},{"type":"U","date":"2018-03-22T01:47:28.000Z","volume":400,"label":"X","price":3.01},{"type":"B","date":"2018-03-22T01:48:24.000Z","volume":2000,"label":" ","price":3},{"type":"B","date":"2018-03-22T01:51:25.000Z","volume":4300,"label":" ","price":3},{"type":"B","date":"2018-03-22T01:51:25.000Z","volume":42100,"label":" ","price":3},{"type":"B","date":"2018-03-22T01:51:25.000Z","volume":43400,"label":" ","price":3},{"type":"A","date":"2018-03-22T01:51:25.000Z","volume":12200,"label":" ","price":3.01},{"type":"A","date":"2018-03-22T01:51:29.000Z","volume":10400,"label":" ","price":3},{"type":"U","date":"2018-03-22T01:51:30.000Z","volume":13600,"label":"X","price":3},{"type":"U","date":"2018-03-22T01:51:30.000Z","volume":13100,"label":"X","price":3},{"type":"U","date":"2018-03-22T01:51:30.000Z","volume":15400,"label":"X","price":3},{"type":"A","date":"2018-03-22T01:51:55.000Z","volume":5000,"label":" ","price":3},{"type":"A","date":"2018-03-22T01:51:55.000Z","volume":1200,"label":" ","price":3},{"type":"A","date":"2018-03-22T01:52:03.000Z","volume":200,"label":" ","price":3},{"type":"A","date":"2018-03-22T01:52:03.000Z","volume":100,"label":" ","price":3},{"type":"U","date":"2018-03-22T01:52:31.000Z","volume":100,"label":"X","price":3},{"type":"B","date":"2018-03-22T01:52:36.000Z","volume":700,"label":" ","price":2.99},{"type":"A","date":"2018-03-22T01:52:36.000Z","volume":100,"label":" ","price":3},{"type":"A","date":"2018-03-22T01:53:15.000Z","volume":100,"label":" ","price":3},{"type":"A","date":"2018-03-22T01:53:15.000Z","volume":100,"label":" ","price":3},{"type":"U","date":"2018-03-22T01:54:30.000Z","volume":68,"label":"D","price":2.95},{"type":"B","date":"2018-03-22T01:56:00.000Z","volume":500,"label":" ","price":2.99},{"type":"A","date":"2018-03-22T01:56:00.000Z","volume":100,"label":" ","price":3},{"type":"B","date":"2018-03-22T01:58:47.000Z","volume":3900,"label":" ","price":2.99},{"type":"A","date":"2018-03-22T01:58:47.000Z","volume":1000,"label":" ","price":3},{"type":"B","date":"2018-03-22T01:59:09.000Z","volume":5000,"label":" ","price":2.99},{"type":"B","date":"2018-03-22T01:59:09.000Z","volume":23400,"label":" ","price":2.99},{"type":"B","date":"2018-03-22T01:59:09.000Z","volume":28800,"label":" ","price":2.99},{"type":"B","date":"2018-03-22T01:59:09.000Z","volume":400,"label":" ","price":2.99},{"type":"B","date":"2018-03-22T01:59:09.000Z","volume":32100,"label":" ","price":2.99},{"type":"A","date":"2018-03-22T01:59:09.000Z","volume":100,"label":" ","price":3},{"type":"B","date":"2018-03-22T01:59:09.000Z","volume":38900,"label":" ","price":2.99},{"type":"A","date":"2018-03-22T01:59:10.000Z","volume":22300,"label":" ","price":3},{"type":"A","date":"2018-03-22T01:59:20.000Z","volume":9700,"label":" ","price":3},{"type":"B","date":"2018-03-22T02:01:05.000Z","volume":23000,"label":" ","price":2.99},{"type":"A","date":"2018-03-22T02:01:05.000Z","volume":1700,"label":" ","price":3},{"type":"A","date":"2018-03-22T02:01:12.000Z","volume":4100,"label":" ","price":3},{"type":"B","date":"2018-03-22T02:02:47.000Z","volume":3900,"label":" ","price":2.99},{"type":"A","date":"2018-03-22T02:02:47.000Z","volume":900,"label":" ","price":3},{"type":"B","date":"2018-03-22T02:05:47.000Z","volume":3900,"label":" ","price":2.99},{"type":"A","date":"2018-03-22T02:05:47.000Z","volume":300,"label":" ","price":3},{"type":"B","date":"2018-03-22T02:06:02.000Z","volume":400,"label":" ","price":2.99},{"type":"U","date":"2018-03-22T02:06:12.000Z","volume":100,"label":"X","price":2.991},{"type":"B","date":"2018-03-22T02:07:19.000Z","volume":16800,"label":" ","price":2.99},{"type":"A","date":"2018-03-22T02:07:44.000Z","volume":200,"label":" ","price":3},{"type":"B","date":"2018-03-22T02:08:30.000Z","volume":500,"label":" ","price":2.99},{"type":"A","date":"2018-03-22T02:09:06.000Z","volume":600,"label":" ","price":3},{"type":"U","date":"2018-03-22T02:09:42.000Z","volume":100,"label":"X","price":3},{"type":"B","date":"2018-03-22T02:10:17.000Z","volume":3900,"label":" ","price":2.99},{"type":"B","date":"2018-03-22T02:10:17.000Z","volume":4200,"label":" ","price":2.99},{"type":"A","date":"2018-03-22T02:11:15.000Z","volume":300,"label":" ","price":3},{"type":"A","date":"2018-03-22T02:11:15.000Z","volume":6700,"label":" ","price":3},{"type":"B","date":"2018-03-22T02:12:00.000Z","volume":500,"label":" ","price":2.99},{"type":"A","date":"2018-03-22T02:12:11.000Z","volume":600,"label":" ","price":3},{"type":"A","date":"2018-03-22T02:13:14.000Z","volume":100,"label":" ","price":3},{"type":"A","date":"2018-03-22T02:13:33.000Z","volume":100,"label":" ","price":3},{"type":"U","date":"2018-03-22T02:14:26.000Z","volume":100,"label":"X","price":3},{"type":"B","date":"2018-03-22T02:16:41.000Z","volume":400,"label":" ","price":2.99},{"type":"A","date":"2018-03-22T02:16:41.000Z","volume":500,"label":" ","price":3},{"type":"B","date":"2018-03-22T02:19:00.000Z","volume":400,"label":" ","price":2.99},{"type":"B","date":"2018-03-22T02:19:32.000Z","volume":3500,"label":" ","price":2.99},{"type":"U","date":"2018-03-22T02:20:51.000Z","volume":100,"label":"X","price":2.99},{"type":"B","date":"2018-03-22T02:20:59.000Z","volume":20000,"label":" ","price":2.99},{"type":"B","date":"2018-03-22T02:21:04.000Z","volume":2000,"label":" ","price":2.99},{"type":"A","date":"2018-03-22T02:21:09.000Z","volume":7100,"label":" ","price":3},{"type":"B","date":"2018-03-22T02:21:47.000Z","volume":3400,"label":" ","price":2.99},{"type":"B","date":"2018-03-22T02:22:00.000Z","volume":300,"label":" ","price":2.99},{"type":"B","date":"2018-03-22T02:24:17.000Z","volume":2900,"label":" ","price":2.99},{"type":"B","date":"2018-03-22T02:24:24.000Z","volume":3500,"label":"Y","price":2.99},{"type":"B","date":"2018-03-22T02:24:24.000Z","volume":89000,"label":" ","price":2.99},{"type":"A","date":"2018-03-22T02:24:24.000Z","volume":2300,"label":" ","price":2.99},{"type":"A","date":"2018-03-22T02:24:26.000Z","volume":22300,"label":" ","price":2.99},{"type":"B","date":"2018-03-22T02:25:16.000Z","volume":900,"label":"Y","price":2.98},{"type":"B","date":"2018-03-22T02:25:16.000Z","volume":172900,"label":" ","price":2.98},{"type":"A","date":"2018-03-22T02:25:16.000Z","volume":2900,"label":" ","price":2.98},{"type":"A","date":"2018-03-22T02:25:16.000Z","volume":5600,"label":" ","price":2.98},{"type":"A","date":"2018-03-22T02:25:19.000Z","volume":1800,"label":" ","price":2.98},{"type":"A","date":"2018-03-22T02:25:19.000Z","volume":35400,"label":" ","price":2.98},{"type":"B","date":"2018-03-22T02:25:31.000Z","volume":6000,"label":" ","price":2.97},{"type":"B","date":"2018-03-22T02:25:31.000Z","volume":300,"label":" ","price":2.97},{"type":"B","date":"2018-03-22T02:25:31.000Z","volume":2000,"label":" ","price":2.97},{"type":"B","date":"2018-03-22T02:25:32.000Z","volume":500,"label":"Y","price":2.97},{"type":"B","date":"2018-03-22T02:25:32.000Z","volume":2400,"label":" ","price":2.97},{"type":"B","date":"2018-03-22T02:25:32.000Z","volume":4000,"label":" ","price":2.97},{"type":"B","date":"2018-03-22T02:25:32.000Z","volume":3900,"label":" ","price":2.97},{"type":"B","date":"2018-03-22T02:25:36.000Z","volume":2900,"label":" ","price":2.97},{"type":"B","date":"2018-03-22T02:26:59.000Z","volume":500,"label":" ","price":2.97},{"type":"U","date":"2018-03-22T02:27:00.000Z","volume":12,"label":"D","price":2.93},{"type":"B","date":"2018-03-22T02:27:18.000Z","volume":20000,"label":" ","price":2.97},{"type":"B","date":"2018-03-22T02:28:04.000Z","volume":8000,"label":" ","price":2.97},{"type":"A","date":"2018-03-22T02:28:07.000Z","volume":1000,"label":" ","price":2.97},{"type":"A","date":"2018-03-22T02:28:13.000Z","volume":50000,"label":" ","price":2.97},{"type":"A","date":"2018-03-22T02:28:15.000Z","volume":13800,"label":" ","price":2.97},{"type":"A","date":"2018-03-22T02:28:20.000Z","volume":2000,"label":" ","price":2.97},{"type":"A","date":"2018-03-22T02:29:08.000Z","volume":10000,"label":" ","price":2.97},{"type":"B","date":"2018-03-22T02:29:48.000Z","volume":2700,"label":"Y","price":2.96},{"type":"B","date":"2018-03-22T02:29:48.000Z","volume":87100,"label":" ","price":2.96},{"type":"A","date":"2018-03-22T02:29:48.000Z","volume":7000,"label":" ","price":2.96},{"type":"B","date":"2018-03-22T02:29:48.000Z","volume":26000,"label":" ","price":2.95},{"type":"B","date":"2018-03-22T02:29:48.000Z","volume":6800,"label":" ","price":2.95},{"type":"A","date":"2018-03-22T02:30:14.000Z","volume":1000,"label":" ","price":2.96},{"type":"A","date":"2018-03-22T02:31:38.000Z","volume":1000,"label":" ","price":2.96},{"type":"B","date":"2018-03-22T02:31:51.000Z","volume":10000,"label":" ","price":2.95},{"type":"B","date":"2018-03-22T02:31:52.000Z","volume":76700,"label":"Y","price":2.95},{"type":"B","date":"2018-03-22T02:31:52.000Z","volume":6200,"label":" ","price":2.95},{"type":"A","date":"2018-03-22T02:31:55.000Z","volume":17200,"label":" ","price":2.96},{"type":"A","date":"2018-03-22T02:33:07.000Z","volume":3300,"label":" ","price":2.96},{"type":"A","date":"2018-03-22T02:34:15.000Z","volume":1000,"label":" ","price":2.96},{"type":"A","date":"2018-03-22T02:34:35.000Z","volume":1200,"label":" ","price":2.96},{"type":"B","date":"2018-03-22T02:34:41.000Z","volume":6000,"label":" ","price":2.95},{"type":"A","date":"2018-03-22T02:35:05.000Z","volume":1000,"label":" ","price":2.96},{"type":"B","date":"2018-03-22T02:35:54.000Z","volume":20000,"label":" ","price":2.95},{"type":"A","date":"2018-03-22T02:36:31.000Z","volume":1600,"label":" ","price":2.96},{"type":"B","date":"2018-03-22T02:36:38.000Z","volume":4500,"label":" ","price":2.95},{"type":"U","date":"2018-03-22T02:36:40.000Z","volume":100,"label":"X","price":2.951},{"type":"B","date":"2018-03-22T02:37:02.000Z","volume":900,"label":"Y","price":2.95},{"type":"B","date":"2018-03-22T02:37:02.000Z","volume":4100,"label":" ","price":2.95},{"type":"A","date":"2018-03-22T02:37:15.000Z","volume":30000,"label":" ","price":2.96},{"type":"A","date":"2018-03-22T02:37:28.000Z","volume":400,"label":" ","price":2.96},{"type":"U","date":"2018-03-22T02:38:13.000Z","volume":100,"label":"X","price":2.959},{"type":"B","date":"2018-03-22T02:38:29.000Z","volume":8000,"label":" ","price":2.95},{"type":"B","date":"2018-03-22T02:38:29.000Z","volume":2000,"label":" ","price":2.95},{"type":"B","date":"2018-03-22T02:40:51.000Z","volume":2800,"label":" ","price":2.95},{"type":"B","date":"2018-03-22T02:40:51.000Z","volume":700,"label":" ","price":2.95},{"type":"A","date":"2018-03-22T02:41:35.000Z","volume":3000,"label":" ","price":2.96},{"type":"B","date":"2018-03-22T02:41:36.000Z","volume":4500,"label":" ","price":2.95},{"type":"A","date":"2018-03-22T02:42:15.000Z","volume":100,"label":" ","price":2.96},{"type":"A","date":"2018-03-22T02:43:51.000Z","volume":300,"label":" ","price":2.96},{"type":"B","date":"2018-03-22T02:44:18.000Z","volume":400,"label":" ","price":2.95},{"type":"B","date":"2018-03-22T02:45:17.000Z","volume":1300,"label":" ","price":2.95},{"type":"B","date":"2018-03-22T02:45:17.000Z","volume":4100,"label":" ","price":2.95},{"type":"B","date":"2018-03-22T02:45:17.000Z","volume":2000,"label":" ","price":2.95},{"type":"B","date":"2018-03-22T02:45:25.000Z","volume":4500,"label":" ","price":2.95},{"type":"B","date":"2018-03-22T02:45:31.000Z","volume":10000,"label":" ","price":2.95},{"type":"A","date":"2018-03-22T02:46:09.000Z","volume":5000,"label":" ","price":2.96},{"type":"A","date":"2018-03-22T02:47:12.000Z","volume":500,"label":" ","price":2.96},{"type":"B","date":"2018-03-22T02:48:23.000Z","volume":3000,"label":" ","price":2.95},{"type":"B","date":"2018-03-22T02:49:30.000Z","volume":400,"label":" ","price":2.95},{"type":"B","date":"2018-03-22T02:49:30.000Z","volume":3700,"label":" ","price":2.95},{"type":"A","date":"2018-03-22T02:49:42.000Z","volume":500,"label":" ","price":2.96},{"type":"B","date":"2018-03-22T02:50:23.000Z","volume":3700,"label":" ","price":2.95},{"type":"U","date":"2018-03-22T02:50:48.000Z","volume":76,"label":"D","price":2.96},{"type":"B","date":"2018-03-22T02:51:40.000Z","volume":4400,"label":" ","price":2.95},{"type":"A","date":"2018-03-22T02:51:41.000Z","volume":500,"label":" ","price":2.96},{"type":"B","date":"2018-03-22T02:52:02.000Z","volume":1900,"label":" ","price":2.95},{"type":"B","date":"2018-03-22T02:53:13.000Z","volume":1700,"label":" ","price":2.95},{"type":"A","date":"2018-03-22T02:53:13.000Z","volume":500,"label":" ","price":2.96},{"type":"B","date":"2018-03-22T02:55:02.000Z","volume":1900,"label":" ","price":2.95},{"type":"B","date":"2018-03-22T02:55:06.000Z","volume":600,"label":" ","price":2.95},{"type":"U","date":"2018-03-22T02:55:20.000Z","volume":100,"label":"X","price":2.95},{"type":"B","date":"2018-03-22T02:55:27.000Z","volume":4500,"label":" ","price":2.95},{"type":"B","date":"2018-03-22T02:55:27.000Z","volume":400,"label":" ","price":2.95},{"type":"A","date":"2018-03-22T02:55:30.000Z","volume":20000,"label":" ","price":2.96},{"type":"A","date":"2018-03-22T02:55:56.000Z","volume":15200,"label":" ","price":2.96},{"type":"B","date":"2018-03-22T02:58:47.000Z","volume":3400,"label":" ","price":2.95},{"type":"B","date":"2018-03-22T02:58:53.000Z","volume":10000,"label":" ","price":2.95},{"type":"B","date":"2018-03-22T02:58:53.000Z","volume":3800,"label":" ","price":2.95},{"type":"A","date":"2018-03-22T02:59:21.000Z","volume":20200,"label":" ","price":2.96},{"type":"B","date":"2018-03-22T02:59:53.000Z","volume":300,"label":" ","price":2.95},{"type":"B","date":"2018-03-22T03:00:19.000Z","volume":3400,"label":" ","price":2.95},{"type":"B","date":"2018-03-22T03:00:20.000Z","volume":4500,"label":" ","price":2.95},{"type":"A","date":"2018-03-22T03:00:41.000Z","volume":400,"label":" ","price":2.96},{"type":"A","date":"2018-03-22T03:01:07.000Z","volume":200,"label":" ","price":2.96},{"type":"A","date":"2018-03-22T03:01:53.000Z","volume":2600,"label":" ","price":2.96},{"type":"A","date":"2018-03-22T03:02:31.000Z","volume":3000,"label":" ","price":2.96},{"type":"B","date":"2018-03-22T03:05:17.000Z","volume":2200,"label":" ","price":2.95},{"type":"B","date":"2018-03-22T03:05:17.000Z","volume":3200,"label":" ","price":2.95},{"type":"B","date":"2018-03-22T03:05:17.000Z","volume":3100,"label":" ","price":2.95},{"type":"A","date":"2018-03-22T03:05:55.000Z","volume":12300,"label":" ","price":2.96},{"type":"A","date":"2018-03-22T03:05:55.000Z","volume":139000,"label":" ","price":2.96},{"type":"U","date":"2018-03-22T03:05:55.000Z","volume":400,"label":"X","price":2.955},{"type":"B","date":"2018-03-22T03:05:55.000Z","volume":2300,"label":" ","price":2.95},{"type":"U","date":"2018-03-22T03:05:55.000Z","volume":400,"label":"X","price":2.955},{"type":"A","date":"2018-03-22T03:05:59.000Z","volume":300,"label":" ","price":2.96},{"type":"A","date":"2018-03-22T03:05:59.000Z","volume":117800,"label":" ","price":2.96},{"type":"A","date":"2018-03-22T03:05:59.000Z","volume":245000,"label":" ","price":2.96},{"type":"A","date":"2018-03-22T03:05:59.000Z","volume":51600,"label":" ","price":2.96},{"type":"A","date":"2018-03-22T03:05:59.000Z","volume":900,"label":" ","price":2.97},{"type":"A","date":"2018-03-22T03:06:02.000Z","volume":2100,"label":" ","price":2.97},{"type":"A","date":"2018-03-22T03:06:21.000Z","volume":300,"label":" ","price":2.97},{"type":"A","date":"2018-03-22T03:06:53.000Z","volume":2100,"label":" ","price":2.97},{"type":"A","date":"2018-03-22T03:11:11.000Z","volume":10000,"label":" ","price":2.97},{"type":"U","date":"2018-03-22T03:11:13.000Z","volume":100,"label":"X","price":2.97},{"type":"A","date":"2018-03-22T03:11:24.000Z","volume":2200,"label":" ","price":2.97},{"type":"U","date":"2018-03-22T03:12:14.000Z","volume":100,"label":"X","price":2.97},{"type":"A","date":"2018-03-22T03:12:33.000Z","volume":100,"label":" ","price":2.97},{"type":"A","date":"2018-03-22T03:12:43.000Z","volume":800,"label":" ","price":2.97},{"type":"U","date":"2018-03-22T03:13:16.000Z","volume":100,"label":"X","price":2.97},{"type":"B","date":"2018-03-22T03:15:45.000Z","volume":4700,"label":" ","price":2.96},{"type":"U","date":"2018-03-22T03:15:48.000Z","volume":100,"label":"X","price":2.96},{"type":"B","date":"2018-03-22T03:15:53.000Z","volume":4500,"label":" ","price":2.96},{"type":"B","date":"2018-03-22T03:15:53.000Z","volume":3000,"label":" ","price":2.96},{"type":"B","date":"2018-03-22T03:16:07.000Z","volume":2400,"label":" ","price":2.96},{"type":"B","date":"2018-03-22T03:16:18.000Z","volume":10000,"label":" ","price":2.96},{"type":"U","date":"2018-03-22T03:17:10.000Z","volume":100,"label":"X","price":2.96},{"type":"A","date":"2018-03-22T03:17:21.000Z","volume":6000,"label":" ","price":2.97},{"type":"U","date":"2018-03-22T03:18:32.000Z","volume":100,"label":"X","price":2.97},{"type":"A","date":"2018-03-22T03:20:11.000Z","volume":30000,"label":" ","price":2.97},{"type":"A","date":"2018-03-22T03:20:36.000Z","volume":10000,"label":" ","price":2.97},{"type":"A","date":"2018-03-22T03:20:38.000Z","volume":10900,"label":"Y","price":2.97},{"type":"A","date":"2018-03-22T03:20:38.000Z","volume":62500,"label":" ","price":2.97},{"type":"B","date":"2018-03-22T03:21:11.000Z","volume":3700,"label":" ","price":2.96},{"type":"B","date":"2018-03-22T03:21:13.000Z","volume":700,"label":" ","price":2.96},{"type":"B","date":"2018-03-22T03:21:13.000Z","volume":2900,"label":" ","price":2.96},{"type":"A","date":"2018-03-22T03:21:41.000Z","volume":300,"label":" ","price":2.97},{"type":"U","date":"2018-03-22T03:21:57.000Z","volume":100,"label":"X","price":2.96},{"type":"B","date":"2018-03-22T03:22:21.000Z","volume":2900,"label":" ","price":2.96},{"type":"U","date":"2018-03-22T03:23:25.000Z","volume":100,"label":"X","price":2.96},{"type":"B","date":"2018-03-22T03:24:27.000Z","volume":3800,"label":" ","price":2.96},{"type":"A","date":"2018-03-22T03:24:44.000Z","volume":500,"label":" ","price":2.97},{"type":"U","date":"2018-03-22T03:24:55.000Z","volume":100,"label":"X","price":2.961},{"type":"B","date":"2018-03-22T03:25:17.000Z","volume":2600,"label":" ","price":2.96},{"type":"B","date":"2018-03-22T03:25:30.000Z","volume":400,"label":" ","price":2.96},{"type":"B","date":"2018-03-22T03:25:41.000Z","volume":4500,"label":" ","price":2.96},{"type":"U","date":"2018-03-22T03:25:56.000Z","volume":100,"label":"X","price":2.96},{"type":"A","date":"2018-03-22T03:26:42.000Z","volume":400,"label":" ","price":2.97},{"type":"A","date":"2018-03-22T03:26:44.000Z","volume":500,"label":" ","price":2.97},{"type":"U","date":"2018-03-22T03:26:57.000Z","volume":100,"label":"X","price":2.97},{"type":"B","date":"2018-03-22T03:27:14.000Z","volume":3000,"label":" ","price":2.96},{"type":"B","date":"2018-03-22T03:28:02.000Z","volume":1800,"label":" ","price":2.96},{"type":"B","date":"2018-03-22T03:28:02.000Z","volume":3400,"label":" ","price":2.96},{"type":"U","date":"2018-03-22T03:28:19.000Z","volume":100,"label":"X","price":2.96},{"type":"B","date":"2018-03-22T03:28:45.000Z","volume":2000,"label":" ","price":2.96},{"type":"B","date":"2018-03-22T03:29:17.000Z","volume":3200,"label":" ","price":2.96},{"type":"U","date":"2018-03-22T03:29:39.000Z","volume":100,"label":"X","price":2.96},{"type":"A","date":"2018-03-22T03:29:55.000Z","volume":2300,"label":" ","price":2.97},{"type":"B","date":"2018-03-22T03:30:02.000Z","volume":1400,"label":" ","price":2.96},{"type":"A","date":"2018-03-22T03:30:14.000Z","volume":600,"label":" ","price":2.97},{"type":"B","date":"2018-03-22T03:30:21.000Z","volume":2900,"label":" ","price":2.96},{"type":"B","date":"2018-03-22T03:31:04.000Z","volume":4500,"label":" ","price":2.96},{"type":"B","date":"2018-03-22T03:31:05.000Z","volume":20000,"label":" ","price":2.96},{"type":"B","date":"2018-03-22T03:31:52.000Z","volume":4600,"label":" ","price":2.96},{"type":"B","date":"2018-03-22T03:31:52.000Z","volume":300,"label":" ","price":2.96},{"type":"B","date":"2018-03-22T03:32:02.000Z","volume":2200,"label":" ","price":2.96},{"type":"B","date":"2018-03-22T03:32:33.000Z","volume":4200,"label":" ","price":2.96},{"type":"A","date":"2018-03-22T03:32:44.000Z","volume":600,"label":" ","price":2.97},{"type":"B","date":"2018-03-22T03:33:16.000Z","volume":4300,"label":" ","price":2.96},{"type":"B","date":"2018-03-22T03:34:39.000Z","volume":4700,"label":" ","price":2.96},{"type":"A","date":"2018-03-22T03:34:42.000Z","volume":300,"label":" ","price":2.97},{"type":"B","date":"2018-03-22T03:34:47.000Z","volume":3900,"label":" ","price":2.96},{"type":"A","date":"2018-03-22T03:34:55.000Z","volume":2500,"label":" ","price":2.97},{"type":"B","date":"2018-03-22T03:35:22.000Z","volume":4500,"label":" ","price":2.96},{"type":"B","date":"2018-03-22T03:35:32.000Z","volume":5300,"label":" ","price":2.96},{"type":"B","date":"2018-03-22T03:36:30.000Z","volume":300,"label":" ","price":2.96},{"type":"B","date":"2018-03-22T03:36:30.000Z","volume":4400,"label":" ","price":2.96},{"type":"A","date":"2018-03-22T03:37:06.000Z","volume":3000,"label":" ","price":2.97},{"type":"A","date":"2018-03-22T03:38:35.000Z","volume":20000,"label":" ","price":2.97},{"type":"B","date":"2018-03-22T03:40:02.000Z","volume":1900,"label":" ","price":2.96},{"type":"B","date":"2018-03-22T03:40:44.000Z","volume":4500,"label":" ","price":2.96},{"type":"B","date":"2018-03-22T03:40:44.000Z","volume":4100,"label":" ","price":2.96},{"type":"A","date":"2018-03-22T03:40:51.000Z","volume":3000,"label":" ","price":2.97},{"type":"A","date":"2018-03-22T03:40:55.000Z","volume":2800,"label":" ","price":2.97},{"type":"A","date":"2018-03-22T03:41:12.000Z","volume":300,"label":" ","price":2.97},{"type":"A","date":"2018-03-22T03:41:15.000Z","volume":500,"label":" ","price":2.97},{"type":"B","date":"2018-03-22T03:42:30.000Z","volume":300,"label":" ","price":2.96},{"type":"B","date":"2018-03-22T03:43:02.000Z","volume":4200,"label":" ","price":2.96},{"type":"B","date":"2018-03-22T03:43:02.000Z","volume":3200,"label":" ","price":2.96},{"type":"B","date":"2018-03-22T03:44:52.000Z","volume":3600,"label":" ","price":2.96},{"type":"B","date":"2018-03-22T03:45:06.000Z","volume":4500,"label":" ","price":2.96},{"type":"B","date":"2018-03-22T03:46:22.000Z","volume":3100,"label":" ","price":2.96},{"type":"B","date":"2018-03-22T03:47:30.000Z","volume":300,"label":"Y","price":2.96},{"type":"A","date":"2018-03-22T03:47:48.000Z","volume":100000,"label":" ","price":2.97},{"type":"A","date":"2018-03-22T03:47:55.000Z","volume":2200,"label":" ","price":2.97},{"type":"A","date":"2018-03-22T03:48:33.000Z","volume":400,"label":" ","price":2.97},{"type":"A","date":"2018-03-22T03:49:10.000Z","volume":100000,"label":" ","price":2.97},{"type":"A","date":"2018-03-22T03:49:12.000Z","volume":300,"label":" ","price":2.97},{"type":"B","date":"2018-03-22T03:50:02.000Z","volume":700,"label":" ","price":2.96},{"type":"B","date":"2018-03-22T03:51:02.000Z","volume":1300,"label":" ","price":2.96},{"type":"A","date":"2018-03-22T03:51:15.000Z","volume":700,"label":" ","price":2.97},{"type":"A","date":"2018-03-22T03:51:56.000Z","volume":100,"label":" ","price":2.97},{"type":"A","date":"2018-03-22T03:52:38.000Z","volume":10000,"label":" ","price":2.97},{"type":"B","date":"2018-03-22T03:53:17.000Z","volume":2400,"label":" ","price":2.96},{"type":"B","date":"2018-03-22T03:53:17.000Z","volume":200,"label":"Y","price":2.96},{"type":"A","date":"2018-03-22T03:53:26.000Z","volume":2800,"label":" ","price":2.97},{"type":"A","date":"2018-03-22T03:53:45.000Z","volume":700,"label":" ","price":2.97},{"type":"A","date":"2018-03-22T03:54:13.000Z","volume":500,"label":" ","price":2.97},{"type":"A","date":"2018-03-22T03:54:55.000Z","volume":100,"label":" ","price":2.97},{"type":"A","date":"2018-03-22T03:55:15.000Z","volume":8000,"label":" ","price":2.97},{"type":"B","date":"2018-03-22T03:55:26.000Z","volume":100,"label":" ","price":2.96},{"type":"A","date":"2018-03-22T03:56:05.000Z","volume":300,"label":" ","price":2.97},{"type":"B","date":"2018-03-22T03:56:16.000Z","volume":4400,"label":" ","price":2.96},{"type":"B","date":"2018-03-22T03:57:30.000Z","volume":200,"label":"Y","price":2.96},{"type":"B","date":"2018-03-22T03:58:17.000Z","volume":100,"label":" ","price":2.96},{"type":"B","date":"2018-03-22T03:58:32.000Z","volume":200,"label":" ","price":2.96},{"type":"B","date":"2018-03-22T03:58:51.000Z","volume":100,"label":" ","price":2.96},{"type":"B","date":"2018-03-22T03:59:17.000Z","volume":300,"label":" ","price":2.96},{"type":"A","date":"2018-03-22T03:59:30.000Z","volume":200,"label":" ","price":2.97},{"type":"A","date":"2018-03-22T03:59:35.000Z","volume":400,"label":" ","price":2.97},{"type":"A","date":"2018-03-22T05:00:01.000Z","volume":20000,"label":"Y","price":2.97},{"type":"A","date":"2018-03-22T05:00:01.000Z","volume":182000,"label":" ","price":2.97},{"type":"A","date":"2018-03-22T05:00:01.000Z","volume":22000,"label":" ","price":2.97},{"type":"A","date":"2018-03-22T05:00:01.000Z","volume":3000,"label":" ","price":2.97},{"type":"A","date":"2018-03-22T05:00:01.000Z","volume":2400,"label":" ","price":2.97},{"type":"A","date":"2018-03-22T05:00:02.000Z","volume":11400,"label":" ","price":2.97},{"type":"A","date":"2018-03-22T05:00:02.000Z","volume":10900,"label":" ","price":2.97},{"type":"A","date":"2018-03-22T05:00:04.000Z","volume":1300,"label":" ","price":2.97},{"type":"A","date":"2018-03-22T05:00:13.000Z","volume":46300,"label":" ","price":2.97},{"type":"A","date":"2018-03-22T05:00:13.000Z","volume":1000,"label":" ","price":2.97},{"type":"A","date":"2018-03-22T05:00:16.000Z","volume":300,"label":" ","price":2.97},{"type":"B","date":"2018-03-22T05:00:17.000Z","volume":700,"label":" ","price":2.96},{"type":"A","date":"2018-03-22T05:00:23.000Z","volume":200,"label":" ","price":2.97},{"type":"U","date":"2018-03-22T05:00:49.000Z","volume":50,"label":"D","price":2.92},{"type":"B","date":"2018-03-22T05:01:58.000Z","volume":300,"label":" ","price":2.96},{"type":"U","date":"2018-03-22T05:02:34.000Z","volume":200,"label":"X","price":2.96},{"type":"B","date":"2018-03-22T05:03:35.000Z","volume":20000,"label":" ","price":2.96},{"type":"A","date":"2018-03-22T05:03:44.000Z","volume":400,"label":" ","price":2.97},{"type":"U","date":"2018-03-22T05:03:59.000Z","volume":200,"label":"X","price":2.96},{"type":"B","date":"2018-03-22T05:04:00.000Z","volume":400,"label":"Y","price":2.96},{"type":"B","date":"2018-03-22T05:04:59.000Z","volume":10000,"label":" ","price":2.96},{"type":"U","date":"2018-03-22T05:05:20.000Z","volume":200,"label":"X","price":2.96},{"type":"B","date":"2018-03-22T05:05:32.000Z","volume":2700,"label":" ","price":2.96},{"type":"B","date":"2018-03-22T05:06:17.000Z","volume":9200,"label":" ","price":2.96},{"type":"U","date":"2018-03-22T05:06:41.000Z","volume":100,"label":"X","price":2.96},{"type":"B","date":"2018-03-22T05:10:43.000Z","volume":4500,"label":" ","price":2.96},{"type":"U","date":"2018-03-22T05:11:13.000Z","volume":100,"label":"X","price":2.96},{"type":"A","date":"2018-03-22T05:11:32.000Z","volume":100000,"label":" ","price":2.97},{"type":"U","date":"2018-03-22T05:12:46.000Z","volume":100,"label":"X","price":2.97},{"type":"A","date":"2018-03-22T05:14:09.000Z","volume":400,"label":" ","price":2.97},{"type":"U","date":"2018-03-22T05:14:20.000Z","volume":100,"label":"X","price":2.97},{"type":"A","date":"2018-03-22T05:14:27.000Z","volume":10000,"label":" ","price":2.97},{"type":"U","date":"2018-03-22T05:15:27.000Z","volume":100,"label":"X","price":2.97},{"type":"A","date":"2018-03-22T05:16:40.000Z","volume":2200,"label":" ","price":2.97},{"type":"A","date":"2018-03-22T05:16:44.000Z","volume":300,"label":" ","price":2.97},{"type":"U","date":"2018-03-22T05:16:47.000Z","volume":100,"label":"X","price":2.97},{"type":"A","date":"2018-03-22T05:17:18.000Z","volume":100,"label":" ","price":2.97},{"type":"U","date":"2018-03-22T05:17:25.000Z","volume":62,"label":"D","price":2.98},{"type":"U","date":"2018-03-22T05:18:08.000Z","volume":100,"label":"X","price":2.97},{"type":"B","date":"2018-03-22T05:18:32.000Z","volume":2000,"label":" ","price":2.96},{"type":"B","date":"2018-03-22T05:18:41.000Z","volume":2000,"label":" ","price":2.96},{"type":"B","date":"2018-03-22T05:18:41.000Z","volume":3000,"label":" ","price":2.96},{"type":"B","date":"2018-03-22T05:20:41.000Z","volume":1900,"label":" ","price":2.96},{"type":"A","date":"2018-03-22T05:21:10.000Z","volume":2300,"label":" ","price":2.97},{"type":"A","date":"2018-03-22T05:22:45.000Z","volume":400,"label":" ","price":2.97},{"type":"A","date":"2018-03-22T05:23:28.000Z","volume":100,"label":" ","price":2.97},{"type":"U","date":"2018-03-22T05:24:10.000Z","volume":100,"label":"X","price":2.97},{"type":"B","date":"2018-03-22T05:24:29.000Z","volume":4400,"label":" ","price":2.96},{"type":"B","date":"2018-03-22T05:24:29.000Z","volume":400,"label":" ","price":2.96},{"type":"B","date":"2018-03-22T05:24:29.000Z","volume":2600,"label":" ","price":2.96},{"type":"A","date":"2018-03-22T05:26:10.000Z","volume":2100,"label":" ","price":2.97},{"type":"B","date":"2018-03-22T05:26:36.000Z","volume":2900,"label":" ","price":2.96},{"type":"A","date":"2018-03-22T05:27:21.000Z","volume":800,"label":" ","price":2.97},{"type":"B","date":"2018-03-22T05:28:58.000Z","volume":500,"label":" ","price":2.96},{"type":"B","date":"2018-03-22T05:29:33.000Z","volume":4500,"label":" ","price":2.96},{"type":"B","date":"2018-03-22T05:30:02.000Z","volume":3000,"label":" ","price":2.96},{"type":"B","date":"2018-03-22T05:30:17.000Z","volume":4000,"label":" ","price":2.96},{"type":"A","date":"2018-03-22T05:31:40.000Z","volume":6000,"label":" ","price":2.97},{"type":"A","date":"2018-03-22T05:31:45.000Z","volume":400,"label":" ","price":2.97},{"type":"B","date":"2018-03-22T05:34:32.000Z","volume":6200,"label":" ","price":2.96},{"type":"B","date":"2018-03-22T05:34:32.000Z","volume":400,"label":" ","price":2.96},{"type":"B","date":"2018-03-22T05:34:32.000Z","volume":3700,"label":" ","price":2.96},{"type":"B","date":"2018-03-22T05:34:44.000Z","volume":5000,"label":" ","price":2.96},{"type":"B","date":"2018-03-22T05:36:07.000Z","volume":4500,"label":" ","price":2.96},{"type":"A","date":"2018-03-22T05:36:09.000Z","volume":10000,"label":" ","price":2.97},{"type":"A","date":"2018-03-22T05:37:42.000Z","volume":200,"label":" ","price":2.97},{"type":"B","date":"2018-03-22T05:38:00.000Z","volume":300,"label":" ","price":2.96},{"type":"U","date":"2018-03-22T05:38:56.000Z","volume":100,"label":"X","price":2.96},{"type":"B","date":"2018-03-22T05:39:21.000Z","volume":4500,"label":" ","price":2.96},{"type":"B","date":"2018-03-22T05:39:21.000Z","volume":4200,"label":" ","price":2.96},{"type":"B","date":"2018-03-22T05:39:54.000Z","volume":10000,"label":" ","price":2.96},{"type":"B","date":"2018-03-22T05:40:30.000Z","volume":200,"label":" ","price":2.96},{"type":"B","date":"2018-03-22T05:40:36.000Z","volume":4700,"label":" ","price":2.96},{"type":"A","date":"2018-03-22T05:40:45.000Z","volume":400,"label":" ","price":2.97},{"type":"B","date":"2018-03-22T05:42:10.000Z","volume":4800,"label":" ","price":2.96},{"type":"B","date":"2018-03-22T05:44:01.000Z","volume":4900,"label":" ","price":2.96},{"type":"U","date":"2018-03-22T05:44:52.000Z","volume":100,"label":"X","price":2.96},{"type":"B","date":"2018-03-22T05:45:36.000Z","volume":4500,"label":" ","price":2.96},{"type":"B","date":"2018-03-22T05:45:51.000Z","volume":5600,"label":" ","price":2.96},{"type":"B","date":"2018-03-22T05:45:51.000Z","volume":200,"label":" ","price":2.96},{"type":"A","date":"2018-03-22T05:46:11.000Z","volume":5800,"label":" ","price":2.97},{"type":"B","date":"2018-03-22T05:46:17.000Z","volume":2200,"label":" ","price":2.96},{"type":"B","date":"2018-03-22T05:47:26.000Z","volume":1400,"label":" ","price":2.96},{"type":"B","date":"2018-03-22T05:47:26.000Z","volume":2200,"label":" ","price":2.96},{"type":"A","date":"2018-03-22T05:48:07.000Z","volume":1000,"label":" ","price":2.97},{"type":"B","date":"2018-03-22T05:48:17.000Z","volume":1500,"label":" ","price":2.96},{"type":"B","date":"2018-03-22T05:48:20.000Z","volume":800,"label":"Y","price":2.96},{"type":"B","date":"2018-03-22T05:48:20.000Z","volume":19200,"label":" ","price":2.96},{"type":"U","date":"2018-03-22T05:48:25.000Z","volume":100,"label":"X","price":2.96},{"type":"B","date":"2018-03-22T05:49:06.000Z","volume":4200,"label":" ","price":2.96},{"type":"B","date":"2018-03-22T05:49:30.000Z","volume":200,"label":" ","price":2.96},{"type":"B","date":"2018-03-22T05:49:33.000Z","volume":4400,"label":" ","price":2.96},{"type":"A","date":"2018-03-22T05:49:46.000Z","volume":400,"label":" ","price":2.97},{"type":"B","date":"2018-03-22T05:49:52.000Z","volume":3900,"label":" ","price":2.96},{"type":"B","date":"2018-03-22T05:50:51.000Z","volume":4000,"label":" ","price":2.96},{"type":"B","date":"2018-03-22T05:51:47.000Z","volume":2100,"label":" ","price":2.96},{"type":"B","date":"2018-03-22T05:51:47.000Z","volume":4000,"label":" ","price":2.96},{"type":"U","date":"2018-03-22T05:52:43.000Z","volume":100,"label":"X","price":2.96},{"type":"A","date":"2018-03-22T05:52:59.000Z","volume":100,"label":" ","price":2.97},{"type":"B","date":"2018-03-22T05:53:35.000Z","volume":4800,"label":" ","price":2.96},{"type":"B","date":"2018-03-22T05:54:19.000Z","volume":4500,"label":" ","price":2.96},{"type":"B","date":"2018-03-22T05:55:11.000Z","volume":4600,"label":" ","price":2.96},{"type":"B","date":"2018-03-22T05:55:17.000Z","volume":2500,"label":" ","price":2.96},{"type":"B","date":"2018-03-22T05:57:10.000Z","volume":4500,"label":" ","price":2.96},{"type":"A","date":"2018-03-22T05:58:38.000Z","volume":1500,"label":" ","price":2.97},{"type":"A","date":"2018-03-22T05:58:46.000Z","volume":500,"label":" ","price":2.97},{"type":"A","date":"2018-03-22T05:59:01.000Z","volume":200,"label":" ","price":2.97},{"type":"A","date":"2018-03-22T05:59:41.000Z","volume":2600,"label":" ","price":2.97},{"type":"B","date":"2018-03-22T06:00:00.000Z","volume":300,"label":" ","price":2.96},{"type":"B","date":"2018-03-22T06:00:43.000Z","volume":4500,"label":" ","price":2.96},{"type":"B","date":"2018-03-22T06:00:43.000Z","volume":2800,"label":" ","price":2.96},{"type":"B","date":"2018-03-22T06:00:44.000Z","volume":400,"label":" ","price":2.96},{"type":"A","date":"2018-03-22T06:00:53.000Z","volume":600,"label":" ","price":2.97},{"type":"B","date":"2018-03-22T06:02:27.000Z","volume":2900,"label":" ","price":2.96},{"type":"A","date":"2018-03-22T06:02:42.000Z","volume":300,"label":" ","price":2.97},{"type":"B","date":"2018-03-22T06:03:27.000Z","volume":77000,"label":" ","price":2.96},{"type":"B","date":"2018-03-22T06:04:01.000Z","volume":4800,"label":" ","price":2.96},{"type":"B","date":"2018-03-22T06:04:01.000Z","volume":700,"label":" ","price":2.96},{"type":"B","date":"2018-03-22T06:04:02.000Z","volume":3500,"label":" ","price":2.96},{"type":"B","date":"2018-03-22T06:04:27.000Z","volume":4500,"label":" ","price":2.96},{"type":"B","date":"2018-03-22T06:04:31.000Z","volume":2800,"label":" ","price":2.96},{"type":"B","date":"2018-03-22T06:04:31.000Z","volume":2400,"label":" ","price":2.96},{"type":"B","date":"2018-03-22T06:05:15.000Z","volume":5100,"label":" ","price":2.96},{"type":"U","date":"2018-03-22T06:05:59.000Z","volume":100,"label":"X","price":2.96},{"type":"B","date":"2018-03-22T06:06:00.000Z","volume":400,"label":"Y","price":2.96},{"type":"B","date":"2018-03-22T06:06:00.000Z","volume":5600,"label":" ","price":2.96},{"type":"B","date":"2018-03-22T06:06:41.000Z","volume":5700,"label":" ","price":2.96},{"type":"B","date":"2018-03-22T06:07:06.000Z","volume":5700,"label":" ","price":2.96},{"type":"B","date":"2018-03-22T06:09:39.000Z","volume":4500,"label":" ","price":2.96},{"type":"B","date":"2018-03-22T06:09:39.000Z","volume":4500,"label":" ","price":2.96},{"type":"B","date":"2018-03-22T06:10:17.000Z","volume":2800,"label":" ","price":2.96},{"type":"B","date":"2018-03-22T06:10:54.000Z","volume":300,"label":"Y","price":2.96},{"type":"A","date":"2018-03-22T06:10:54.000Z","volume":600,"label":" ","price":2.97},{"type":"U","date":"2018-03-22T06:11:29.000Z","volume":100,"label":"X","price":2.962},{"type":"A","date":"2018-03-22T06:11:49.000Z","volume":400,"label":" ","price":2.97},{"type":"B","date":"2018-03-22T06:14:27.000Z","volume":4500,"label":" ","price":2.96},{"type":"B","date":"2018-03-22T06:14:32.000Z","volume":2100,"label":" ","price":2.96},{"type":"B","date":"2018-03-22T06:14:32.000Z","volume":4400,"label":" ","price":2.96},{"type":"A","date":"2018-03-22T06:15:13.000Z","volume":100,"label":" ","price":2.97},{"type":"B","date":"2018-03-22T06:15:14.000Z","volume":40000,"label":" ","price":2.96},{"type":"B","date":"2018-03-22T06:15:42.000Z","volume":300,"label":" ","price":2.96},{"type":"B","date":"2018-03-22T06:16:11.000Z","volume":6300,"label":" ","price":2.96},{"type":"U","date":"2018-03-22T06:16:22.000Z","volume":100,"label":"X","price":2.96},{"type":"B","date":"2018-03-22T06:19:06.000Z","volume":4400,"label":" ","price":2.96},{"type":"B","date":"2018-03-22T06:19:06.000Z","volume":6700,"label":" ","price":2.96},{"type":"U","date":"2018-03-22T06:19:38.000Z","volume":100,"label":"X","price":2.96},{"type":"B","date":"2018-03-22T06:20:16.000Z","volume":5400,"label":" ","price":2.96},{"type":"B","date":"2018-03-22T06:20:24.000Z","volume":2000,"label":" ","price":2.96},{"type":"B","date":"2018-03-22T06:21:10.000Z","volume":5300,"label":" ","price":2.96},{"type":"A","date":"2018-03-22T06:21:30.000Z","volume":200,"label":" ","price":2.97},{"type":"B","date":"2018-03-22T06:22:06.000Z","volume":4400,"label":" ","price":2.96},{"type":"A","date":"2018-03-22T06:22:12.000Z","volume":2100,"label":" ","price":2.97},{"type":"B","date":"2018-03-22T06:22:57.000Z","volume":400,"label":" ","price":2.96},{"type":"B","date":"2018-03-22T06:23:11.000Z","volume":3800,"label":" ","price":2.96},{"type":"B","date":"2018-03-22T06:23:13.000Z","volume":2000,"label":" ","price":2.96},{"type":"B","date":"2018-03-22T06:23:13.000Z","volume":700,"label":" ","price":2.96},{"type":"B","date":"2018-03-22T06:23:48.000Z","volume":1800,"label":" ","price":2.96},{"type":"B","date":"2018-03-22T06:24:25.000Z","volume":1800,"label":" ","price":2.96},{"type":"B","date":"2018-03-22T06:25:05.000Z","volume":5000,"label":" ","price":2.96},{"type":"B","date":"2018-03-22T06:25:07.000Z","volume":1600,"label":" ","price":2.96},{"type":"B","date":"2018-03-22T06:25:50.000Z","volume":1600,"label":" ","price":2.96},{"type":"U","date":"2018-03-22T06:25:58.000Z","volume":100,"label":"X","price":2.96},{"type":"B","date":"2018-03-22T06:26:17.000Z","volume":2800,"label":" ","price":2.96},{"type":"B","date":"2018-03-22T06:26:32.000Z","volume":1900,"label":" ","price":2.96},{"type":"A","date":"2018-03-22T06:26:42.000Z","volume":2300,"label":" ","price":2.97},{"type":"A","date":"2018-03-22T06:26:47.000Z","volume":300,"label":" ","price":2.97},{"type":"B","date":"2018-03-22T06:27:00.000Z","volume":300,"label":" ","price":2.96},{"type":"B","date":"2018-03-22T06:28:36.000Z","volume":4500,"label":" ","price":2.96},{"type":"B","date":"2018-03-22T06:28:36.000Z","volume":2400,"label":" ","price":2.96},{"type":"B","date":"2018-03-22T06:29:33.000Z","volume":2000,"label":" ","price":2.96},{"type":"B","date":"2018-03-22T06:30:28.000Z","volume":2000,"label":" ","price":2.96},{"type":"U","date":"2018-03-22T06:31:01.000Z","volume":100,"label":"X","price":2.96},{"type":"B","date":"2018-03-22T06:31:33.000Z","volume":1700,"label":" ","price":2.96},{"type":"A","date":"2018-03-22T06:31:42.000Z","volume":2900,"label":" ","price":2.97},{"type":"B","date":"2018-03-22T06:32:00.000Z","volume":400,"label":" ","price":2.96},{"type":"B","date":"2018-03-22T06:32:02.000Z","volume":3300,"label":" ","price":2.96},{"type":"A","date":"2018-03-22T06:32:47.000Z","volume":300,"label":" ","price":2.97},{"type":"B","date":"2018-03-22T06:32:47.000Z","volume":1600,"label":" ","price":2.96},{"type":"A","date":"2018-03-22T06:32:55.000Z","volume":400,"label":" ","price":2.97},{"type":"B","date":"2018-03-22T06:33:09.000Z","volume":3200,"label":" ","price":2.96},{"type":"U","date":"2018-03-22T06:33:30.000Z","volume":100,"label":"X","price":2.961},{"type":"B","date":"2018-03-22T06:33:47.000Z","volume":2100,"label":" ","price":2.96},{"type":"B","date":"2018-03-22T06:35:17.000Z","volume":2100,"label":" ","price":2.96},{"type":"B","date":"2018-03-22T06:35:17.000Z","volume":3900,"label":" ","price":2.96},{"type":"B","date":"2018-03-22T06:35:17.000Z","volume":2100,"label":" ","price":2.96},{"type":"B","date":"2018-03-22T06:36:38.000Z","volume":2400,"label":" ","price":2.96},{"type":"B","date":"2018-03-22T06:37:17.000Z","volume":1500,"label":" ","price":2.96},{"type":"B","date":"2018-03-22T06:37:17.000Z","volume":300,"label":" ","price":2.96},{"type":"B","date":"2018-03-22T06:37:31.000Z","volume":36000,"label":" ","price":2.96},{"type":"A","date":"2018-03-22T06:37:42.000Z","volume":2600,"label":" ","price":2.97},{"type":"A","date":"2018-03-22T06:37:51.000Z","volume":10000,"label":" ","price":2.97},{"type":"B","date":"2018-03-22T06:38:18.000Z","volume":3900,"label":" ","price":2.96},{"type":"A","date":"2018-03-22T06:38:47.000Z","volume":500,"label":" ","price":2.97},{"type":"B","date":"2018-03-22T06:39:17.000Z","volume":1700,"label":" ","price":2.96},{"type":"A","date":"2018-03-22T06:39:55.000Z","volume":400,"label":" ","price":2.97},{"type":"B","date":"2018-03-22T06:42:01.000Z","volume":4000,"label":" ","price":2.96},{"type":"B","date":"2018-03-22T06:42:47.000Z","volume":1600,"label":" ","price":2.96},{"type":"B","date":"2018-03-22T06:42:47.000Z","volume":8500,"label":" ","price":2.96},{"type":"B","date":"2018-03-22T06:43:49.000Z","volume":4500,"label":" ","price":2.96},{"type":"B","date":"2018-03-22T06:44:02.000Z","volume":8200,"label":" ","price":2.96},{"type":"A","date":"2018-03-22T06:44:43.000Z","volume":10000,"label":" ","price":2.97},{"type":"B","date":"2018-03-22T06:45:48.000Z","volume":5500,"label":" ","price":2.96},{"type":"B","date":"2018-03-22T06:47:28.000Z","volume":400,"label":" ","price":2.96},{"type":"B","date":"2018-03-22T06:47:29.000Z","volume":4400,"label":" ","price":2.96},{"type":"B","date":"2018-03-22T06:47:53.000Z","volume":4900,"label":" ","price":2.96},{"type":"A","date":"2018-03-22T06:48:25.000Z","volume":400,"label":" ","price":2.97},{"type":"U","date":"2018-03-22T06:48:29.000Z","volume":100,"label":"X","price":2.96},{"type":"A","date":"2018-03-22T06:48:59.000Z","volume":2200,"label":" ","price":2.97},{"type":"A","date":"2018-03-22T06:49:18.000Z","volume":500,"label":" ","price":2.97},{"type":"B","date":"2018-03-22T06:49:23.000Z","volume":25000,"label":" ","price":2.96},{"type":"B","date":"2018-03-22T06:50:17.000Z","volume":2300,"label":" ","price":2.96},{"type":"B","date":"2018-03-22T06:50:17.000Z","volume":8200,"label":" ","price":2.96},{"type":"B","date":"2018-03-22T06:50:30.000Z","volume":400,"label":" ","price":2.96},{"type":"B","date":"2018-03-22T06:51:43.000Z","volume":6800,"label":" ","price":2.96},{"type":"B","date":"2018-03-22T06:51:57.000Z","volume":4500,"label":" ","price":2.96},{"type":"B","date":"2018-03-22T06:52:53.000Z","volume":6800,"label":" ","price":2.96},{"type":"A","date":"2018-03-22T06:52:59.000Z","volume":2100,"label":" ","price":2.97},{"type":"A","date":"2018-03-22T06:55:09.000Z","volume":16000,"label":" ","price":2.97},{"type":"A","date":"2018-03-22T06:55:40.000Z","volume":10000,"label":" ","price":2.97},{"type":"A","date":"2018-03-22T06:55:56.000Z","volume":400,"label":" ","price":2.97},{"type":"B","date":"2018-03-22T06:56:17.000Z","volume":2300,"label":" ","price":2.96},{"type":"A","date":"2018-03-22T06:56:29.000Z","volume":1900,"label":" ","price":2.97},{"type":"A","date":"2018-03-22T06:57:01.000Z","volume":100,"label":" ","price":2.97},{"type":"B","date":"2018-03-22T06:57:35.000Z","volume":1600,"label":" ","price":2.96},{"type":"U","date":"2018-03-22T06:58:38.000Z","volume":100,"label":"X","price":2.96},{"type":"A","date":"2018-03-22T06:58:48.000Z","volume":500,"label":" ","price":2.97},{"type":"A","date":"2018-03-22T06:59:11.000Z","volume":100,"label":" ","price":2.97},{"type":"A","date":"2018-03-22T06:59:59.000Z","volume":1900,"label":" ","price":2.97},{"type":"B","date":"2018-03-22T07:02:22.000Z","volume":300,"label":" ","price":2.96},{"type":"B","date":"2018-03-22T07:02:45.000Z","volume":3000,"label":" ","price":2.96},{"type":"B","date":"2018-03-22T07:02:45.000Z","volume":2100,"label":" ","price":2.96},{"type":"A","date":"2018-03-22T07:02:51.000Z","volume":1500,"label":" ","price":2.97},{"type":"A","date":"2018-03-22T07:02:59.000Z","volume":1500,"label":" ","price":2.97},{"type":"B","date":"2018-03-22T07:03:17.000Z","volume":3900,"label":" ","price":2.96},{"type":"A","date":"2018-03-22T07:03:56.000Z","volume":400,"label":" ","price":2.97},{"type":"U","date":"2018-03-22T07:03:57.000Z","volume":100,"label":"X","price":2.963},{"type":"A","date":"2018-03-22T07:04:24.000Z","volume":100,"label":" ","price":2.97},{"type":"A","date":"2018-03-22T07:05:59.000Z","volume":1700,"label":" ","price":2.97},{"type":"B","date":"2018-03-22T07:06:47.000Z","volume":1600,"label":" ","price":2.96},{"type":"B","date":"2018-03-22T07:06:47.000Z","volume":2700,"label":" ","price":2.96},{"type":"B","date":"2018-03-22T07:06:55.000Z","volume":10000,"label":" ","price":2.96},{"type":"B","date":"2018-03-22T07:07:33.000Z","volume":2100,"label":" ","price":2.96},{"type":"B","date":"2018-03-22T07:07:47.000Z","volume":4500,"label":" ","price":2.96},{"type":"B","date":"2018-03-22T07:08:20.000Z","volume":300000,"label":" ","price":2.96},{"type":"B","date":"2018-03-22T07:08:20.000Z","volume":300000,"label":" ","price":2.96},{"type":"B","date":"2018-03-22T07:08:20.000Z","volume":300000,"label":" ","price":2.96},{"type":"B","date":"2018-03-22T07:08:20.000Z","volume":300000,"label":" ","price":2.96},{"type":"B","date":"2018-03-22T07:08:20.000Z","volume":79500,"label":" ","price":2.96},{"type":"B","date":"2018-03-22T07:08:20.000Z","volume":100,"label":" ","price":2.96},{"type":"B","date":"2018-03-22T07:08:20.000Z","volume":24700,"label":" ","price":2.96},{"type":"B","date":"2018-03-22T07:08:20.000Z","volume":100,"label":" ","price":2.96},{"type":"B","date":"2018-03-22T07:08:47.000Z","volume":1800,"label":" ","price":2.95},{"type":"A","date":"2018-03-22T07:09:08.000Z","volume":5000,"label":" ","price":2.96},{"type":"A","date":"2018-03-22T07:09:41.000Z","volume":90000,"label":" ","price":2.96},{"type":"A","date":"2018-03-22T07:09:56.000Z","volume":1100,"label":" ","price":2.96},{"type":"A","date":"2018-03-22T07:10:27.000Z","volume":1100,"label":" ","price":2.96},{"type":"A","date":"2018-03-22T07:10:57.000Z","volume":1000,"label":" ","price":2.96},{"type":"B","date":"2018-03-22T07:11:32.000Z","volume":2600,"label":" ","price":2.95},{"type":"A","date":"2018-03-22T07:11:57.000Z","volume":2200,"label":" ","price":2.96},{"type":"B","date":"2018-03-22T07:12:33.000Z","volume":4500,"label":" ","price":2.95},{"type":"A","date":"2018-03-22T07:13:27.000Z","volume":1300,"label":" ","price":2.96},{"type":"U","date":"2018-03-22T07:13:36.000Z","volume":100,"label":"X","price":2.952},{"type":"A","date":"2018-03-22T07:13:43.000Z","volume":1000,"label":" ","price":2.96},{"type":"A","date":"2018-03-22T07:14:00.000Z","volume":1800,"label":" ","price":2.96},{"type":"A","date":"2018-03-22T07:14:05.000Z","volume":300,"label":" ","price":2.96},{"type":"A","date":"2018-03-22T07:14:48.000Z","volume":300,"label":" ","price":2.96},{"type":"B","date":"2018-03-22T07:15:17.000Z","volume":2200,"label":" ","price":2.95},{"type":"A","date":"2018-03-22T07:15:19.000Z","volume":1000,"label":" ","price":2.96},{"type":"A","date":"2018-03-22T07:16:28.000Z","volume":30000,"label":" ","price":2.96},{"type":"A","date":"2018-03-22T07:16:30.000Z","volume":1700,"label":" ","price":2.96},{"type":"B","date":"2018-03-22T07:16:36.000Z","volume":4400,"label":" ","price":2.95},{"type":"B","date":"2018-03-22T07:17:47.000Z","volume":2200,"label":" ","price":2.95},{"type":"A","date":"2018-03-22T07:18:49.000Z","volume":300,"label":" ","price":2.96},{"type":"B","date":"2018-03-22T07:19:11.000Z","volume":6000,"label":" ","price":2.95},{"type":"A","date":"2018-03-22T07:19:30.000Z","volume":1500,"label":" ","price":2.96},{"type":"B","date":"2018-03-22T07:20:02.000Z","volume":1900,"label":" ","price":2.95},{"type":"B","date":"2018-03-22T07:20:52.000Z","volume":600,"label":" ","price":2.95},{"type":"B","date":"2018-03-22T07:21:51.000Z","volume":4500,"label":" ","price":2.95},{"type":"A","date":"2018-03-22T07:22:13.000Z","volume":1000,"label":" ","price":2.96},{"type":"A","date":"2018-03-22T07:22:20.000Z","volume":5000,"label":" ","price":2.96},{"type":"A","date":"2018-03-22T07:25:00.000Z","volume":3400,"label":" ","price":2.96},{"type":"U","date":"2018-03-22T07:25:00.000Z","volume":100,"label":"X","price":2.96},{"type":"B","date":"2018-03-22T07:25:17.000Z","volume":2600,"label":" ","price":2.95},{"type":"B","date":"2018-03-22T07:25:17.000Z","volume":600,"label":" ","price":2.95},{"type":"A","date":"2018-03-22T07:25:53.000Z","volume":100,"label":" ","price":2.96},{"type":"A","date":"2018-03-22T07:26:19.000Z","volume":300,"label":" ","price":2.96},{"type":"A","date":"2018-03-22T07:26:32.000Z","volume":200,"label":" ","price":2.96},{"type":"B","date":"2018-03-22T07:26:36.000Z","volume":4500,"label":" ","price":2.95},{"type":"A","date":"2018-03-22T07:26:55.000Z","volume":100000,"label":" ","price":2.96},{"type":"A","date":"2018-03-22T07:27:40.000Z","volume":100,"label":" ","price":2.96},{"type":"B","date":"2018-03-22T07:28:17.000Z","volume":2400,"label":" ","price":2.95},{"type":"A","date":"2018-03-22T07:28:35.000Z","volume":100,"label":" ","price":2.96},{"type":"A","date":"2018-03-22T07:29:00.000Z","volume":200,"label":" ","price":2.96},{"type":"A","date":"2018-03-22T07:29:40.000Z","volume":30000,"label":" ","price":2.96},{"type":"B","date":"2018-03-22T07:29:41.000Z","volume":1800,"label":"Y","price":2.95},{"type":"B","date":"2018-03-22T07:29:41.000Z","volume":28200,"label":" ","price":2.95},{"type":"A","date":"2018-03-22T07:29:42.000Z","volume":100,"label":" ","price":2.96},{"type":"B","date":"2018-03-22T07:30:17.000Z","volume":800,"label":" ","price":2.95},{"type":"B","date":"2018-03-22T07:30:17.000Z","volume":2600,"label":" ","price":2.95},{"type":"A","date":"2018-03-22T07:30:33.000Z","volume":100,"label":" ","price":2.96},{"type":"B","date":"2018-03-22T07:30:47.000Z","volume":1400,"label":" ","price":2.95},{"type":"A","date":"2018-03-22T07:30:52.000Z","volume":1000,"label":" ","price":2.96},{"type":"A","date":"2018-03-22T07:32:02.000Z","volume":10000,"label":" ","price":2.96},{"type":"B","date":"2018-03-22T07:32:02.000Z","volume":2600,"label":" ","price":2.95},{"type":"B","date":"2018-03-22T07:34:32.000Z","volume":3600,"label":" ","price":2.95},{"type":"A","date":"2018-03-22T07:35:15.000Z","volume":30000,"label":" ","price":2.96},{"type":"B","date":"2018-03-22T07:35:46.000Z","volume":4500,"label":" ","price":2.95},{"type":"B","date":"2018-03-22T07:36:53.000Z","volume":800,"label":" ","price":2.95},{"type":"A","date":"2018-03-22T07:38:33.000Z","volume":1600,"label":"Y","price":2.96},{"type":"A","date":"2018-03-22T07:38:33.000Z","volume":18400,"label":" ","price":2.96},{"type":"A","date":"2018-03-22T07:38:46.000Z","volume":7000,"label":" ","price":2.96},{"type":"A","date":"2018-03-22T07:40:31.000Z","volume":1500,"label":"Y","price":2.96},{"type":"A","date":"2018-03-22T07:40:36.000Z","volume":400,"label":" ","price":2.96},{"type":"B","date":"2018-03-22T07:41:32.000Z","volume":3300,"label":" ","price":2.95},{"type":"A","date":"2018-03-22T07:42:01.000Z","volume":10200,"label":"Y","price":2.96},{"type":"A","date":"2018-03-22T07:42:15.000Z","volume":200,"label":" ","price":2.96},{"type":"A","date":"2018-03-22T07:42:50.000Z","volume":200,"label":"Y","price":2.96},{"type":"A","date":"2018-03-22T07:42:57.000Z","volume":60000,"label":" ","price":2.96},{"type":"A","date":"2018-03-22T07:43:31.000Z","volume":1900,"label":" ","price":2.96},{"type":"A","date":"2018-03-22T07:44:20.000Z","volume":100,"label":" ","price":2.96},{"type":"A","date":"2018-03-22T07:44:26.000Z","volume":100,"label":" ","price":2.96},{"type":"A","date":"2018-03-22T07:44:39.000Z","volume":2000,"label":" ","price":2.96},{"type":"B","date":"2018-03-22T07:44:47.000Z","volume":3100,"label":" ","price":2.95},{"type":"A","date":"2018-03-22T07:45:01.000Z","volume":1700,"label":" ","price":2.96},{"type":"A","date":"2018-03-22T07:45:50.000Z","volume":100,"label":" ","price":2.96},{"type":"B","date":"2018-03-22T07:46:13.000Z","volume":3700,"label":" ","price":2.95},{"type":"B","date":"2018-03-22T07:46:15.000Z","volume":800,"label":" ","price":2.95},{"type":"B","date":"2018-03-22T07:46:32.000Z","volume":1500,"label":" ","price":2.95},{"type":"B","date":"2018-03-22T07:47:04.000Z","volume":1000,"label":" ","price":2.95},{"type":"B","date":"2018-03-22T07:47:43.000Z","volume":10000,"label":" ","price":2.95},{"type":"B","date":"2018-03-22T07:48:00.000Z","volume":1000,"label":" ","price":2.95},{"type":"A","date":"2018-03-22T07:48:01.000Z","volume":3400,"label":" ","price":2.96},{"type":"B","date":"2018-03-22T07:48:17.000Z","volume":2100,"label":" ","price":2.95},{"type":"A","date":"2018-03-22T07:48:18.000Z","volume":100,"label":" ","price":2.96},{"type":"A","date":"2018-03-22T07:48:50.000Z","volume":300,"label":" ","price":2.96},{"type":"B","date":"2018-03-22T07:49:17.000Z","volume":2600,"label":" ","price":2.95},{"type":"B","date":"2018-03-22T07:50:40.000Z","volume":800,"label":" ","price":2.95},{"type":"B","date":"2018-03-22T07:50:42.000Z","volume":3700,"label":" ","price":2.95},{"type":"A","date":"2018-03-22T07:51:02.000Z","volume":1600,"label":" ","price":2.96},{"type":"B","date":"2018-03-22T07:51:17.000Z","volume":3500,"label":"Y","price":2.95},{"type":"B","date":"2018-03-22T07:51:50.000Z","volume":700,"label":" ","price":2.95},{"type":"A","date":"2018-03-22T07:51:50.000Z","volume":300,"label":" ","price":2.96},{"type":"A","date":"2018-03-22T07:52:03.000Z","volume":50000,"label":" ","price":2.96},{"type":"A","date":"2018-03-22T07:52:44.000Z","volume":100,"label":" ","price":2.96},{"type":"A","date":"2018-03-22T07:53:02.000Z","volume":1700,"label":" ","price":2.96},{"type":"B","date":"2018-03-22T07:53:24.000Z","volume":3000,"label":"Y","price":2.95},{"type":"B","date":"2018-03-22T07:53:50.000Z","volume":400,"label":" ","price":2.95},{"type":"A","date":"2018-03-22T07:53:50.000Z","volume":200,"label":" ","price":2.96},{"type":"A","date":"2018-03-22T07:54:05.000Z","volume":100,"label":" ","price":2.96},{"type":"A","date":"2018-03-22T07:54:12.000Z","volume":7000,"label":" ","price":2.96},{"type":"A","date":"2018-03-22T07:54:20.000Z","volume":100,"label":" ","price":2.96},{"type":"A","date":"2018-03-22T07:54:50.000Z","volume":100,"label":" ","price":2.96},{"type":"B","date":"2018-03-22T07:54:50.000Z","volume":200,"label":" ","price":2.95},{"type":"B","date":"2018-03-22T07:55:17.000Z","volume":2800,"label":"Y","price":2.95},{"type":"B","date":"2018-03-22T07:55:17.000Z","volume":200,"label":" ","price":2.95},{"type":"A","date":"2018-03-22T07:55:32.000Z","volume":1600,"label":" ","price":2.96},{"type":"B","date":"2018-03-22T07:56:00.000Z","volume":200,"label":" ","price":2.95},{"type":"B","date":"2018-03-22T07:56:30.000Z","volume":200,"label":" ","price":2.95},{"type":"B","date":"2018-03-22T07:56:47.000Z","volume":1900,"label":"Y","price":2.95},{"type":"B","date":"2018-03-22T07:56:53.000Z","volume":15000,"label":"Y","price":2.95},{"type":"B","date":"2018-03-22T07:56:53.000Z","volume":35000,"label":" ","price":2.95},{"type":"B","date":"2018-03-22T07:56:53.000Z","volume":100,"label":" ","price":2.95},{"type":"B","date":"2018-03-22T07:57:17.000Z","volume":3600,"label":" ","price":2.95},{"type":"B","date":"2018-03-22T07:57:17.000Z","volume":200,"label":" ","price":2.95},{"type":"A","date":"2018-03-22T07:57:20.000Z","volume":100,"label":" ","price":2.96},{"type":"A","date":"2018-03-22T07:57:24.000Z","volume":100,"label":" ","price":2.96},{"type":"A","date":"2018-03-22T07:57:32.000Z","volume":1600,"label":" ","price":2.96},{"type":"A","date":"2018-03-22T07:57:41.000Z","volume":3800,"label":" ","price":2.96},{"type":"B","date":"2018-03-22T07:57:51.000Z","volume":100,"label":" ","price":2.95},{"type":"A","date":"2018-03-22T07:57:51.000Z","volume":100,"label":" ","price":2.96},{"type":"B","date":"2018-03-22T07:58:17.000Z","volume":4000,"label":" ","price":2.95},{"type":"B","date":"2018-03-22T07:58:17.000Z","volume":200,"label":" ","price":2.95},{"type":"A","date":"2018-03-22T07:58:21.000Z","volume":100,"label":" ","price":2.96},{"type":"A","date":"2018-03-22T07:58:21.000Z","volume":120000,"label":" ","price":2.96},{"type":"B","date":"2018-03-22T07:58:32.000Z","volume":100,"label":" ","price":2.95},{"type":"B","date":"2018-03-22T07:58:47.000Z","volume":200,"label":" ","price":2.95},{"type":"B","date":"2018-03-22T07:58:47.000Z","volume":100,"label":" ","price":2.95},{"type":"B","date":"2018-03-22T07:58:47.000Z","volume":200,"label":" ","price":2.95},{"type":"A","date":"2018-03-22T07:58:51.000Z","volume":100,"label":" ","price":2.96},{"type":"A","date":"2018-03-22T07:59:01.000Z","volume":1200,"label":" ","price":2.96},{"type":"A","date":"2018-03-22T07:59:01.000Z","volume":100,"label":" ","price":2.96},{"type":"A","date":"2018-03-22T07:59:15.000Z","volume":2100,"label":" ","price":2.96},{"type":"B","date":"2018-03-22T07:59:15.000Z","volume":100,"label":" ","price":2.95},{"type":"B","date":"2018-03-22T07:59:17.000Z","volume":1700,"label":" ","price":2.95},{"type":"A","date":"2018-03-22T07:59:21.000Z","volume":100,"label":" ","price":2.96},{"type":"A","date":"2018-03-22T07:59:30.000Z","volume":100,"label":" ","price":2.96},{"type":"A","date":"2018-03-22T07:59:34.000Z","volume":6000,"label":" ","price":2.96},{"type":"A","date":"2018-03-22T07:59:36.000Z","volume":100,"label":" ","price":2.96},{"type":"B","date":"2018-03-22T07:59:37.000Z","volume":200,"label":" ","price":2.95},{"type":"B","date":"2018-03-22T07:59:37.000Z","volume":900,"label":" ","price":2.95},{"type":"A","date":"2018-03-22T07:59:50.000Z","volume":100,"label":" ","price":2.96},{"type":"B","date":"2018-03-22T07:59:51.000Z","volume":200,"label":" ","price":2.95},{"type":"B","date":"2018-03-22T07:59:51.000Z","volume":400,"label":" ","price":2.95},{"type":"A","date":"2018-03-22T07:59:55.000Z","volume":100,"label":" ","price":2.96},{"type":"U","date":"2018-03-22T08:08:15.000Z","volume":28800,"label":"U","price":2.95}]