[{"type":"U","date":"2018-04-26T01:05:00.000Z","volume":35200,"label":"P","price":95.832},{"type":"U","date":"2018-04-26T01:20:00.000Z","volume":200,"label":"U","price":95.6},{"type":"A","date":"2018-04-26T01:30:02.000Z","volume":200,"label":" ","price":95.6},{"type":"B","date":"2018-04-26T01:35:03.000Z","volume":1900,"label":" ","price":95.6},{"type":"B","date":"2018-04-26T01:35:03.000Z","volume":100,"label":" ","price":95.6},{"type":"B","date":"2018-04-26T01:35:03.000Z","volume":400,"label":" ","price":95.6},{"type":"U","date":"2018-04-26T01:35:03.000Z","volume":100,"label":" ","price":95.7},{"type":"B","date":"2018-04-26T01:35:09.000Z","volume":100,"label":" ","price":95.5},{"type":"B","date":"2018-04-26T01:35:09.000Z","volume":1100,"label":" ","price":95.5},{"type":"A","date":"2018-04-26T01:35:09.000Z","volume":100,"label":" ","price":95.6},{"type":"B","date":"2018-04-26T01:35:24.000Z","volume":100,"label":" ","price":95.3},{"type":"B","date":"2018-04-26T01:36:28.000Z","volume":100,"label":" ","price":95.1},{"type":"B","date":"2018-04-26T01:36:33.000Z","volume":400,"label":" ","price":95.1},{"type":"B","date":"2018-04-26T01:36:36.000Z","volume":500,"label":" ","price":95.1},{"type":"B","date":"2018-04-26T01:36:36.000Z","volume":500,"label":" ","price":95.1},{"type":"B","date":"2018-04-26T01:36:42.000Z","volume":100,"label":" ","price":95.05},{"type":"B","date":"2018-04-26T01:37:59.000Z","volume":200,"label":" ","price":95.05},{"type":"A","date":"2018-04-26T01:39:03.000Z","volume":600,"label":" ","price":95.1},{"type":"A","date":"2018-04-26T01:39:04.000Z","volume":200,"label":" ","price":95.1},{"type":"B","date":"2018-04-26T01:41:42.000Z","volume":1600,"label":" ","price":95.05},{"type":"B","date":"2018-04-26T01:41:42.000Z","volume":100,"label":" ","price":95.05},{"type":"B","date":"2018-04-26T01:41:42.000Z","volume":100,"label":" ","price":95},{"type":"B","date":"2018-04-26T01:41:44.000Z","volume":200,"label":" ","price":95},{"type":"A","date":"2018-04-26T01:41:50.000Z","volume":400,"label":" ","price":95.05},{"type":"A","date":"2018-04-26T01:41:50.000Z","volume":100,"label":" ","price":95.1},{"type":"A","date":"2018-04-26T01:42:20.000Z","volume":1000,"label":" ","price":95.05},{"type":"A","date":"2018-04-26T01:42:21.000Z","volume":500,"label":" ","price":95.1},{"type":"A","date":"2018-04-26T01:42:21.000Z","volume":300,"label":" ","price":95.1},{"type":"A","date":"2018-04-26T01:42:26.000Z","volume":200,"label":" ","price":95.15},{"type":"A","date":"2018-04-26T01:42:31.000Z","volume":100,"label":" ","price":95.35},{"type":"A","date":"2018-04-26T01:42:32.000Z","volume":100,"label":" ","price":95.35},{"type":"A","date":"2018-04-26T01:42:32.000Z","volume":100,"label":" ","price":95.35},{"type":"B","date":"2018-04-26T01:42:42.000Z","volume":400,"label":" ","price":95.2},{"type":"B","date":"2018-04-26T01:42:43.000Z","volume":100,"label":" ","price":95.2},{"type":"B","date":"2018-04-26T01:43:00.000Z","volume":400,"label":" ","price":95.05},{"type":"A","date":"2018-04-26T01:43:25.000Z","volume":100,"label":" ","price":95.15},{"type":"B","date":"2018-04-26T01:43:51.000Z","volume":400,"label":" ","price":95.05},{"type":"B","date":"2018-04-26T01:44:06.000Z","volume":100,"label":" ","price":95},{"type":"B","date":"2018-04-26T01:44:08.000Z","volume":2000,"label":" ","price":95},{"type":"B","date":"2018-04-26T01:44:08.000Z","volume":200,"label":" ","price":95},{"type":"B","date":"2018-04-26T01:44:08.000Z","volume":16300,"label":" ","price":95},{"type":"B","date":"2018-04-26T01:44:08.000Z","volume":300,"label":" ","price":95},{"type":"B","date":"2018-04-26T01:44:08.000Z","volume":300,"label":" ","price":95},{"type":"B","date":"2018-04-26T01:44:08.000Z","volume":400,"label":" ","price":94.9},{"type":"B","date":"2018-04-26T01:44:10.000Z","volume":200,"label":" ","price":94.85},{"type":"B","date":"2018-04-26T01:44:16.000Z","volume":200,"label":" ","price":94.8},{"type":"B","date":"2018-04-26T01:44:16.000Z","volume":600,"label":" ","price":94.8},{"type":"B","date":"2018-04-26T01:44:27.000Z","volume":200,"label":" ","price":94.65},{"type":"B","date":"2018-04-26T01:44:27.000Z","volume":100,"label":" ","price":94.65},{"type":"B","date":"2018-04-26T01:44:30.000Z","volume":300,"label":" ","price":94.7},{"type":"B","date":"2018-04-26T01:44:32.000Z","volume":300,"label":" ","price":94.65},{"type":"B","date":"2018-04-26T01:44:32.000Z","volume":100,"label":" ","price":94.65},{"type":"U","date":"2018-04-26T01:44:33.000Z","volume":300,"label":" ","price":94.65},{"type":"B","date":"2018-04-26T01:44:34.000Z","volume":1500,"label":" ","price":94.6},{"type":"B","date":"2018-04-26T01:44:35.000Z","volume":5000,"label":" ","price":94.5},{"type":"B","date":"2018-04-26T01:44:35.000Z","volume":4400,"label":" ","price":94.5},{"type":"B","date":"2018-04-26T01:44:35.000Z","volume":100,"label":" ","price":94.5},{"type":"A","date":"2018-04-26T01:45:03.000Z","volume":500,"label":" ","price":94.45},{"type":"A","date":"2018-04-26T01:45:16.000Z","volume":500,"label":" ","price":94.45},{"type":"A","date":"2018-04-26T01:45:16.000Z","volume":1300,"label":" ","price":94.45},{"type":"A","date":"2018-04-26T01:45:16.000Z","volume":900,"label":" ","price":94.45},{"type":"A","date":"2018-04-26T01:45:18.000Z","volume":500,"label":" ","price":94.45},{"type":"A","date":"2018-04-26T01:45:18.000Z","volume":500,"label":" ","price":94.45},{"type":"A","date":"2018-04-26T01:45:18.000Z","volume":400,"label":" ","price":94.5},{"type":"A","date":"2018-04-26T01:45:18.000Z","volume":500,"label":" ","price":94.55},{"type":"A","date":"2018-04-26T01:45:18.000Z","volume":100,"label":" ","price":94.55},{"type":"A","date":"2018-04-26T01:45:18.000Z","volume":200,"label":" ","price":94.6},{"type":"A","date":"2018-04-26T01:45:18.000Z","volume":200,"label":" ","price":94.7},{"type":"A","date":"2018-04-26T01:45:18.000Z","volume":100,"label":" ","price":94.75},{"type":"B","date":"2018-04-26T01:45:24.000Z","volume":100,"label":" ","price":94.7},{"type":"B","date":"2018-04-26T01:45:36.000Z","volume":300,"label":" ","price":94.7},{"type":"B","date":"2018-04-26T01:47:10.000Z","volume":200,"label":" ","price":94.6},{"type":"B","date":"2018-04-26T01:47:40.000Z","volume":100,"label":" ","price":94.6},{"type":"A","date":"2018-04-26T01:52:28.000Z","volume":500,"label":" ","price":95},{"type":"A","date":"2018-04-26T01:52:28.000Z","volume":700,"label":" ","price":95},{"type":"A","date":"2018-04-26T01:52:58.000Z","volume":100,"label":" ","price":95},{"type":"A","date":"2018-04-26T01:53:09.000Z","volume":500,"label":" ","price":95},{"type":"B","date":"2018-04-26T01:53:28.000Z","volume":100,"label":" ","price":94.8},{"type":"A","date":"2018-04-26T01:53:58.000Z","volume":100,"label":" ","price":95},{"type":"A","date":"2018-04-26T01:54:29.000Z","volume":3000,"label":" ","price":95},{"type":"A","date":"2018-04-26T01:54:29.000Z","volume":100,"label":" ","price":95},{"type":"A","date":"2018-04-26T01:54:48.000Z","volume":100,"label":" ","price":95},{"type":"A","date":"2018-04-26T01:55:11.000Z","volume":1000,"label":" ","price":95},{"type":"A","date":"2018-04-26T01:55:58.000Z","volume":100,"label":" ","price":95},{"type":"A","date":"2018-04-26T01:55:58.000Z","volume":200,"label":" ","price":95},{"type":"A","date":"2018-04-26T01:57:57.000Z","volume":100,"label":" ","price":95.05},{"type":"A","date":"2018-04-26T01:58:48.000Z","volume":100,"label":" ","price":95.05},{"type":"A","date":"2018-04-26T01:59:38.000Z","volume":100,"label":" ","price":95.05},{"type":"A","date":"2018-04-26T02:00:13.000Z","volume":100,"label":" ","price":95.05},{"type":"A","date":"2018-04-26T02:00:33.000Z","volume":100,"label":" ","price":95.05},{"type":"A","date":"2018-04-26T02:00:53.000Z","volume":100,"label":" ","price":95},{"type":"A","date":"2018-04-26T02:01:11.000Z","volume":500,"label":" ","price":95},{"type":"A","date":"2018-04-26T02:01:18.000Z","volume":100,"label":" ","price":95},{"type":"B","date":"2018-04-26T02:02:26.000Z","volume":2900,"label":" ","price":94.8},{"type":"B","date":"2018-04-26T02:02:26.000Z","volume":500,"label":" ","price":94.7},{"type":"B","date":"2018-04-26T02:03:55.000Z","volume":2100,"label":" ","price":94.7},{"type":"B","date":"2018-04-26T02:03:55.000Z","volume":100,"label":" ","price":94.65},{"type":"B","date":"2018-04-26T02:03:57.000Z","volume":500,"label":" ","price":94.65},{"type":"B","date":"2018-04-26T02:04:10.000Z","volume":400,"label":" ","price":94.6},{"type":"B","date":"2018-04-26T02:04:20.000Z","volume":1100,"label":" ","price":94.6},{"type":"B","date":"2018-04-26T02:04:46.000Z","volume":100,"label":" ","price":94.5},{"type":"B","date":"2018-04-26T02:05:20.000Z","volume":100,"label":" ","price":94.5},{"type":"B","date":"2018-04-26T02:05:46.000Z","volume":200,"label":" ","price":94.5},{"type":"B","date":"2018-04-26T02:05:46.000Z","volume":1200,"label":" ","price":94.5},{"type":"B","date":"2018-04-26T02:05:57.000Z","volume":100,"label":" ","price":94.5},{"type":"A","date":"2018-04-26T02:06:27.000Z","volume":2000,"label":" ","price":94.45},{"type":"A","date":"2018-04-26T02:06:56.000Z","volume":1300,"label":" ","price":94.45},{"type":"B","date":"2018-04-26T02:06:58.000Z","volume":100,"label":" ","price":94.4},{"type":"B","date":"2018-04-26T02:07:08.000Z","volume":200,"label":" ","price":94.4},{"type":"A","date":"2018-04-26T02:07:25.000Z","volume":300,"label":" ","price":94.45},{"type":"A","date":"2018-04-26T02:07:33.000Z","volume":100,"label":" ","price":94.5},{"type":"A","date":"2018-04-26T02:07:34.000Z","volume":400,"label":" ","price":94.5},{"type":"A","date":"2018-04-26T02:07:45.000Z","volume":100,"label":" ","price":94.5},{"type":"A","date":"2018-04-26T02:07:47.000Z","volume":100,"label":" ","price":94.5},{"type":"A","date":"2018-04-26T02:11:15.000Z","volume":1000,"label":" ","price":94.55},{"type":"A","date":"2018-04-26T02:11:15.000Z","volume":100,"label":"Y","price":94.55},{"type":"A","date":"2018-04-26T02:12:13.000Z","volume":100,"label":" ","price":94.6},{"type":"A","date":"2018-04-26T02:12:27.000Z","volume":300,"label":" ","price":94.6},{"type":"A","date":"2018-04-26T02:19:43.000Z","volume":200,"label":" ","price":94.6},{"type":"B","date":"2018-04-26T02:20:06.000Z","volume":700,"label":" ","price":94.55},{"type":"B","date":"2018-04-26T02:20:59.000Z","volume":700,"label":" ","price":94.55},{"type":"B","date":"2018-04-26T02:21:18.000Z","volume":300,"label":" ","price":94.5},{"type":"B","date":"2018-04-26T02:21:48.000Z","volume":100,"label":" ","price":94.5},{"type":"B","date":"2018-04-26T02:24:38.000Z","volume":100,"label":" ","price":94.5},{"type":"U","date":"2018-04-26T02:26:42.000Z","volume":100,"label":"X","price":94.525},{"type":"B","date":"2018-04-26T02:27:28.000Z","volume":100,"label":" ","price":94.5},{"type":"A","date":"2018-04-26T02:28:26.000Z","volume":1000,"label":" ","price":94.55},{"type":"A","date":"2018-04-26T02:28:26.000Z","volume":500,"label":" ","price":94.55},{"type":"A","date":"2018-04-26T02:28:33.000Z","volume":100,"label":" ","price":94.6},{"type":"A","date":"2018-04-26T02:30:25.000Z","volume":1000,"label":" ","price":94.6},{"type":"A","date":"2018-04-26T02:30:25.000Z","volume":700,"label":" ","price":94.6},{"type":"A","date":"2018-04-26T02:30:25.000Z","volume":100,"label":" ","price":94.6},{"type":"U","date":"2018-04-26T02:30:28.000Z","volume":100,"label":" ","price":94.6},{"type":"U","date":"2018-04-26T02:30:28.000Z","volume":300,"label":" ","price":94.6},{"type":"A","date":"2018-04-26T02:32:24.000Z","volume":600,"label":" ","price":94.65},{"type":"U","date":"2018-04-26T02:35:49.000Z","volume":100,"label":" ","price":94.65},{"type":"A","date":"2018-04-26T02:37:44.000Z","volume":1000,"label":" ","price":94.7},{"type":"A","date":"2018-04-26T02:37:44.000Z","volume":100,"label":" ","price":94.7},{"type":"U","date":"2018-04-26T02:39:28.000Z","volume":100,"label":"X","price":94.675},{"type":"A","date":"2018-04-26T02:41:05.000Z","volume":1100,"label":" ","price":94.75},{"type":"A","date":"2018-04-26T02:41:05.000Z","volume":100,"label":" ","price":94.8},{"type":"B","date":"2018-04-26T02:41:05.000Z","volume":100,"label":" ","price":94.75},{"type":"A","date":"2018-04-26T02:41:25.000Z","volume":100,"label":" ","price":94.8},{"type":"A","date":"2018-04-26T02:43:12.000Z","volume":1300,"label":" ","price":94.8},{"type":"A","date":"2018-04-26T02:43:12.000Z","volume":100,"label":" ","price":94.8},{"type":"A","date":"2018-04-26T02:43:12.000Z","volume":100,"label":" ","price":94.8},{"type":"U","date":"2018-04-26T02:43:12.000Z","volume":100,"label":"X","price":94.7},{"type":"A","date":"2018-04-26T02:43:23.000Z","volume":100,"label":" ","price":94.85},{"type":"U","date":"2018-04-26T02:43:58.000Z","volume":200,"label":" ","price":94.8},{"type":"B","date":"2018-04-26T02:44:47.000Z","volume":200,"label":"Y","price":94.7},{"type":"B","date":"2018-04-26T02:44:47.000Z","volume":100,"label":" ","price":94.7},{"type":"U","date":"2018-04-26T02:49:49.000Z","volume":100,"label":"X","price":94.7},{"type":"U","date":"2018-04-26T02:50:49.000Z","volume":100,"label":"X","price":94.7},{"type":"U","date":"2018-04-26T02:51:19.000Z","volume":100,"label":"X","price":94.7},{"type":"U","date":"2018-04-26T02:51:23.000Z","volume":100,"label":" ","price":94.75},{"type":"U","date":"2018-04-26T02:51:49.000Z","volume":100,"label":"X","price":94.7},{"type":"U","date":"2018-04-26T02:52:19.000Z","volume":100,"label":"X","price":94.7},{"type":"B","date":"2018-04-26T02:52:39.000Z","volume":600,"label":" ","price":94.7},{"type":"A","date":"2018-04-26T02:52:39.000Z","volume":100,"label":" ","price":94.75},{"type":"A","date":"2018-04-26T02:52:43.000Z","volume":1700,"label":" ","price":94.75},{"type":"A","date":"2018-04-26T02:52:43.000Z","volume":100,"label":" ","price":94.75},{"type":"A","date":"2018-04-26T02:52:45.000Z","volume":200,"label":" ","price":94.8},{"type":"B","date":"2018-04-26T02:52:49.000Z","volume":100,"label":" ","price":94.75},{"type":"B","date":"2018-04-26T02:53:19.000Z","volume":100,"label":" ","price":94.75},{"type":"A","date":"2018-04-26T02:53:43.000Z","volume":4000,"label":" ","price":94.8},{"type":"B","date":"2018-04-26T02:53:43.000Z","volume":100,"label":" ","price":94.75},{"type":"A","date":"2018-04-26T02:53:43.000Z","volume":100,"label":" ","price":94.85},{"type":"A","date":"2018-04-26T02:53:52.000Z","volume":100,"label":" ","price":94.8},{"type":"A","date":"2018-04-26T02:53:52.000Z","volume":200,"label":" ","price":94.85},{"type":"A","date":"2018-04-26T02:53:53.000Z","volume":100,"label":" ","price":94.85},{"type":"A","date":"2018-04-26T02:54:16.000Z","volume":900,"label":" ","price":94.85},{"type":"A","date":"2018-04-26T02:54:28.000Z","volume":100,"label":" ","price":94.85},{"type":"B","date":"2018-04-26T02:55:49.000Z","volume":100,"label":" ","price":94.75},{"type":"A","date":"2018-04-26T02:55:58.000Z","volume":200,"label":" ","price":94.85},{"type":"A","date":"2018-04-26T02:56:13.000Z","volume":300,"label":" ","price":94.85},{"type":"A","date":"2018-04-26T02:56:13.000Z","volume":100,"label":" ","price":94.85},{"type":"A","date":"2018-04-26T02:57:07.000Z","volume":100,"label":" ","price":94.85},{"type":"A","date":"2018-04-26T02:57:17.000Z","volume":100,"label":" ","price":94.85},{"type":"A","date":"2018-04-26T02:57:17.000Z","volume":1300,"label":" ","price":94.85},{"type":"A","date":"2018-04-26T02:57:17.000Z","volume":200,"label":" ","price":94.85},{"type":"B","date":"2018-04-26T02:57:18.000Z","volume":100,"label":" ","price":94.8},{"type":"A","date":"2018-04-26T02:57:25.000Z","volume":100,"label":" ","price":94.9},{"type":"A","date":"2018-04-26T02:57:26.000Z","volume":200,"label":" ","price":94.95},{"type":"A","date":"2018-04-26T02:57:26.000Z","volume":200,"label":" ","price":94.95},{"type":"A","date":"2018-04-26T02:57:26.000Z","volume":100,"label":" ","price":94.95},{"type":"B","date":"2018-04-26T02:57:26.000Z","volume":300,"label":" ","price":94.9},{"type":"B","date":"2018-04-26T02:57:34.000Z","volume":3100,"label":" ","price":94.9},{"type":"B","date":"2018-04-26T02:57:34.000Z","volume":100,"label":" ","price":94.9},{"type":"B","date":"2018-04-26T02:57:34.000Z","volume":100,"label":"Y","price":94.8},{"type":"B","date":"2018-04-26T02:58:01.000Z","volume":1000,"label":" ","price":94.8},{"type":"B","date":"2018-04-26T02:58:01.000Z","volume":100,"label":" ","price":94.8},{"type":"A","date":"2018-04-26T03:07:28.000Z","volume":100,"label":"Y","price":94.9},{"type":"A","date":"2018-04-26T03:07:28.000Z","volume":2900,"label":" ","price":94.9},{"type":"A","date":"2018-04-26T03:07:28.000Z","volume":1100,"label":" ","price":94.9},{"type":"B","date":"2018-04-26T03:07:35.000Z","volume":100,"label":" ","price":94.9},{"type":"A","date":"2018-04-26T03:07:38.000Z","volume":300,"label":" ","price":94.95},{"type":"A","date":"2018-04-26T03:07:38.000Z","volume":100,"label":" ","price":94.95},{"type":"A","date":"2018-04-26T03:07:44.000Z","volume":200,"label":" ","price":94.95},{"type":"A","date":"2018-04-26T03:07:45.000Z","volume":300,"label":" ","price":95},{"type":"B","date":"2018-04-26T03:07:54.000Z","volume":600,"label":" ","price":94.95},{"type":"B","date":"2018-04-26T03:07:54.000Z","volume":100,"label":" ","price":94.95},{"type":"B","date":"2018-04-26T03:07:56.000Z","volume":100,"label":" ","price":94.95},{"type":"B","date":"2018-04-26T03:08:09.000Z","volume":100,"label":" ","price":94.95},{"type":"A","date":"2018-04-26T03:09:18.000Z","volume":200,"label":" ","price":95},{"type":"B","date":"2018-04-26T03:10:01.000Z","volume":3900,"label":" ","price":94.95},{"type":"A","date":"2018-04-26T03:10:01.000Z","volume":200,"label":" ","price":94.95},{"type":"U","date":"2018-04-26T03:14:30.000Z","volume":100,"label":"X","price":94.875},{"type":"A","date":"2018-04-26T03:14:46.000Z","volume":100,"label":" ","price":94.9},{"type":"A","date":"2018-04-26T03:15:06.000Z","volume":100,"label":" ","price":94.9},{"type":"A","date":"2018-04-26T03:19:07.000Z","volume":1900,"label":" ","price":94.9},{"type":"A","date":"2018-04-26T03:19:07.000Z","volume":100,"label":" ","price":94.9},{"type":"A","date":"2018-04-26T03:22:19.000Z","volume":2700,"label":" ","price":94.95},{"type":"A","date":"2018-04-26T03:22:19.000Z","volume":6500,"label":" ","price":95},{"type":"A","date":"2018-04-26T03:22:19.000Z","volume":600,"label":" ","price":95.05},{"type":"A","date":"2018-04-26T03:22:19.000Z","volume":100,"label":" ","price":95.1},{"type":"A","date":"2018-04-26T03:22:20.000Z","volume":200,"label":" ","price":95.1},{"type":"A","date":"2018-04-26T03:22:20.000Z","volume":100,"label":" ","price":95.1},{"type":"A","date":"2018-04-26T03:22:21.000Z","volume":400,"label":" ","price":95.15},{"type":"A","date":"2018-04-26T03:22:22.000Z","volume":300,"label":" ","price":95.2},{"type":"B","date":"2018-04-26T03:22:25.000Z","volume":400,"label":" ","price":95.25},{"type":"B","date":"2018-04-26T03:22:25.000Z","volume":100,"label":" ","price":95.2},{"type":"B","date":"2018-04-26T03:22:25.000Z","volume":300,"label":" ","price":95.2},{"type":"A","date":"2018-04-26T03:22:27.000Z","volume":300,"label":" ","price":95.2},{"type":"U","date":"2018-04-26T03:22:27.000Z","volume":100,"label":" ","price":95.15},{"type":"A","date":"2018-04-26T03:22:28.000Z","volume":1000,"label":" ","price":95.15},{"type":"A","date":"2018-04-26T03:22:33.000Z","volume":500,"label":" ","price":95.15},{"type":"A","date":"2018-04-26T03:22:43.000Z","volume":100,"label":" ","price":95.15},{"type":"A","date":"2018-04-26T03:23:01.000Z","volume":200,"label":" ","price":95.1},{"type":"B","date":"2018-04-26T03:27:42.000Z","volume":1900,"label":" ","price":95},{"type":"B","date":"2018-04-26T03:33:54.000Z","volume":100,"label":" ","price":94.9},{"type":"A","date":"2018-04-26T03:34:05.000Z","volume":100,"label":" ","price":94.95},{"type":"A","date":"2018-04-26T03:35:33.000Z","volume":1700,"label":" ","price":94.95},{"type":"A","date":"2018-04-26T03:36:13.000Z","volume":200,"label":" ","price":95},{"type":"A","date":"2018-04-26T03:39:11.000Z","volume":1000,"label":" ","price":95.05},{"type":"A","date":"2018-04-26T03:39:11.000Z","volume":300,"label":" ","price":95.05},{"type":"A","date":"2018-04-26T03:39:12.000Z","volume":200,"label":" ","price":95.15},{"type":"A","date":"2018-04-26T03:39:12.000Z","volume":100,"label":" ","price":95.15},{"type":"A","date":"2018-04-26T03:39:33.000Z","volume":100,"label":" ","price":95.2},{"type":"A","date":"2018-04-26T03:40:29.000Z","volume":100,"label":" ","price":95.2},{"type":"A","date":"2018-04-26T03:40:30.000Z","volume":100,"label":" ","price":95.2},{"type":"A","date":"2018-04-26T03:41:00.000Z","volume":200,"label":" ","price":95.2},{"type":"A","date":"2018-04-26T03:41:00.000Z","volume":1300,"label":" ","price":95.2},{"type":"A","date":"2018-04-26T03:41:00.000Z","volume":100,"label":" ","price":95.25},{"type":"A","date":"2018-04-26T03:41:00.000Z","volume":100,"label":" ","price":95.25},{"type":"A","date":"2018-04-26T03:41:02.000Z","volume":300,"label":" ","price":95.3},{"type":"A","date":"2018-04-26T03:41:02.000Z","volume":100,"label":" ","price":95.3},{"type":"A","date":"2018-04-26T03:41:34.000Z","volume":200,"label":" ","price":95.3},{"type":"A","date":"2018-04-26T03:41:34.000Z","volume":100,"label":" ","price":95.3},{"type":"A","date":"2018-04-26T03:41:42.000Z","volume":100,"label":" ","price":95.3},{"type":"A","date":"2018-04-26T03:41:42.000Z","volume":100,"label":" ","price":95.3},{"type":"A","date":"2018-04-26T03:41:44.000Z","volume":100,"label":" ","price":95.35},{"type":"A","date":"2018-04-26T03:41:49.000Z","volume":100,"label":" ","price":95.35},{"type":"A","date":"2018-04-26T03:41:49.000Z","volume":100,"label":" ","price":95.35},{"type":"B","date":"2018-04-26T03:42:40.000Z","volume":2200,"label":" ","price":95.3},{"type":"B","date":"2018-04-26T03:42:40.000Z","volume":200,"label":" ","price":95.25},{"type":"A","date":"2018-04-26T03:42:40.000Z","volume":100,"label":" ","price":95.3},{"type":"B","date":"2018-04-26T03:42:40.000Z","volume":100,"label":" ","price":95.2},{"type":"B","date":"2018-04-26T03:42:45.000Z","volume":100,"label":" ","price":95.2},{"type":"B","date":"2018-04-26T03:42:45.000Z","volume":1000,"label":" ","price":95.2},{"type":"U","date":"2018-04-26T03:42:54.000Z","volume":100,"label":" ","price":95.05},{"type":"A","date":"2018-04-26T03:44:39.000Z","volume":100,"label":" ","price":95},{"type":"A","date":"2018-04-26T03:45:42.000Z","volume":1300,"label":" ","price":95.05},{"type":"A","date":"2018-04-26T03:45:44.000Z","volume":200,"label":" ","price":95.2},{"type":"A","date":"2018-04-26T03:45:49.000Z","volume":200,"label":" ","price":95.2},{"type":"A","date":"2018-04-26T03:45:51.000Z","volume":100,"label":" ","price":95.3},{"type":"A","date":"2018-04-26T03:46:16.000Z","volume":200,"label":" ","price":95.3},{"type":"B","date":"2018-04-26T03:47:19.000Z","volume":700,"label":" ","price":95.05},{"type":"A","date":"2018-04-26T03:47:20.000Z","volume":100,"label":" ","price":95.2},{"type":"A","date":"2018-04-26T03:47:34.000Z","volume":1000,"label":" ","price":95.15},{"type":"A","date":"2018-04-26T03:47:36.000Z","volume":200,"label":" ","price":95.2},{"type":"A","date":"2018-04-26T03:47:36.000Z","volume":200,"label":" ","price":95.2},{"type":"A","date":"2018-04-26T03:48:38.000Z","volume":300,"label":" ","price":95.2},{"type":"A","date":"2018-04-26T03:53:53.000Z","volume":200,"label":" ","price":95.3},{"type":"A","date":"2018-04-26T03:53:54.000Z","volume":100,"label":" ","price":95.3},{"type":"A","date":"2018-04-26T03:56:02.000Z","volume":100,"label":" ","price":95.3},{"type":"A","date":"2018-04-26T03:56:53.000Z","volume":100,"label":" ","price":95.3},{"type":"A","date":"2018-04-26T03:57:54.000Z","volume":100,"label":" ","price":95.3},{"type":"A","date":"2018-04-26T03:58:15.000Z","volume":700,"label":" ","price":95.3},{"type":"A","date":"2018-04-26T03:58:15.000Z","volume":200,"label":" ","price":95.3},{"type":"A","date":"2018-04-26T03:58:16.000Z","volume":100,"label":"Y","price":95.3},{"type":"A","date":"2018-04-26T03:58:16.000Z","volume":100,"label":" ","price":95.3},{"type":"A","date":"2018-04-26T03:58:16.000Z","volume":400,"label":" ","price":95.3},{"type":"A","date":"2018-04-26T03:58:16.000Z","volume":300,"label":" ","price":95.4},{"type":"A","date":"2018-04-26T03:58:25.000Z","volume":200,"label":" ","price":95.4},{"type":"A","date":"2018-04-26T03:58:25.000Z","volume":100,"label":" ","price":95.4},{"type":"A","date":"2018-04-26T03:59:51.000Z","volume":100,"label":" ","price":95.5},{"type":"B","date":"2018-04-26T05:01:30.000Z","volume":200,"label":" ","price":95.3},{"type":"A","date":"2018-04-26T05:01:31.000Z","volume":100,"label":" ","price":95.35},{"type":"A","date":"2018-04-26T05:03:25.000Z","volume":200,"label":"Y","price":95.35},{"type":"A","date":"2018-04-26T05:03:25.000Z","volume":100,"label":" ","price":95.35},{"type":"B","date":"2018-04-26T05:03:25.000Z","volume":300,"label":" ","price":95.3},{"type":"A","date":"2018-04-26T05:03:26.000Z","volume":100,"label":" ","price":95.35},{"type":"A","date":"2018-04-26T05:03:27.000Z","volume":100,"label":" ","price":95.35},{"type":"A","date":"2018-04-26T05:03:48.000Z","volume":100,"label":" ","price":95.35},{"type":"A","date":"2018-04-26T05:03:48.000Z","volume":100,"label":" ","price":95.35},{"type":"A","date":"2018-04-26T05:03:50.000Z","volume":200,"label":" ","price":95.4},{"type":"A","date":"2018-04-26T05:04:36.000Z","volume":200,"label":" ","price":95.4},{"type":"A","date":"2018-04-26T05:04:38.000Z","volume":100,"label":" ","price":95.4},{"type":"A","date":"2018-04-26T05:04:56.000Z","volume":100,"label":" ","price":95.4},{"type":"A","date":"2018-04-26T05:05:23.000Z","volume":100,"label":" ","price":95.4},{"type":"A","date":"2018-04-26T05:05:26.000Z","volume":100,"label":" ","price":95.4},{"type":"A","date":"2018-04-26T05:05:32.000Z","volume":200,"label":" ","price":95.4},{"type":"A","date":"2018-04-26T05:05:32.000Z","volume":800,"label":" ","price":95.4},{"type":"U","date":"2018-04-26T05:05:32.000Z","volume":100,"label":"X","price":95.4},{"type":"A","date":"2018-04-26T05:05:32.000Z","volume":200,"label":" ","price":95.45},{"type":"A","date":"2018-04-26T05:05:34.000Z","volume":200,"label":" ","price":95.5},{"type":"A","date":"2018-04-26T05:05:43.000Z","volume":100,"label":" ","price":95.5},{"type":"A","date":"2018-04-26T05:06:35.000Z","volume":200,"label":" ","price":95.5},{"type":"A","date":"2018-04-26T05:06:35.000Z","volume":100,"label":" ","price":95.5},{"type":"A","date":"2018-04-26T05:06:35.000Z","volume":200,"label":" ","price":95.5},{"type":"A","date":"2018-04-26T05:06:37.000Z","volume":100,"label":" ","price":95.6},{"type":"A","date":"2018-04-26T05:07:47.000Z","volume":200,"label":" ","price":95.6},{"type":"A","date":"2018-04-26T05:07:47.000Z","volume":100,"label":" ","price":95.6},{"type":"A","date":"2018-04-26T05:08:56.000Z","volume":200,"label":" ","price":95.6},{"type":"A","date":"2018-04-26T05:08:56.000Z","volume":100,"label":" ","price":95.6},{"type":"A","date":"2018-04-26T05:08:58.000Z","volume":100,"label":" ","price":95.6},{"type":"A","date":"2018-04-26T05:09:10.000Z","volume":100,"label":" ","price":95.6},{"type":"A","date":"2018-04-26T05:09:26.000Z","volume":100,"label":" ","price":95.7},{"type":"A","date":"2018-04-26T05:09:26.000Z","volume":100,"label":" ","price":95.7},{"type":"A","date":"2018-04-26T05:09:26.000Z","volume":100,"label":" ","price":95.75},{"type":"A","date":"2018-04-26T05:09:40.000Z","volume":100,"label":" ","price":95.75},{"type":"A","date":"2018-04-26T05:09:40.000Z","volume":100,"label":" ","price":95.8},{"type":"A","date":"2018-04-26T05:09:53.000Z","volume":100,"label":" ","price":95.85},{"type":"A","date":"2018-04-26T05:09:54.000Z","volume":100,"label":" ","price":96},{"type":"A","date":"2018-04-26T05:09:55.000Z","volume":100,"label":" ","price":96},{"type":"A","date":"2018-04-26T05:09:56.000Z","volume":100,"label":" ","price":95.95},{"type":"B","date":"2018-04-26T05:10:00.000Z","volume":4700,"label":" ","price":95.85},{"type":"A","date":"2018-04-26T05:10:01.000Z","volume":100,"label":" ","price":95.95},{"type":"B","date":"2018-04-26T05:10:06.000Z","volume":800,"label":" ","price":95.6},{"type":"B","date":"2018-04-26T05:10:08.000Z","volume":200,"label":" ","price":95.45},{"type":"B","date":"2018-04-26T05:10:08.000Z","volume":100,"label":" ","price":95.45},{"type":"B","date":"2018-04-26T05:10:15.000Z","volume":400,"label":" ","price":95.45},{"type":"B","date":"2018-04-26T05:10:15.000Z","volume":300,"label":" ","price":95.4},{"type":"B","date":"2018-04-26T05:10:20.000Z","volume":2200,"label":" ","price":95.35},{"type":"B","date":"2018-04-26T05:10:20.000Z","volume":100,"label":" ","price":95.25},{"type":"U","date":"2018-04-26T05:11:12.000Z","volume":100,"label":" ","price":95.25},{"type":"U","date":"2018-04-26T05:11:52.000Z","volume":100,"label":" ","price":95.2},{"type":"U","date":"2018-04-26T05:13:00.000Z","volume":100,"label":" ","price":95.15},{"type":"A","date":"2018-04-26T05:13:02.000Z","volume":100,"label":" ","price":95.2},{"type":"A","date":"2018-04-26T05:13:02.000Z","volume":1700,"label":" ","price":95.2},{"type":"A","date":"2018-04-26T05:13:04.000Z","volume":200,"label":" ","price":95.25},{"type":"A","date":"2018-04-26T05:13:04.000Z","volume":300,"label":" ","price":95.25},{"type":"A","date":"2018-04-26T05:13:06.000Z","volume":100,"label":" ","price":95.3},{"type":"A","date":"2018-04-26T05:14:14.000Z","volume":100,"label":" ","price":95.35},{"type":"A","date":"2018-04-26T05:15:26.000Z","volume":100,"label":" ","price":95.35},{"type":"B","date":"2018-04-26T05:18:13.000Z","volume":4400,"label":" ","price":95.25},{"type":"B","date":"2018-04-26T05:18:15.000Z","volume":100,"label":" ","price":95.15},{"type":"U","date":"2018-04-26T05:18:18.000Z","volume":400,"label":" ","price":95.15},{"type":"A","date":"2018-04-26T05:18:19.000Z","volume":100,"label":" ","price":95.2},{"type":"A","date":"2018-04-26T05:18:27.000Z","volume":1200,"label":" ","price":95.1},{"type":"A","date":"2018-04-26T05:18:27.000Z","volume":100,"label":" ","price":95.1},{"type":"A","date":"2018-04-26T05:18:29.000Z","volume":100,"label":" ","price":95.1},{"type":"U","date":"2018-04-26T05:18:30.000Z","volume":100,"label":" ","price":95.05},{"type":"B","date":"2018-04-26T05:19:07.000Z","volume":2500,"label":" ","price":95},{"type":"A","date":"2018-04-26T05:19:07.000Z","volume":100,"label":" ","price":95},{"type":"A","date":"2018-04-26T05:19:11.000Z","volume":100,"label":" ","price":94.95},{"type":"B","date":"2018-04-26T05:19:11.000Z","volume":1300,"label":" ","price":94.9},{"type":"A","date":"2018-04-26T05:19:11.000Z","volume":300,"label":" ","price":95},{"type":"B","date":"2018-04-26T05:19:33.000Z","volume":600,"label":" ","price":94.9},{"type":"B","date":"2018-04-26T05:19:33.000Z","volume":600,"label":" ","price":94.9},{"type":"A","date":"2018-04-26T05:19:34.000Z","volume":100,"label":" ","price":94.95},{"type":"B","date":"2018-04-26T05:19:36.000Z","volume":1200,"label":" ","price":94.9},{"type":"B","date":"2018-04-26T05:23:57.000Z","volume":100,"label":"Y","price":94.9},{"type":"B","date":"2018-04-26T05:23:57.000Z","volume":100,"label":" ","price":94.9},{"type":"A","date":"2018-04-26T05:28:08.000Z","volume":100,"label":" ","price":94.95},{"type":"B","date":"2018-04-26T05:29:48.000Z","volume":100,"label":" ","price":94.9},{"type":"A","date":"2018-04-26T05:29:48.000Z","volume":100,"label":" ","price":94.95},{"type":"B","date":"2018-04-26T05:29:48.000Z","volume":100,"label":" ","price":94.9},{"type":"B","date":"2018-04-26T05:29:51.000Z","volume":100,"label":" ","price":94.9},{"type":"U","date":"2018-04-26T05:30:31.000Z","volume":100,"label":"X","price":94.925},{"type":"B","date":"2018-04-26T05:32:38.000Z","volume":100,"label":" ","price":94.9},{"type":"A","date":"2018-04-26T05:32:48.000Z","volume":100,"label":" ","price":94.95},{"type":"B","date":"2018-04-26T05:35:27.000Z","volume":100,"label":" ","price":94.9},{"type":"B","date":"2018-04-26T05:36:11.000Z","volume":2000,"label":" ","price":94.9},{"type":"A","date":"2018-04-26T05:36:11.000Z","volume":100,"label":" ","price":94.9},{"type":"B","date":"2018-04-26T05:36:11.000Z","volume":100,"label":" ","price":94.85},{"type":"B","date":"2018-04-26T05:36:15.000Z","volume":200,"label":" ","price":94.85},{"type":"A","date":"2018-04-26T05:36:15.000Z","volume":100,"label":" ","price":94.9},{"type":"B","date":"2018-04-26T05:39:01.000Z","volume":100,"label":" ","price":94.85},{"type":"B","date":"2018-04-26T05:39:23.000Z","volume":200,"label":" ","price":94.85},{"type":"B","date":"2018-04-26T05:40:14.000Z","volume":100,"label":"Y","price":94.85},{"type":"B","date":"2018-04-26T05:41:03.000Z","volume":100,"label":" ","price":94.85},{"type":"B","date":"2018-04-26T05:43:10.000Z","volume":1500,"label":" ","price":94.85},{"type":"A","date":"2018-04-26T05:43:10.000Z","volume":100,"label":" ","price":94.9},{"type":"B","date":"2018-04-26T05:43:10.000Z","volume":100,"label":" ","price":94.85},{"type":"B","date":"2018-04-26T05:43:12.000Z","volume":100,"label":" ","price":94.85},{"type":"B","date":"2018-04-26T05:44:32.000Z","volume":100,"label":"Y","price":94.85},{"type":"B","date":"2018-04-26T05:45:22.000Z","volume":200,"label":"Y","price":94.85},{"type":"B","date":"2018-04-26T05:45:30.000Z","volume":100,"label":" ","price":94.85},{"type":"B","date":"2018-04-26T05:45:31.000Z","volume":200,"label":" ","price":94.85},{"type":"A","date":"2018-04-26T05:45:33.000Z","volume":100,"label":" ","price":94.9},{"type":"B","date":"2018-04-26T05:45:52.000Z","volume":200,"label":" ","price":94.85},{"type":"A","date":"2018-04-26T05:45:53.000Z","volume":500,"label":" ","price":94.9},{"type":"A","date":"2018-04-26T05:47:47.000Z","volume":300,"label":" ","price":94.9},{"type":"A","date":"2018-04-26T05:49:12.000Z","volume":100,"label":" ","price":94.9},{"type":"A","date":"2018-04-26T05:50:16.000Z","volume":100,"label":" ","price":94.9},{"type":"A","date":"2018-04-26T05:50:42.000Z","volume":200,"label":" ","price":94.9},{"type":"A","date":"2018-04-26T05:50:42.000Z","volume":100,"label":" ","price":94.9},{"type":"B","date":"2018-04-26T05:50:52.000Z","volume":200,"label":" ","price":94.85},{"type":"B","date":"2018-04-26T05:50:53.000Z","volume":100,"label":" ","price":94.85},{"type":"A","date":"2018-04-26T05:51:53.000Z","volume":300,"label":" ","price":94.9},{"type":"A","date":"2018-04-26T05:51:53.000Z","volume":100,"label":" ","price":94.9},{"type":"B","date":"2018-04-26T05:52:18.000Z","volume":100,"label":" ","price":94.85},{"type":"A","date":"2018-04-26T05:52:59.000Z","volume":200,"label":" ","price":94.9},{"type":"B","date":"2018-04-26T05:55:08.000Z","volume":100,"label":"Y","price":94.85},{"type":"B","date":"2018-04-26T05:55:08.000Z","volume":100,"label":" ","price":94.85},{"type":"A","date":"2018-04-26T05:55:10.000Z","volume":100,"label":" ","price":94.9},{"type":"A","date":"2018-04-26T05:55:21.000Z","volume":300,"label":" ","price":94.9},{"type":"A","date":"2018-04-26T05:56:53.000Z","volume":200,"label":" ","price":94.9},{"type":"A","date":"2018-04-26T05:57:11.000Z","volume":100,"label":" ","price":94.9},{"type":"A","date":"2018-04-26T05:57:31.000Z","volume":300,"label":" ","price":94.9},{"type":"A","date":"2018-04-26T05:57:31.000Z","volume":100,"label":" ","price":94.9},{"type":"A","date":"2018-04-26T05:57:31.000Z","volume":2800,"label":" ","price":94.9},{"type":"A","date":"2018-04-26T05:57:33.000Z","volume":400,"label":" ","price":94.95},{"type":"A","date":"2018-04-26T05:57:43.000Z","volume":300,"label":" ","price":94.95},{"type":"A","date":"2018-04-26T05:57:45.000Z","volume":100,"label":" ","price":94.95},{"type":"A","date":"2018-04-26T05:58:07.000Z","volume":1600,"label":" ","price":94.95},{"type":"A","date":"2018-04-26T05:58:07.000Z","volume":100,"label":" ","price":95},{"type":"A","date":"2018-04-26T05:58:09.000Z","volume":200,"label":" ","price":95},{"type":"A","date":"2018-04-26T05:58:18.000Z","volume":100,"label":" ","price":95},{"type":"A","date":"2018-04-26T05:58:18.000Z","volume":100,"label":" ","price":95},{"type":"A","date":"2018-04-26T05:59:09.000Z","volume":200,"label":" ","price":95},{"type":"A","date":"2018-04-26T06:00:25.000Z","volume":100,"label":" ","price":95},{"type":"A","date":"2018-04-26T06:00:25.000Z","volume":100,"label":" ","price":95},{"type":"A","date":"2018-04-26T06:01:14.000Z","volume":300,"label":" ","price":95},{"type":"A","date":"2018-04-26T06:01:15.000Z","volume":100,"label":" ","price":95},{"type":"A","date":"2018-04-26T06:01:15.000Z","volume":1500,"label":" ","price":95},{"type":"A","date":"2018-04-26T06:01:17.000Z","volume":200,"label":" ","price":95.05},{"type":"A","date":"2018-04-26T06:01:24.000Z","volume":300,"label":"Y","price":95.05},{"type":"A","date":"2018-04-26T06:01:24.000Z","volume":200,"label":" ","price":95.05},{"type":"A","date":"2018-04-26T06:01:24.000Z","volume":700,"label":" ","price":95.05},{"type":"A","date":"2018-04-26T06:01:25.000Z","volume":200,"label":" ","price":95.1},{"type":"A","date":"2018-04-26T06:01:25.000Z","volume":300,"label":" ","price":95.1},{"type":"A","date":"2018-04-26T06:01:31.000Z","volume":100,"label":" ","price":95.1},{"type":"A","date":"2018-04-26T06:01:31.000Z","volume":400,"label":" ","price":95.1},{"type":"A","date":"2018-04-26T06:01:31.000Z","volume":100,"label":" ","price":95.15},{"type":"A","date":"2018-04-26T06:01:34.000Z","volume":600,"label":" ","price":95.15},{"type":"A","date":"2018-04-26T06:01:35.000Z","volume":100,"label":" ","price":95.15},{"type":"A","date":"2018-04-26T06:01:35.000Z","volume":100,"label":" ","price":95.15},{"type":"A","date":"2018-04-26T06:01:35.000Z","volume":400,"label":"Y","price":95.15},{"type":"A","date":"2018-04-26T06:01:35.000Z","volume":200,"label":" ","price":95.15},{"type":"A","date":"2018-04-26T06:01:37.000Z","volume":100,"label":" ","price":95.2},{"type":"A","date":"2018-04-26T06:01:40.000Z","volume":200,"label":" ","price":95.2},{"type":"A","date":"2018-04-26T06:01:41.000Z","volume":200,"label":" ","price":95.25},{"type":"A","date":"2018-04-26T06:01:43.000Z","volume":100,"label":" ","price":95.25},{"type":"A","date":"2018-04-26T06:01:43.000Z","volume":200,"label":" ","price":95.25},{"type":"A","date":"2018-04-26T06:03:47.000Z","volume":300,"label":" ","price":95.25},{"type":"A","date":"2018-04-26T06:03:49.000Z","volume":100,"label":" ","price":95.25},{"type":"A","date":"2018-04-26T06:05:17.000Z","volume":200,"label":" ","price":95.25},{"type":"U","date":"2018-04-26T06:05:32.000Z","volume":100,"label":" ","price":95.2},{"type":"B","date":"2018-04-26T06:05:32.000Z","volume":100,"label":" ","price":95.2},{"type":"B","date":"2018-04-26T06:05:54.000Z","volume":2400,"label":" ","price":95.2},{"type":"B","date":"2018-04-26T06:05:54.000Z","volume":100,"label":" ","price":95.15},{"type":"U","date":"2018-04-26T06:05:54.000Z","volume":200,"label":" ","price":95.2},{"type":"B","date":"2018-04-26T06:05:56.000Z","volume":900,"label":" ","price":95.1},{"type":"B","date":"2018-04-26T06:06:06.000Z","volume":700,"label":" ","price":95.05},{"type":"B","date":"2018-04-26T06:06:06.000Z","volume":100,"label":" ","price":95.05},{"type":"A","date":"2018-04-26T06:06:56.000Z","volume":200,"label":" ","price":94.95},{"type":"A","date":"2018-04-26T06:06:56.000Z","volume":800,"label":" ","price":94.95},{"type":"A","date":"2018-04-26T06:06:58.000Z","volume":100,"label":" ","price":95.05},{"type":"U","date":"2018-04-26T06:07:12.000Z","volume":200,"label":" ","price":94.95},{"type":"A","date":"2018-04-26T06:08:51.000Z","volume":100,"label":" ","price":95.05},{"type":"A","date":"2018-04-26T06:09:18.000Z","volume":100,"label":" ","price":94.9},{"type":"A","date":"2018-04-26T06:15:41.000Z","volume":100,"label":" ","price":95},{"type":"B","date":"2018-04-26T06:15:45.000Z","volume":700,"label":" ","price":94.95},{"type":"B","date":"2018-04-26T06:15:45.000Z","volume":500,"label":" ","price":94.95},{"type":"B","date":"2018-04-26T06:15:45.000Z","volume":2000,"label":" ","price":94.95},{"type":"B","date":"2018-04-26T06:15:45.000Z","volume":100,"label":" ","price":94.95},{"type":"B","date":"2018-04-26T06:15:47.000Z","volume":200,"label":" ","price":94.85},{"type":"A","date":"2018-04-26T06:15:47.000Z","volume":100,"label":" ","price":94.9},{"type":"B","date":"2018-04-26T06:15:48.000Z","volume":100,"label":" ","price":94.8},{"type":"B","date":"2018-04-26T06:15:48.000Z","volume":500,"label":" ","price":94.8},{"type":"B","date":"2018-04-26T06:15:50.000Z","volume":100,"label":" ","price":94.75},{"type":"B","date":"2018-04-26T06:15:50.000Z","volume":200,"label":" ","price":94.75},{"type":"B","date":"2018-04-26T06:17:09.000Z","volume":1000,"label":" ","price":94.75},{"type":"B","date":"2018-04-26T06:17:09.000Z","volume":100,"label":" ","price":94.75},{"type":"A","date":"2018-04-26T06:17:11.000Z","volume":100,"label":" ","price":94.8},{"type":"A","date":"2018-04-26T06:17:49.000Z","volume":200,"label":" ","price":94.8},{"type":"B","date":"2018-04-26T06:18:09.000Z","volume":3000,"label":" ","price":94.75},{"type":"B","date":"2018-04-26T06:18:09.000Z","volume":200,"label":" ","price":94.75},{"type":"A","date":"2018-04-26T06:18:09.000Z","volume":100,"label":" ","price":94.8},{"type":"A","date":"2018-04-26T06:18:09.000Z","volume":100,"label":" ","price":94.75},{"type":"B","date":"2018-04-26T06:18:11.000Z","volume":100,"label":" ","price":94.7},{"type":"B","date":"2018-04-26T06:18:12.000Z","volume":100,"label":" ","price":94.65},{"type":"A","date":"2018-04-26T06:18:15.000Z","volume":1000,"label":" ","price":94.7},{"type":"A","date":"2018-04-26T06:18:15.000Z","volume":100,"label":" ","price":94.7},{"type":"A","date":"2018-04-26T06:18:17.000Z","volume":100,"label":" ","price":94.7},{"type":"U","date":"2018-04-26T06:18:43.000Z","volume":100,"label":" ","price":94.7},{"type":"B","date":"2018-04-26T06:18:43.000Z","volume":100,"label":" ","price":94.65},{"type":"A","date":"2018-04-26T06:28:06.000Z","volume":3000,"label":" ","price":94.7},{"type":"A","date":"2018-04-26T06:28:06.000Z","volume":100,"label":" ","price":94.7},{"type":"A","date":"2018-04-26T06:28:06.000Z","volume":200,"label":" ","price":94.75},{"type":"A","date":"2018-04-26T06:28:06.000Z","volume":800,"label":" ","price":94.75},{"type":"A","date":"2018-04-26T06:28:08.000Z","volume":600,"label":" ","price":94.8},{"type":"A","date":"2018-04-26T06:28:16.000Z","volume":200,"label":" ","price":94.8},{"type":"A","date":"2018-04-26T06:28:16.000Z","volume":100,"label":" ","price":94.8},{"type":"A","date":"2018-04-26T06:28:32.000Z","volume":100,"label":" ","price":94.8},{"type":"A","date":"2018-04-26T06:28:41.000Z","volume":700,"label":" ","price":94.8},{"type":"A","date":"2018-04-26T06:28:41.000Z","volume":100,"label":" ","price":94.85},{"type":"B","date":"2018-04-26T06:28:41.000Z","volume":100,"label":" ","price":94.8},{"type":"A","date":"2018-04-26T06:28:41.000Z","volume":200,"label":" ","price":94.85},{"type":"A","date":"2018-04-26T06:28:43.000Z","volume":100,"label":" ","price":94.85},{"type":"A","date":"2018-04-26T06:28:43.000Z","volume":200,"label":" ","price":94.9},{"type":"A","date":"2018-04-26T06:28:43.000Z","volume":100,"label":" ","price":94.9},{"type":"B","date":"2018-04-26T06:29:15.000Z","volume":400,"label":" ","price":94.85},{"type":"B","date":"2018-04-26T06:29:24.000Z","volume":100,"label":" ","price":94.85},{"type":"A","date":"2018-04-26T06:29:25.000Z","volume":100,"label":" ","price":94.9},{"type":"B","date":"2018-04-26T06:32:03.000Z","volume":100,"label":" ","price":94.95},{"type":"B","date":"2018-04-26T06:32:03.000Z","volume":300,"label":"Y","price":94.95},{"type":"B","date":"2018-04-26T06:32:03.000Z","volume":400,"label":"Y","price":94.95},{"type":"A","date":"2018-04-26T06:32:03.000Z","volume":300,"label":" ","price":94.95},{"type":"A","date":"2018-04-26T06:32:03.000Z","volume":200,"label":" ","price":94.95},{"type":"B","date":"2018-04-26T06:32:03.000Z","volume":100,"label":" ","price":94.9},{"type":"A","date":"2018-04-26T06:32:05.000Z","volume":200,"label":" ","price":94.95},{"type":"A","date":"2018-04-26T06:33:34.000Z","volume":200,"label":"Y","price":94.95},{"type":"A","date":"2018-04-26T06:33:34.000Z","volume":200,"label":" ","price":94.95},{"type":"B","date":"2018-04-26T06:35:01.000Z","volume":3200,"label":" ","price":94.9},{"type":"U","date":"2018-04-26T06:35:01.000Z","volume":100,"label":"X","price":94.9},{"type":"A","date":"2018-04-26T06:35:03.000Z","volume":100,"label":" ","price":94.95},{"type":"A","date":"2018-04-26T06:35:03.000Z","volume":400,"label":" ","price":94.95},{"type":"B","date":"2018-04-26T06:35:06.000Z","volume":100,"label":" ","price":94.85},{"type":"B","date":"2018-04-26T06:35:06.000Z","volume":1600,"label":" ","price":94.85},{"type":"A","date":"2018-04-26T06:35:07.000Z","volume":100,"label":" ","price":94.9},{"type":"B","date":"2018-04-26T06:35:12.000Z","volume":200,"label":" ","price":94.8},{"type":"B","date":"2018-04-26T06:35:15.000Z","volume":100,"label":" ","price":94.8},{"type":"B","date":"2018-04-26T06:37:00.000Z","volume":400,"label":"Y","price":94.8},{"type":"B","date":"2018-04-26T06:37:00.000Z","volume":1600,"label":" ","price":94.8},{"type":"A","date":"2018-04-26T06:37:00.000Z","volume":1000,"label":" ","price":94.85},{"type":"A","date":"2018-04-26T06:37:00.000Z","volume":200,"label":" ","price":94.9},{"type":"A","date":"2018-04-26T06:37:00.000Z","volume":200,"label":" ","price":94.9},{"type":"A","date":"2018-04-26T06:37:00.000Z","volume":100,"label":" ","price":94.85},{"type":"A","date":"2018-04-26T06:37:02.000Z","volume":100,"label":" ","price":94.95},{"type":"B","date":"2018-04-26T06:37:03.000Z","volume":200,"label":" ","price":94.85},{"type":"A","date":"2018-04-26T06:37:09.000Z","volume":100,"label":" ","price":94.95},{"type":"A","date":"2018-04-26T06:37:09.000Z","volume":200,"label":" ","price":94.95},{"type":"U","date":"2018-04-26T06:42:15.000Z","volume":100,"label":" ","price":94.9},{"type":"A","date":"2018-04-26T06:42:32.000Z","volume":300,"label":" ","price":94.95},{"type":"B","date":"2018-04-26T06:42:32.000Z","volume":100,"label":" ","price":94.9},{"type":"B","date":"2018-04-26T06:44:14.000Z","volume":4500,"label":" ","price":94.9},{"type":"B","date":"2018-04-26T06:44:14.000Z","volume":200,"label":" ","price":94.85},{"type":"B","date":"2018-04-26T06:44:14.000Z","volume":200,"label":" ","price":94.9},{"type":"B","date":"2018-04-26T06:44:14.000Z","volume":100,"label":" ","price":94.85},{"type":"B","date":"2018-04-26T06:44:14.000Z","volume":100,"label":"Y","price":94.85},{"type":"B","date":"2018-04-26T06:44:14.000Z","volume":200,"label":" ","price":94.85},{"type":"B","date":"2018-04-26T06:44:16.000Z","volume":100,"label":" ","price":94.8},{"type":"B","date":"2018-04-26T06:44:16.000Z","volume":300,"label":" ","price":94.8},{"type":"B","date":"2018-04-26T06:44:18.000Z","volume":200,"label":" ","price":94.75},{"type":"A","date":"2018-04-26T06:44:27.000Z","volume":100,"label":" ","price":94.8},{"type":"A","date":"2018-04-26T06:44:29.000Z","volume":800,"label":" ","price":94.8},{"type":"A","date":"2018-04-26T06:44:29.000Z","volume":100,"label":"Y","price":94.8},{"type":"A","date":"2018-04-26T06:44:30.000Z","volume":100,"label":" ","price":94.85},{"type":"A","date":"2018-04-26T06:45:04.000Z","volume":100,"label":" ","price":94.85},{"type":"U","date":"2018-04-26T06:46:29.000Z","volume":100,"label":" ","price":94.8},{"type":"A","date":"2018-04-26T06:47:02.000Z","volume":400,"label":" ","price":94.8},{"type":"A","date":"2018-04-26T06:47:02.000Z","volume":100,"label":" ","price":94.8},{"type":"A","date":"2018-04-26T06:47:02.000Z","volume":100,"label":" ","price":94.8},{"type":"A","date":"2018-04-26T06:47:23.000Z","volume":100,"label":"Y","price":94.8},{"type":"B","date":"2018-04-26T06:55:18.000Z","volume":100,"label":" ","price":94.75},{"type":"A","date":"2018-04-26T06:55:35.000Z","volume":100,"label":" ","price":94.8},{"type":"B","date":"2018-04-26T06:57:16.000Z","volume":100,"label":" ","price":94.75},{"type":"A","date":"2018-04-26T06:57:17.000Z","volume":100,"label":" ","price":94.8},{"type":"A","date":"2018-04-26T06:58:19.000Z","volume":100,"label":" ","price":94.8},{"type":"B","date":"2018-04-26T06:58:19.000Z","volume":100,"label":" ","price":94.75},{"type":"A","date":"2018-04-26T06:58:23.000Z","volume":100,"label":" ","price":94.8},{"type":"A","date":"2018-04-26T06:59:09.000Z","volume":2900,"label":" ","price":94.8},{"type":"A","date":"2018-04-26T06:59:09.000Z","volume":900,"label":" ","price":94.85},{"type":"A","date":"2018-04-26T06:59:09.000Z","volume":200,"label":" ","price":94.9},{"type":"A","date":"2018-04-26T06:59:11.000Z","volume":900,"label":" ","price":94.95},{"type":"A","date":"2018-04-26T06:59:13.000Z","volume":800,"label":" ","price":95},{"type":"A","date":"2018-04-26T06:59:13.000Z","volume":300,"label":" ","price":95},{"type":"A","date":"2018-04-26T06:59:13.000Z","volume":1100,"label":" ","price":95},{"type":"A","date":"2018-04-26T06:59:15.000Z","volume":200,"label":" ","price":95},{"type":"A","date":"2018-04-26T06:59:17.000Z","volume":700,"label":" ","price":95},{"type":"A","date":"2018-04-26T06:59:17.000Z","volume":100,"label":" ","price":95},{"type":"A","date":"2018-04-26T06:59:28.000Z","volume":1300,"label":" ","price":95},{"type":"A","date":"2018-04-26T06:59:28.000Z","volume":100,"label":" ","price":95.1},{"type":"A","date":"2018-04-26T06:59:30.000Z","volume":200,"label":" ","price":95.1},{"type":"A","date":"2018-04-26T06:59:30.000Z","volume":1100,"label":" ","price":95.1},{"type":"A","date":"2018-04-26T06:59:30.000Z","volume":200,"label":" ","price":95.15},{"type":"A","date":"2018-04-26T06:59:32.000Z","volume":200,"label":" ","price":95.3},{"type":"B","date":"2018-04-26T06:59:33.000Z","volume":1000,"label":" ","price":95.15},{"type":"A","date":"2018-04-26T06:59:34.000Z","volume":100,"label":" ","price":95.3},{"type":"B","date":"2018-04-26T06:59:37.000Z","volume":1800,"label":" ","price":95},{"type":"A","date":"2018-04-26T06:59:37.000Z","volume":300,"label":" ","price":94.95},{"type":"A","date":"2018-04-26T06:59:38.000Z","volume":100,"label":" ","price":94.95},{"type":"B","date":"2018-04-26T06:59:54.000Z","volume":200,"label":" ","price":94.85},{"type":"U","date":"2018-04-26T07:02:32.000Z","volume":100,"label":"X","price":94.9},{"type":"A","date":"2018-04-26T07:03:03.000Z","volume":400,"label":" ","price":94.95},{"type":"A","date":"2018-04-26T07:03:03.000Z","volume":200,"label":" ","price":95},{"type":"A","date":"2018-04-26T07:03:03.000Z","volume":100,"label":" ","price":95.05},{"type":"A","date":"2018-04-26T07:03:05.000Z","volume":100,"label":" ","price":94.95},{"type":"A","date":"2018-04-26T07:04:06.000Z","volume":100,"label":" ","price":94.95},{"type":"A","date":"2018-04-26T07:04:06.000Z","volume":100,"label":" ","price":94.95},{"type":"A","date":"2018-04-26T07:04:06.000Z","volume":100,"label":" ","price":95.05},{"type":"A","date":"2018-04-26T07:05:08.000Z","volume":300,"label":" ","price":95.05},{"type":"A","date":"2018-04-26T07:05:09.000Z","volume":100,"label":" ","price":95.2},{"type":"B","date":"2018-04-26T07:06:07.000Z","volume":6000,"label":" ","price":95.15},{"type":"U","date":"2018-04-26T07:06:07.000Z","volume":200,"label":" ","price":95.15},{"type":"B","date":"2018-04-26T07:06:15.000Z","volume":6300,"label":" ","price":95.05},{"type":"B","date":"2018-04-26T07:06:16.000Z","volume":200,"label":" ","price":95},{"type":"A","date":"2018-04-26T07:06:16.000Z","volume":500,"label":" ","price":95},{"type":"B","date":"2018-04-26T07:06:18.000Z","volume":100,"label":"Y","price":94.95},{"type":"B","date":"2018-04-26T07:06:18.000Z","volume":300,"label":" ","price":94.95},{"type":"U","date":"2018-04-26T07:06:39.000Z","volume":1500,"label":" ","price":94.85},{"type":"A","date":"2018-04-26T07:06:40.000Z","volume":100,"label":" ","price":94.9},{"type":"A","date":"2018-04-26T07:06:42.000Z","volume":3300,"label":" ","price":94.9},{"type":"A","date":"2018-04-26T07:06:44.000Z","volume":100,"label":" ","price":94.95},{"type":"A","date":"2018-04-26T07:06:46.000Z","volume":300,"label":" ","price":95},{"type":"A","date":"2018-04-26T07:06:48.000Z","volume":200,"label":" ","price":95.05},{"type":"A","date":"2018-04-26T07:06:48.000Z","volume":300,"label":" ","price":95.05},{"type":"A","date":"2018-04-26T07:07:10.000Z","volume":200,"label":" ","price":95.05},{"type":"A","date":"2018-04-26T07:09:12.000Z","volume":100,"label":" ","price":95.05},{"type":"A","date":"2018-04-26T07:12:05.000Z","volume":1000,"label":" ","price":95.05},{"type":"A","date":"2018-04-26T07:12:07.000Z","volume":100,"label":" ","price":95.1},{"type":"A","date":"2018-04-26T07:12:50.000Z","volume":100,"label":" ","price":95.1},{"type":"A","date":"2018-04-26T07:13:04.000Z","volume":100,"label":" ","price":95.1},{"type":"A","date":"2018-04-26T07:13:06.000Z","volume":100,"label":" ","price":95.1},{"type":"A","date":"2018-04-26T07:14:26.000Z","volume":500,"label":" ","price":95.1},{"type":"A","date":"2018-04-26T07:14:40.000Z","volume":100,"label":" ","price":95.1},{"type":"A","date":"2018-04-26T07:14:40.000Z","volume":200,"label":" ","price":95.1},{"type":"B","date":"2018-04-26T07:14:40.000Z","volume":100,"label":" ","price":95.05},{"type":"A","date":"2018-04-26T07:14:42.000Z","volume":100,"label":" ","price":95.1},{"type":"B","date":"2018-04-26T07:15:25.000Z","volume":100,"label":" ","price":95.05},{"type":"A","date":"2018-04-26T07:16:22.000Z","volume":100,"label":" ","price":95.1},{"type":"A","date":"2018-04-26T07:16:22.000Z","volume":100,"label":" ","price":95.1},{"type":"A","date":"2018-04-26T07:17:26.000Z","volume":400,"label":" ","price":95.1},{"type":"A","date":"2018-04-26T07:17:26.000Z","volume":300,"label":" ","price":95.15},{"type":"A","date":"2018-04-26T07:17:28.000Z","volume":100,"label":" ","price":95.15},{"type":"A","date":"2018-04-26T07:17:41.000Z","volume":100,"label":" ","price":95.15},{"type":"A","date":"2018-04-26T07:17:43.000Z","volume":100,"label":" ","price":95.15},{"type":"B","date":"2018-04-26T07:17:43.000Z","volume":400,"label":" ","price":95.1},{"type":"U","date":"2018-04-26T07:17:43.000Z","volume":100,"label":"X","price":95.125},{"type":"A","date":"2018-04-26T07:18:23.000Z","volume":300,"label":" ","price":95.15},{"type":"A","date":"2018-04-26T07:18:25.000Z","volume":100,"label":" ","price":95.2},{"type":"A","date":"2018-04-26T07:19:22.000Z","volume":300,"label":" ","price":95.2},{"type":"A","date":"2018-04-26T07:20:09.000Z","volume":400,"label":" ","price":95.2},{"type":"A","date":"2018-04-26T07:20:11.000Z","volume":100,"label":" ","price":95.2},{"type":"B","date":"2018-04-26T07:20:15.000Z","volume":300,"label":" ","price":95.1},{"type":"B","date":"2018-04-26T07:20:17.000Z","volume":200,"label":" ","price":95.1},{"type":"A","date":"2018-04-26T07:20:22.000Z","volume":100,"label":" ","price":95.15},{"type":"A","date":"2018-04-26T07:21:49.000Z","volume":200,"label":" ","price":95.15},{"type":"A","date":"2018-04-26T07:22:30.000Z","volume":100,"label":" ","price":95.15},{"type":"A","date":"2018-04-26T07:23:03.000Z","volume":400,"label":" ","price":95.15},{"type":"A","date":"2018-04-26T07:23:03.000Z","volume":100,"label":" ","price":95.15},{"type":"B","date":"2018-04-26T07:24:16.000Z","volume":3600,"label":" ","price":95.1},{"type":"B","date":"2018-04-26T07:24:16.000Z","volume":100,"label":" ","price":95.1},{"type":"B","date":"2018-04-26T07:24:16.000Z","volume":100,"label":" ","price":95.05},{"type":"A","date":"2018-04-26T07:25:15.000Z","volume":100,"label":" ","price":95.1},{"type":"A","date":"2018-04-26T07:28:13.000Z","volume":100,"label":" ","price":95.1},{"type":"B","date":"2018-04-26T07:28:50.000Z","volume":100,"label":" ","price":95.05},{"type":"B","date":"2018-04-26T07:29:34.000Z","volume":100,"label":" ","price":95.05},{"type":"B","date":"2018-04-26T07:30:23.000Z","volume":100,"label":" ","price":95.05},{"type":"A","date":"2018-04-26T07:30:25.000Z","volume":200,"label":" ","price":95.1},{"type":"A","date":"2018-04-26T07:31:23.000Z","volume":100,"label":" ","price":95.1},{"type":"A","date":"2018-04-26T07:31:30.000Z","volume":200,"label":" ","price":95.1},{"type":"A","date":"2018-04-26T07:32:10.000Z","volume":100,"label":" ","price":95.1},{"type":"B","date":"2018-04-26T07:32:17.000Z","volume":100,"label":" ","price":95.05},{"type":"A","date":"2018-04-26T07:32:17.000Z","volume":100,"label":" ","price":95.1},{"type":"A","date":"2018-04-26T07:32:21.000Z","volume":100,"label":"Y","price":95.1},{"type":"A","date":"2018-04-26T07:32:21.000Z","volume":400,"label":" ","price":95.1},{"type":"A","date":"2018-04-26T07:32:33.000Z","volume":200,"label":" ","price":95.1},{"type":"A","date":"2018-04-26T07:32:35.000Z","volume":100,"label":" ","price":95.1},{"type":"A","date":"2018-04-26T07:33:36.000Z","volume":200,"label":" ","price":95.1},{"type":"A","date":"2018-04-26T07:34:48.000Z","volume":300,"label":" ","price":95.1},{"type":"A","date":"2018-04-26T07:34:48.000Z","volume":400,"label":" ","price":95.1},{"type":"A","date":"2018-04-26T07:34:48.000Z","volume":300,"label":" ","price":95.1},{"type":"A","date":"2018-04-26T07:34:50.000Z","volume":200,"label":" ","price":95.1},{"type":"A","date":"2018-04-26T07:34:50.000Z","volume":300,"label":" ","price":95.15},{"type":"A","date":"2018-04-26T07:35:00.000Z","volume":100,"label":" ","price":95.15},{"type":"A","date":"2018-04-26T07:35:01.000Z","volume":800,"label":" ","price":95.15},{"type":"A","date":"2018-04-26T07:35:01.000Z","volume":1000,"label":" ","price":95.2},{"type":"U","date":"2018-04-26T07:35:02.000Z","volume":100,"label":" ","price":95.3},{"type":"U","date":"2018-04-26T07:35:02.000Z","volume":300,"label":" ","price":95.3},{"type":"A","date":"2018-04-26T07:35:10.000Z","volume":200,"label":" ","price":95.3},{"type":"A","date":"2018-04-26T07:35:16.000Z","volume":100,"label":" ","price":95.3},{"type":"A","date":"2018-04-26T07:35:17.000Z","volume":100,"label":"Y","price":95.3},{"type":"A","date":"2018-04-26T07:35:17.000Z","volume":100,"label":" ","price":95.3},{"type":"A","date":"2018-04-26T07:35:18.000Z","volume":100,"label":" ","price":95.25},{"type":"B","date":"2018-04-26T07:35:24.000Z","volume":2500,"label":" ","price":95.15},{"type":"B","date":"2018-04-26T07:35:24.000Z","volume":400,"label":" ","price":95.15},{"type":"A","date":"2018-04-26T07:35:24.000Z","volume":100,"label":" ","price":95.15},{"type":"B","date":"2018-04-26T07:35:33.000Z","volume":900,"label":" ","price":95.05},{"type":"B","date":"2018-04-26T07:35:34.000Z","volume":100,"label":" ","price":95.05},{"type":"A","date":"2018-04-26T07:35:59.000Z","volume":900,"label":" ","price":95.1},{"type":"A","date":"2018-04-26T07:35:59.000Z","volume":100,"label":" ","price":95.1},{"type":"A","date":"2018-04-26T07:36:01.000Z","volume":100,"label":" ","price":95.15},{"type":"A","date":"2018-04-26T07:36:14.000Z","volume":100,"label":"Y","price":95.15},{"type":"A","date":"2018-04-26T07:38:01.000Z","volume":100,"label":" ","price":95.15},{"type":"U","date":"2018-04-26T07:38:33.000Z","volume":100,"label":"X","price":95.1},{"type":"A","date":"2018-04-26T07:40:20.000Z","volume":300,"label":" ","price":95.15},{"type":"A","date":"2018-04-26T07:40:20.000Z","volume":100,"label":" ","price":95.15},{"type":"A","date":"2018-04-26T07:40:22.000Z","volume":100,"label":" ","price":95.15},{"type":"A","date":"2018-04-26T07:40:22.000Z","volume":100,"label":" ","price":95.15},{"type":"U","date":"2018-04-26T07:40:29.000Z","volume":100,"label":"X","price":95.05},{"type":"A","date":"2018-04-26T07:40:41.000Z","volume":300,"label":" ","price":95.15},{"type":"A","date":"2018-04-26T07:40:58.000Z","volume":100,"label":" ","price":95.2},{"type":"A","date":"2018-04-26T07:41:20.000Z","volume":400,"label":" ","price":95.2},{"type":"A","date":"2018-04-26T07:41:22.000Z","volume":100,"label":" ","price":95.2},{"type":"A","date":"2018-04-26T07:41:22.000Z","volume":200,"label":" ","price":95.2},{"type":"A","date":"2018-04-26T07:41:22.000Z","volume":100,"label":" ","price":95.2},{"type":"A","date":"2018-04-26T07:41:24.000Z","volume":100,"label":" ","price":95.2},{"type":"B","date":"2018-04-26T07:42:44.000Z","volume":1100,"label":" ","price":95.15},{"type":"B","date":"2018-04-26T07:42:44.000Z","volume":100,"label":" ","price":95.15},{"type":"A","date":"2018-04-26T07:42:45.000Z","volume":100,"label":" ","price":95.2},{"type":"A","date":"2018-04-26T07:43:04.000Z","volume":100,"label":"Y","price":95.2},{"type":"A","date":"2018-04-26T07:43:04.000Z","volume":100,"label":" ","price":95.2},{"type":"B","date":"2018-04-26T07:43:18.000Z","volume":100,"label":" ","price":95.15},{"type":"B","date":"2018-04-26T07:43:23.000Z","volume":3500,"label":" ","price":95.15},{"type":"A","date":"2018-04-26T07:43:23.000Z","volume":500,"label":" ","price":95.2},{"type":"B","date":"2018-04-26T07:43:23.000Z","volume":500,"label":" ","price":95.15},{"type":"A","date":"2018-04-26T07:43:25.000Z","volume":100,"label":" ","price":95.15},{"type":"B","date":"2018-04-26T07:43:46.000Z","volume":1000,"label":" ","price":95.1},{"type":"A","date":"2018-04-26T07:43:46.000Z","volume":200,"label":" ","price":95.1},{"type":"A","date":"2018-04-26T07:43:48.000Z","volume":100,"label":" ","price":95.1},{"type":"B","date":"2018-04-26T07:43:59.000Z","volume":4500,"label":" ","price":95.05},{"type":"B","date":"2018-04-26T07:44:00.000Z","volume":100,"label":" ","price":95},{"type":"A","date":"2018-04-26T07:44:32.000Z","volume":1000,"label":" ","price":95.05},{"type":"A","date":"2018-04-26T07:44:33.000Z","volume":200,"label":" ","price":95.1},{"type":"B","date":"2018-04-26T07:47:12.000Z","volume":100,"label":" ","price":95},{"type":"B","date":"2018-04-26T07:47:49.000Z","volume":100,"label":" ","price":95.05},{"type":"B","date":"2018-04-26T07:47:51.000Z","volume":400,"label":" ","price":95.05},{"type":"B","date":"2018-04-26T07:47:53.000Z","volume":700,"label":" ","price":95.05},{"type":"B","date":"2018-04-26T07:47:53.000Z","volume":600,"label":" ","price":95},{"type":"B","date":"2018-04-26T07:47:53.000Z","volume":100,"label":" ","price":95.05},{"type":"B","date":"2018-04-26T07:47:54.000Z","volume":800,"label":" ","price":95},{"type":"B","date":"2018-04-26T07:47:54.000Z","volume":600,"label":" ","price":95},{"type":"A","date":"2018-04-26T07:47:55.000Z","volume":100,"label":" ","price":95.05},{"type":"A","date":"2018-04-26T07:48:04.000Z","volume":100,"label":" ","price":95.05},{"type":"A","date":"2018-04-26T07:48:04.000Z","volume":400,"label":" ","price":95.05},{"type":"A","date":"2018-04-26T07:48:04.000Z","volume":100,"label":" ","price":95.05},{"type":"B","date":"2018-04-26T07:49:51.000Z","volume":2100,"label":" ","price":95},{"type":"B","date":"2018-04-26T07:49:51.000Z","volume":100,"label":"Y","price":95},{"type":"A","date":"2018-04-26T07:49:53.000Z","volume":200,"label":" ","price":95.05},{"type":"B","date":"2018-04-26T07:49:54.000Z","volume":400,"label":" ","price":95},{"type":"B","date":"2018-04-26T07:49:54.000Z","volume":200,"label":" ","price":95},{"type":"A","date":"2018-04-26T07:49:55.000Z","volume":100,"label":" ","price":95.05},{"type":"B","date":"2018-04-26T07:50:09.000Z","volume":2800,"label":" ","price":95},{"type":"A","date":"2018-04-26T07:50:09.000Z","volume":100,"label":" ","price":95},{"type":"A","date":"2018-04-26T07:50:09.000Z","volume":100,"label":" ","price":95},{"type":"A","date":"2018-04-26T07:50:09.000Z","volume":100,"label":"Y","price":95},{"type":"U","date":"2018-04-26T07:50:09.000Z","volume":200,"label":" ","price":95},{"type":"B","date":"2018-04-26T07:50:10.000Z","volume":100,"label":" ","price":95},{"type":"B","date":"2018-04-26T07:50:13.000Z","volume":200,"label":" ","price":95},{"type":"A","date":"2018-04-26T07:50:13.000Z","volume":100,"label":" ","price":95},{"type":"A","date":"2018-04-26T07:50:13.000Z","volume":800,"label":" ","price":95},{"type":"A","date":"2018-04-26T07:50:13.000Z","volume":100,"label":" ","price":95},{"type":"A","date":"2018-04-26T07:50:15.000Z","volume":200,"label":" ","price":95.05},{"type":"B","date":"2018-04-26T07:50:17.000Z","volume":300,"label":" ","price":95},{"type":"A","date":"2018-04-26T07:50:17.000Z","volume":100,"label":" ","price":95},{"type":"A","date":"2018-04-26T07:50:17.000Z","volume":600,"label":" ","price":95},{"type":"A","date":"2018-04-26T07:50:19.000Z","volume":100,"label":" ","price":95.05},{"type":"B","date":"2018-04-26T07:50:21.000Z","volume":300,"label":" ","price":95},{"type":"A","date":"2018-04-26T07:50:21.000Z","volume":700,"label":" ","price":95},{"type":"A","date":"2018-04-26T07:50:23.000Z","volume":200,"label":" ","price":95.05},{"type":"B","date":"2018-04-26T07:50:44.000Z","volume":100,"label":" ","price":95},{"type":"A","date":"2018-04-26T07:50:47.000Z","volume":300,"label":" ","price":95.05},{"type":"B","date":"2018-04-26T07:50:48.000Z","volume":1200,"label":" ","price":95},{"type":"A","date":"2018-04-26T07:50:48.000Z","volume":100,"label":" ","price":95.05},{"type":"A","date":"2018-04-26T07:51:25.000Z","volume":300,"label":" ","price":95.05},{"type":"A","date":"2018-04-26T07:51:27.000Z","volume":100,"label":" ","price":95.05},{"type":"A","date":"2018-04-26T07:51:33.000Z","volume":100,"label":" ","price":95.05},{"type":"A","date":"2018-04-26T07:51:42.000Z","volume":300,"label":" ","price":95.05},{"type":"B","date":"2018-04-26T07:51:50.000Z","volume":1600,"label":" ","price":95},{"type":"B","date":"2018-04-26T07:51:50.000Z","volume":100,"label":" ","price":95},{"type":"A","date":"2018-04-26T07:51:52.000Z","volume":100,"label":" ","price":95.05},{"type":"A","date":"2018-04-26T07:52:26.000Z","volume":200,"label":" ","price":95.05},{"type":"B","date":"2018-04-26T07:52:45.000Z","volume":1100,"label":" ","price":95},{"type":"B","date":"2018-04-26T07:52:45.000Z","volume":100,"label":" ","price":95},{"type":"A","date":"2018-04-26T07:52:47.000Z","volume":100,"label":" ","price":95.05},{"type":"A","date":"2018-04-26T07:53:17.000Z","volume":300,"label":" ","price":95.05},{"type":"A","date":"2018-04-26T07:53:37.000Z","volume":300,"label":" ","price":95.05},{"type":"A","date":"2018-04-26T07:53:39.000Z","volume":100,"label":" ","price":95.05},{"type":"A","date":"2018-04-26T07:53:57.000Z","volume":300,"label":" ","price":95.05},{"type":"A","date":"2018-04-26T07:54:17.000Z","volume":300,"label":" ","price":95.05},{"type":"A","date":"2018-04-26T07:54:19.000Z","volume":100,"label":" ","price":95.05},{"type":"A","date":"2018-04-26T07:54:32.000Z","volume":500,"label":" ","price":95.05},{"type":"A","date":"2018-04-26T07:54:37.000Z","volume":300,"label":" ","price":95.05},{"type":"A","date":"2018-04-26T07:54:37.000Z","volume":100,"label":" ","price":95.05},{"type":"A","date":"2018-04-26T07:54:53.000Z","volume":100,"label":" ","price":95.05},{"type":"A","date":"2018-04-26T07:54:57.000Z","volume":200,"label":" ","price":95.05},{"type":"A","date":"2018-04-26T07:55:07.000Z","volume":200,"label":" ","price":95.05},{"type":"A","date":"2018-04-26T07:55:07.000Z","volume":100,"label":" ","price":95.05},{"type":"A","date":"2018-04-26T07:55:17.000Z","volume":200,"label":" ","price":95.05},{"type":"A","date":"2018-04-26T07:55:19.000Z","volume":200,"label":" ","price":95.05},{"type":"A","date":"2018-04-26T07:55:25.000Z","volume":400,"label":" ","price":95.05},{"type":"A","date":"2018-04-26T07:55:25.000Z","volume":100,"label":" ","price":95.05},{"type":"A","date":"2018-04-26T07:55:27.000Z","volume":200,"label":" ","price":95.05},{"type":"A","date":"2018-04-26T07:55:33.000Z","volume":100,"label":" ","price":95.05},{"type":"A","date":"2018-04-26T07:55:45.000Z","volume":300,"label":" ","price":95.05},{"type":"A","date":"2018-04-26T07:55:45.000Z","volume":400,"label":" ","price":95.05},{"type":"A","date":"2018-04-26T07:55:46.000Z","volume":100,"label":" ","price":95.05},{"type":"A","date":"2018-04-26T07:55:57.000Z","volume":200,"label":" ","price":95.05},{"type":"A","date":"2018-04-26T07:55:57.000Z","volume":100,"label":" ","price":95.05},{"type":"A","date":"2018-04-26T07:56:04.000Z","volume":3000,"label":" ","price":95.05},{"type":"A","date":"2018-04-26T07:56:04.000Z","volume":1200,"label":" ","price":95.05},{"type":"A","date":"2018-04-26T07:56:06.000Z","volume":600,"label":" ","price":95.1},{"type":"A","date":"2018-04-26T07:56:07.000Z","volume":200,"label":" ","price":95.1},{"type":"A","date":"2018-04-26T07:56:08.000Z","volume":100,"label":" ","price":95.1},{"type":"A","date":"2018-04-26T07:56:12.000Z","volume":200,"label":" ","price":95.1},{"type":"A","date":"2018-04-26T07:56:13.000Z","volume":400,"label":" ","price":95.1},{"type":"A","date":"2018-04-26T07:56:14.000Z","volume":100,"label":" ","price":95.1},{"type":"A","date":"2018-04-26T07:56:21.000Z","volume":200,"label":" ","price":95.1},{"type":"A","date":"2018-04-26T07:56:29.000Z","volume":200,"label":" ","price":95.1},{"type":"A","date":"2018-04-26T07:56:32.000Z","volume":100,"label":" ","price":95.1},{"type":"A","date":"2018-04-26T07:56:37.000Z","volume":300,"label":" ","price":95.1},{"type":"A","date":"2018-04-26T07:56:37.000Z","volume":100,"label":" ","price":95.1},{"type":"A","date":"2018-04-26T07:56:39.000Z","volume":300,"label":" ","price":95.1},{"type":"A","date":"2018-04-26T07:56:39.000Z","volume":500,"label":" ","price":95.1},{"type":"A","date":"2018-04-26T07:56:39.000Z","volume":100,"label":" ","price":95.1},{"type":"A","date":"2018-04-26T07:56:47.000Z","volume":300,"label":" ","price":95.1},{"type":"A","date":"2018-04-26T07:56:47.000Z","volume":1700,"label":" ","price":95.1},{"type":"A","date":"2018-04-26T07:56:49.000Z","volume":300,"label":" ","price":95.15},{"type":"A","date":"2018-04-26T07:56:49.000Z","volume":200,"label":" ","price":95.15},{"type":"A","date":"2018-04-26T07:57:06.000Z","volume":300,"label":" ","price":95.25},{"type":"A","date":"2018-04-26T07:57:08.000Z","volume":600,"label":" ","price":95.25},{"type":"A","date":"2018-04-26T07:57:08.000Z","volume":200,"label":" ","price":95.25},{"type":"A","date":"2018-04-26T07:57:16.000Z","volume":200,"label":" ","price":95.25},{"type":"A","date":"2018-04-26T07:57:27.000Z","volume":300,"label":" ","price":95.2},{"type":"A","date":"2018-04-26T07:57:27.000Z","volume":100,"label":" ","price":95.2},{"type":"A","date":"2018-04-26T07:57:37.000Z","volume":300,"label":" ","price":95.2},{"type":"A","date":"2018-04-26T07:57:47.000Z","volume":400,"label":" ","price":95.2},{"type":"A","date":"2018-04-26T07:57:49.000Z","volume":100,"label":" ","price":95.2},{"type":"A","date":"2018-04-26T07:57:52.000Z","volume":200,"label":" ","price":95.2},{"type":"A","date":"2018-04-26T07:57:52.000Z","volume":200,"label":" ","price":95.2},{"type":"A","date":"2018-04-26T07:58:07.000Z","volume":200,"label":" ","price":95.2},{"type":"A","date":"2018-04-26T07:58:07.000Z","volume":100,"label":" ","price":95.2},{"type":"A","date":"2018-04-26T07:58:12.000Z","volume":300,"label":" ","price":95.2},{"type":"A","date":"2018-04-26T07:58:12.000Z","volume":600,"label":" ","price":95.2},{"type":"A","date":"2018-04-26T07:58:12.000Z","volume":100,"label":" ","price":95.2},{"type":"A","date":"2018-04-26T07:58:13.000Z","volume":100,"label":" ","price":95.25},{"type":"A","date":"2018-04-26T07:58:27.000Z","volume":400,"label":" ","price":95.25},{"type":"A","date":"2018-04-26T07:58:27.000Z","volume":100,"label":" ","price":95.25},{"type":"A","date":"2018-04-26T07:58:31.000Z","volume":200,"label":" ","price":95.25},{"type":"A","date":"2018-04-26T07:58:37.000Z","volume":100,"label":" ","price":95.2},{"type":"B","date":"2018-04-26T07:58:38.000Z","volume":200,"label":" ","price":95.1},{"type":"A","date":"2018-04-26T07:58:39.000Z","volume":100,"label":" ","price":95.2},{"type":"A","date":"2018-04-26T07:58:47.000Z","volume":200,"label":" ","price":95.25},{"type":"A","date":"2018-04-26T07:58:47.000Z","volume":100,"label":" ","price":95.25},{"type":"B","date":"2018-04-26T07:58:48.000Z","volume":100,"label":" ","price":95.1},{"type":"A","date":"2018-04-26T07:58:57.000Z","volume":200,"label":" ","price":95.3},{"type":"A","date":"2018-04-26T07:58:57.000Z","volume":300,"label":" ","price":95.3},{"type":"A","date":"2018-04-26T07:58:59.000Z","volume":100,"label":" ","price":95.3},{"type":"U","date":"2018-04-26T07:59:14.000Z","volume":400,"label":"Y","price":95.25},{"type":"A","date":"2018-04-26T07:59:14.000Z","volume":200,"label":" ","price":95.3},{"type":"B","date":"2018-04-26T07:59:14.000Z","volume":200,"label":" ","price":95.1},{"type":"A","date":"2018-04-26T07:59:24.000Z","volume":300,"label":" ","price":95.25},{"type":"B","date":"2018-04-26T07:59:24.000Z","volume":100,"label":" ","price":95.1},{"type":"A","date":"2018-04-26T07:59:29.000Z","volume":100,"label":"Y","price":95.25},{"type":"B","date":"2018-04-26T07:59:29.000Z","volume":100,"label":" ","price":95.1},{"type":"B","date":"2018-04-26T07:59:30.000Z","volume":100,"label":" ","price":95.1},{"type":"A","date":"2018-04-26T07:59:30.000Z","volume":400,"label":" ","price":95.25},{"type":"A","date":"2018-04-26T07:59:32.000Z","volume":100,"label":" ","price":95.25},{"type":"B","date":"2018-04-26T07:59:32.000Z","volume":100,"label":" ","price":95.1},{"type":"B","date":"2018-04-26T07:59:50.000Z","volume":100,"label":" ","price":95.1},{"type":"B","date":"2018-04-26T07:59:51.000Z","volume":100,"label":"Y","price":95.1},{"type":"B","date":"2018-04-26T07:59:55.000Z","volume":200,"label":" ","price":95.1},{"type":"U","date":"2018-04-26T08:08:16.000Z","volume":32400,"label":"U","price":95.3}]