[{"type":"A","date":"2018-03-29T01:45:11.000Z","volume":560000,"label":" ","price":0.087},{"type":"B","date":"2018-03-29T01:49:56.000Z","volume":14000,"label":" ","price":0.087},{"type":"B","date":"2018-03-29T01:49:56.000Z","volume":486000,"label":" ","price":0.086},{"type":"B","date":"2018-03-29T01:52:55.000Z","volume":200000,"label":" ","price":0.085},{"type":"A","date":"2018-03-29T02:01:49.000Z","volume":20000,"label":" ","price":0.086},{"type":"B","date":"2018-03-29T02:10:57.000Z","volume":16000,"label":" ","price":0.086},{"type":"B","date":"2018-03-29T02:34:35.000Z","volume":56000,"label":" ","price":0.086},{"type":"B","date":"2018-03-29T02:37:13.000Z","volume":100000,"label":"Y","price":0.085},{"type":"B","date":"2018-03-29T02:37:13.000Z","volume":188000,"label":" ","price":0.085},{"type":"B","date":"2018-03-29T02:39:42.000Z","volume":56000,"label":" ","price":0.085},{"type":"B","date":"2018-03-29T02:54:40.000Z","volume":1000000,"label":" ","price":0.086},{"type":"B","date":"2018-03-29T05:00:02.000Z","volume":100000,"label":" ","price":0.085},{"type":"B","date":"2018-03-29T05:03:54.000Z","volume":200000,"label":" ","price":0.085},{"type":"A","date":"2018-03-29T05:05:54.000Z","volume":3162000,"label":" ","price":0.086},{"type":"A","date":"2018-03-29T05:05:54.000Z","volume":988000,"label":" ","price":0.086},{"type":"B","date":"2018-03-29T05:06:47.000Z","volume":2000,"label":" ","price":0.085},{"type":"B","date":"2018-03-29T05:46:26.000Z","volume":72000,"label":" ","price":0.085},{"type":"B","date":"2018-03-29T05:56:52.000Z","volume":196000,"label":" ","price":0.085},{"type":"B","date":"2018-03-29T05:56:52.000Z","volume":200000,"label":" ","price":0.085},{"type":"B","date":"2018-03-29T06:20:58.000Z","volume":100000,"label":" ","price":0.085},{"type":"A","date":"2018-03-29T06:33:19.000Z","volume":530000,"label":" ","price":0.086},{"type":"A","date":"2018-03-29T06:33:19.000Z","volume":300000,"label":" ","price":0.086},{"type":"A","date":"2018-03-29T06:33:19.000Z","volume":558000,"label":" ","price":0.086},{"type":"A","date":"2018-03-29T06:55:10.000Z","volume":300000,"label":" ","price":0.086},{"type":"A","date":"2018-03-29T07:04:20.000Z","volume":110000,"label":" ","price":0.086},{"type":"A","date":"2018-03-29T07:10:14.000Z","volume":890000,"label":" ","price":0.088},{"type":"A","date":"2018-03-29T07:10:14.000Z","volume":500000,"label":" ","price":0.089},{"type":"A","date":"2018-03-29T07:10:14.000Z","volume":4120000,"label":"Y","price":0.09},{"type":"A","date":"2018-03-29T07:10:14.000Z","volume":490000,"label":" ","price":0.09},{"type":"A","date":"2018-03-29T07:34:10.000Z","volume":120000,"label":"Y","price":0.09},{"type":"A","date":"2018-03-29T07:34:10.000Z","volume":2096000,"label":" ","price":0.09},{"type":"B","date":"2018-03-29T07:36:15.000Z","volume":52000,"label":" ","price":0.09},{"type":"B","date":"2018-03-29T07:38:31.000Z","volume":4000,"label":" ","price":0.09},{"type":"B","date":"2018-03-29T07:49:32.000Z","volume":100000,"label":" ","price":0.09},{"type":"B","date":"2018-03-29T07:49:36.000Z","volume":100000,"label":" ","price":0.09},{"type":"B","date":"2018-03-29T07:50:59.000Z","volume":30000,"label":" ","price":0.09},{"type":"B","date":"2018-03-29T07:52:09.000Z","volume":300000,"label":" ","price":0.09},{"type":"B","date":"2018-03-29T07:55:39.000Z","volume":40000,"label":" ","price":0.09},{"type":"B","date":"2018-03-29T07:56:01.000Z","volume":1000000,"label":" ","price":0.09},{"type":"B","date":"2018-03-29T07:59:09.000Z","volume":300000,"label":"Y","price":0.09}]