[{"type":"A","date":"2018-04-06T03:27:25.000Z","volume":2000,"label":" ","price":0.138},{"type":"A","date":"2018-04-06T05:00:04.000Z","volume":10000,"label":" ","price":0.138},{"type":"B","date":"2018-04-06T05:10:46.000Z","volume":126000,"label":" ","price":0.134},{"type":"B","date":"2018-04-06T05:57:14.000Z","volume":160000,"label":" ","price":0.133},{"type":"A","date":"2018-04-06T07:22:01.000Z","volume":398000,"label":" ","price":0.133},{"type":"A","date":"2018-04-06T07:27:11.000Z","volume":100000,"label":" ","price":0.134},{"type":"A","date":"2018-04-06T07:27:11.000Z","volume":300000,"label":" ","price":0.134},{"type":"A","date":"2018-04-06T07:27:27.000Z","volume":100000,"label":" ","price":0.134},{"type":"A","date":"2018-04-06T07:27:30.000Z","volume":290000,"label":" ","price":0.134},{"type":"B","date":"2018-04-06T07:36:43.000Z","volume":52000,"label":" ","price":0.133},{"type":"B","date":"2018-04-06T07:37:28.000Z","volume":864000,"label":" ","price":0.133},{"type":"B","date":"2018-04-06T07:42:07.000Z","volume":700000,"label":" ","price":0.133},{"type":"B","date":"2018-04-06T07:48:41.000Z","volume":300000,"label":" ","price":0.133},{"type":"A","date":"2018-04-06T07:48:41.000Z","volume":100000,"label":" ","price":0.133},{"type":"A","date":"2018-04-06T07:48:51.000Z","volume":20000,"label":" ","price":0.133},{"type":"A","date":"2018-04-06T07:48:56.000Z","volume":80000,"label":" ","price":0.133},{"type":"B","date":"2018-04-06T07:50:00.000Z","volume":80000,"label":" ","price":0.133},{"type":"A","date":"2018-04-06T07:50:00.000Z","volume":100000,"label":" ","price":0.133},{"type":"A","date":"2018-04-06T07:50:15.000Z","volume":100000,"label":" ","price":0.133},{"type":"A","date":"2018-04-06T07:50:31.000Z","volume":100000,"label":" ","price":0.133},{"type":"A","date":"2018-04-06T07:50:46.000Z","volume":8000,"label":" ","price":0.133},{"type":"A","date":"2018-04-06T07:50:47.000Z","volume":20000,"label":" ","price":0.133},{"type":"A","date":"2018-04-06T07:50:47.000Z","volume":92000,"label":" ","price":0.133},{"type":"A","date":"2018-04-06T07:54:43.000Z","volume":100000,"label":" ","price":0.134},{"type":"B","date":"2018-04-06T07:55:58.000Z","volume":2000,"label":" ","price":0.135},{"type":"B","date":"2018-04-06T07:56:18.000Z","volume":2000,"label":" ","price":0.135}]