[{"type":"A","date":"2018-04-12T02:04:49.000Z","volume":10000,"label":" ","price":0.095},{"type":"A","date":"2018-04-12T02:42:19.000Z","volume":150000,"label":" ","price":0.097},{"type":"B","date":"2018-04-12T03:04:04.000Z","volume":500000,"label":" ","price":0.095},{"type":"B","date":"2018-04-12T03:04:04.000Z","volume":140000,"label":" ","price":0.095},{"type":"B","date":"2018-04-12T03:05:10.000Z","volume":10000,"label":" ","price":0.093},{"type":"A","date":"2018-04-12T03:05:41.000Z","volume":360000,"label":" ","price":0.095},{"type":"A","date":"2018-04-12T03:05:41.000Z","volume":340000,"label":" ","price":0.096},{"type":"A","date":"2018-04-12T03:05:41.000Z","volume":260000,"label":" ","price":0.097},{"type":"A","date":"2018-04-12T03:07:55.000Z","volume":500000,"label":" ","price":0.095},{"type":"B","date":"2018-04-12T03:07:55.000Z","volume":500000,"label":" ","price":0.095},{"type":"B","date":"2018-04-12T03:07:55.000Z","volume":500000,"label":" ","price":0.095},{"type":"B","date":"2018-04-12T03:07:55.000Z","volume":500000,"label":" ","price":0.095},{"type":"A","date":"2018-04-12T03:09:53.000Z","volume":500000,"label":" ","price":0.095},{"type":"B","date":"2018-04-12T03:09:53.000Z","volume":500000,"label":" ","price":0.095},{"type":"A","date":"2018-04-12T03:10:37.000Z","volume":510000,"label":" ","price":0.095},{"type":"B","date":"2018-04-12T03:10:37.000Z","volume":490000,"label":" ","price":0.095},{"type":"A","date":"2018-04-12T03:13:18.000Z","volume":10000,"label":" ","price":0.095},{"type":"B","date":"2018-04-12T03:13:18.000Z","volume":500000,"label":" ","price":0.095},{"type":"B","date":"2018-04-12T03:13:18.000Z","volume":10000,"label":" ","price":0.095},{"type":"A","date":"2018-04-12T03:14:16.000Z","volume":490000,"label":" ","price":0.095},{"type":"B","date":"2018-04-12T03:14:16.000Z","volume":60000,"label":" ","price":0.095},{"type":"A","date":"2018-04-12T03:14:38.000Z","volume":440000,"label":" ","price":0.095},{"type":"B","date":"2018-04-12T03:14:38.000Z","volume":500000,"label":" ","price":0.095},{"type":"A","date":"2018-04-12T03:16:29.000Z","volume":500000,"label":" ","price":0.096},{"type":"A","date":"2018-04-12T03:21:19.000Z","volume":500000,"label":" ","price":0.097},{"type":"A","date":"2018-04-12T03:23:59.000Z","volume":20000,"label":" ","price":0.097},{"type":"A","date":"2018-04-12T03:26:27.000Z","volume":790000,"label":" ","price":0.098},{"type":"B","date":"2018-04-12T03:27:43.000Z","volume":20000,"label":" ","price":0.098},{"type":"A","date":"2018-04-12T03:30:07.000Z","volume":280000,"label":" ","price":0.1},{"type":"A","date":"2018-04-12T03:30:07.000Z","volume":100000,"label":"Y","price":0.102},{"type":"A","date":"2018-04-12T03:30:07.000Z","volume":240000,"label":" ","price":0.102},{"type":"A","date":"2018-04-12T03:30:07.000Z","volume":280000,"label":" ","price":0.103},{"type":"A","date":"2018-04-12T03:30:07.000Z","volume":100000,"label":" ","price":0.103},{"type":"B","date":"2018-04-12T03:35:10.000Z","volume":10000,"label":" ","price":0.099},{"type":"B","date":"2018-04-12T03:40:11.000Z","volume":30000,"label":" ","price":0.1},{"type":"B","date":"2018-04-12T03:45:13.000Z","volume":10000,"label":" ","price":0.1},{"type":"B","date":"2018-04-12T03:50:16.000Z","volume":10000,"label":" ","price":0.1},{"type":"A","date":"2018-04-12T03:51:10.000Z","volume":400000,"label":" ","price":0.102},{"type":"A","date":"2018-04-12T03:54:53.000Z","volume":170000,"label":" ","price":0.103},{"type":"A","date":"2018-04-12T03:54:53.000Z","volume":2100000,"label":"Y","price":0.104},{"type":"A","date":"2018-04-12T03:54:53.000Z","volume":280000,"label":" ","price":0.104},{"type":"A","date":"2018-04-12T03:54:53.000Z","volume":950000,"label":" ","price":0.105},{"type":"A","date":"2018-04-12T03:55:33.000Z","volume":180000,"label":" ","price":0.105},{"type":"A","date":"2018-04-12T03:55:50.000Z","volume":500000,"label":" ","price":0.106},{"type":"A","date":"2018-04-12T03:55:52.000Z","volume":10000,"label":" ","price":0.106},{"type":"B","date":"2018-04-12T03:56:45.000Z","volume":200000,"label":" ","price":0.106},{"type":"A","date":"2018-04-12T05:00:09.000Z","volume":270000,"label":" ","price":0.106},{"type":"A","date":"2018-04-12T05:00:15.000Z","volume":360000,"label":" ","price":0.105},{"type":"A","date":"2018-04-12T05:00:15.000Z","volume":30000,"label":" ","price":0.106},{"type":"B","date":"2018-04-12T05:00:46.000Z","volume":110000,"label":" ","price":0.106},{"type":"A","date":"2018-04-12T05:01:12.000Z","volume":70000,"label":" ","price":0.106},{"type":"B","date":"2018-04-12T05:14:03.000Z","volume":200000,"label":" ","price":0.103},{"type":"B","date":"2018-04-12T05:20:28.000Z","volume":20000,"label":" ","price":0.103},{"type":"B","date":"2018-04-12T05:20:32.000Z","volume":80000,"label":" ","price":0.103},{"type":"A","date":"2018-04-12T05:24:19.000Z","volume":100000,"label":" ","price":0.106},{"type":"A","date":"2018-04-12T05:24:38.000Z","volume":700000,"label":" ","price":0.106},{"type":"A","date":"2018-04-12T05:27:14.000Z","volume":300000,"label":" ","price":0.105},{"type":"A","date":"2018-04-12T05:28:18.000Z","volume":600000,"label":" ","price":0.106},{"type":"B","date":"2018-04-12T05:32:33.000Z","volume":70000,"label":" ","price":0.103},{"type":"B","date":"2018-04-12T05:36:03.000Z","volume":100000,"label":" ","price":0.103},{"type":"B","date":"2018-04-12T05:39:33.000Z","volume":100000,"label":" ","price":0.103},{"type":"B","date":"2018-04-12T05:43:03.000Z","volume":70000,"label":" ","price":0.103},{"type":"A","date":"2018-04-12T05:43:25.000Z","volume":1000000,"label":" ","price":0.106},{"type":"A","date":"2018-04-12T05:43:38.000Z","volume":50000,"label":" ","price":0.106},{"type":"B","date":"2018-04-12T05:45:20.000Z","volume":10000,"label":" ","price":0.103},{"type":"B","date":"2018-04-12T05:45:54.000Z","volume":200000,"label":" ","price":0.103},{"type":"B","date":"2018-04-12T05:50:16.000Z","volume":50000,"label":" ","price":0.102},{"type":"B","date":"2018-04-12T05:50:23.000Z","volume":20000,"label":" ","price":0.102},{"type":"B","date":"2018-04-12T05:55:19.000Z","volume":10000,"label":" ","price":0.102},{"type":"B","date":"2018-04-12T06:00:20.000Z","volume":40000,"label":" ","price":0.102},{"type":"A","date":"2018-04-12T06:00:52.000Z","volume":10000,"label":" ","price":0.106},{"type":"B","date":"2018-04-12T06:04:04.000Z","volume":80000,"label":" ","price":0.102},{"type":"B","date":"2018-04-12T06:05:26.000Z","volume":10000,"label":" ","price":0.101},{"type":"B","date":"2018-04-12T06:06:34.000Z","volume":100000,"label":" ","price":0.101},{"type":"B","date":"2018-04-12T06:10:04.000Z","volume":100000,"label":" ","price":0.102},{"type":"B","date":"2018-04-12T06:13:34.000Z","volume":70000,"label":" ","price":0.102},{"type":"B","date":"2018-04-12T06:15:28.000Z","volume":20000,"label":" ","price":0.102},{"type":"B","date":"2018-04-12T06:16:04.000Z","volume":90000,"label":" ","price":0.102},{"type":"B","date":"2018-04-12T06:19:34.000Z","volume":80000,"label":" ","price":0.102},{"type":"B","date":"2018-04-12T06:20:22.000Z","volume":20000,"label":" ","price":0.102},{"type":"B","date":"2018-04-12T06:22:04.000Z","volume":20000,"label":" ","price":0.102},{"type":"B","date":"2018-04-12T06:23:05.000Z","volume":90000,"label":" ","price":0.101},{"type":"B","date":"2018-04-12T06:25:27.000Z","volume":30000,"label":" ","price":0.102},{"type":"B","date":"2018-04-12T06:26:05.000Z","volume":90000,"label":" ","price":0.102},{"type":"B","date":"2018-04-12T06:29:35.000Z","volume":70000,"label":" ","price":0.102},{"type":"B","date":"2018-04-12T06:30:28.000Z","volume":10000,"label":" ","price":0.101},{"type":"B","date":"2018-04-12T06:31:32.000Z","volume":20000,"label":" ","price":0.101},{"type":"B","date":"2018-04-12T06:32:07.000Z","volume":90000,"label":" ","price":0.101},{"type":"B","date":"2018-04-12T06:35:07.000Z","volume":100000,"label":" ","price":0.101},{"type":"B","date":"2018-04-12T06:39:07.000Z","volume":50000,"label":" ","price":0.101},{"type":"B","date":"2018-04-12T06:40:19.000Z","volume":20000,"label":" ","price":0.1},{"type":"B","date":"2018-04-12T06:40:38.000Z","volume":90000,"label":" ","price":0.1},{"type":"B","date":"2018-04-12T06:44:08.000Z","volume":100000,"label":" ","price":0.1},{"type":"B","date":"2018-04-12T06:47:38.000Z","volume":80000,"label":" ","price":0.1},{"type":"B","date":"2018-04-12T06:50:38.000Z","volume":70000,"label":" ","price":0.1},{"type":"B","date":"2018-04-12T06:53:08.000Z","volume":80000,"label":" ","price":0.1},{"type":"B","date":"2018-04-12T06:55:19.000Z","volume":10000,"label":" ","price":0.1},{"type":"B","date":"2018-04-12T06:56:08.000Z","volume":90000,"label":" ","price":0.1},{"type":"B","date":"2018-04-12T06:59:08.000Z","volume":80000,"label":" ","price":0.1},{"type":"B","date":"2018-04-12T07:02:08.000Z","volume":90000,"label":" ","price":0.1},{"type":"B","date":"2018-04-12T07:05:39.000Z","volume":80000,"label":" ","price":0.1},{"type":"B","date":"2018-04-12T07:07:38.000Z","volume":50000,"label":" ","price":0.1},{"type":"B","date":"2018-04-12T07:08:09.000Z","volume":70000,"label":" ","price":0.1},{"type":"B","date":"2018-04-12T07:10:39.000Z","volume":100000,"label":" ","price":0.1},{"type":"B","date":"2018-04-12T07:14:39.000Z","volume":100000,"label":" ","price":0.1},{"type":"B","date":"2018-04-12T07:15:20.000Z","volume":10000,"label":" ","price":0.1},{"type":"B","date":"2018-04-12T07:18:09.000Z","volume":80000,"label":" ","price":0.1},{"type":"B","date":"2018-04-12T07:21:09.000Z","volume":90000,"label":" ","price":0.1},{"type":"B","date":"2018-04-12T07:24:09.000Z","volume":100000,"label":" ","price":0.1},{"type":"B","date":"2018-04-12T07:27:39.000Z","volume":80000,"label":" ","price":0.1},{"type":"B","date":"2018-04-12T07:30:26.000Z","volume":10000,"label":" ","price":0.1},{"type":"B","date":"2018-04-12T07:30:39.000Z","volume":80000,"label":" ","price":0.1},{"type":"B","date":"2018-04-12T07:33:09.000Z","volume":70000,"label":" ","price":0.1},{"type":"B","date":"2018-04-12T07:35:39.000Z","volume":100000,"label":" ","price":0.1},{"type":"B","date":"2018-04-12T07:39:10.000Z","volume":100000,"label":" ","price":0.1},{"type":"B","date":"2018-04-12T07:41:40.000Z","volume":80000,"label":" ","price":0.1},{"type":"B","date":"2018-04-12T07:43:10.000Z","volume":70000,"label":" ","price":0.1},{"type":"B","date":"2018-04-12T07:44:10.000Z","volume":100000,"label":" ","price":0.1},{"type":"B","date":"2018-04-12T07:45:28.000Z","volume":10000,"label":" ","price":0.1},{"type":"B","date":"2018-04-12T07:46:10.000Z","volume":80000,"label":" ","price":0.1},{"type":"A","date":"2018-04-12T07:46:36.000Z","volume":100000,"label":" ","price":0.102},{"type":"B","date":"2018-04-12T07:47:10.000Z","volume":80000,"label":" ","price":0.1},{"type":"B","date":"2018-04-12T07:48:40.000Z","volume":90000,"label":" ","price":0.1},{"type":"B","date":"2018-04-12T07:50:18.000Z","volume":10000,"label":" ","price":0.1},{"type":"B","date":"2018-04-12T07:52:11.000Z","volume":500000,"label":" ","price":0.1},{"type":"B","date":"2018-04-12T07:52:12.000Z","volume":20000,"label":" ","price":0.1},{"type":"B","date":"2018-04-12T07:53:12.000Z","volume":40000,"label":" ","price":0.1},{"type":"B","date":"2018-04-12T07:54:12.000Z","volume":40000,"label":" ","price":0.101},{"type":"B","date":"2018-04-12T07:55:23.000Z","volume":10000,"label":" ","price":0.099},{"type":"A","date":"2018-04-12T07:56:43.000Z","volume":350000,"label":" ","price":0.1},{"type":"B","date":"2018-04-12T07:58:00.000Z","volume":10000,"label":" ","price":0.1},{"type":"B","date":"2018-04-12T07:59:02.000Z","volume":140000,"label":" ","price":0.1},{"type":"B","date":"2018-04-12T07:59:02.000Z","volume":40000,"label":" ","price":0.1},{"type":"B","date":"2018-04-12T07:59:27.000Z","volume":10000,"label":" ","price":0.099},{"type":"A","date":"2018-04-12T07:59:42.000Z","volume":10000,"label":" ","price":0.1},{"type":"B","date":"2018-04-12T07:59:48.000Z","volume":120000,"label":" ","price":0.099},{"type":"B","date":"2018-04-12T07:59:52.000Z","volume":10000,"label":" ","price":0.099}]