[{"type":"U","date":"2018-03-27T01:20:00.000Z","volume":2000,"label":"U","price":20.95},{"type":"A","date":"2018-03-27T01:30:02.000Z","volume":5000,"label":" ","price":21},{"type":"A","date":"2018-03-27T01:30:04.000Z","volume":3000,"label":" ","price":21},{"type":"B","date":"2018-03-27T01:30:04.000Z","volume":1000,"label":" ","price":20.9},{"type":"B","date":"2018-03-27T01:30:06.000Z","volume":1000,"label":" ","price":20.9},{"type":"U","date":"2018-03-27T01:30:06.000Z","volume":1000,"label":" ","price":20.95},{"type":"B","date":"2018-03-27T01:30:07.000Z","volume":1000,"label":" ","price":20.95},{"type":"A","date":"2018-03-27T01:30:19.000Z","volume":1000,"label":" ","price":20.95},{"type":"A","date":"2018-03-27T01:30:19.000Z","volume":9000,"label":" ","price":21},{"type":"B","date":"2018-03-27T01:30:19.000Z","volume":1000,"label":" ","price":20.95},{"type":"A","date":"2018-03-27T01:30:23.000Z","volume":10000,"label":" ","price":21},{"type":"B","date":"2018-03-27T01:30:34.000Z","volume":1000,"label":" ","price":20.9},{"type":"A","date":"2018-03-27T01:31:35.000Z","volume":1000,"label":" ","price":21},{"type":"A","date":"2018-03-27T01:31:35.000Z","volume":1000,"label":" ","price":21},{"type":"A","date":"2018-03-27T01:33:40.000Z","volume":5000,"label":" ","price":21},{"type":"A","date":"2018-03-27T01:33:54.000Z","volume":2000,"label":" ","price":21.05},{"type":"B","date":"2018-03-27T01:34:05.000Z","volume":1000,"label":"Y","price":21},{"type":"B","date":"2018-03-27T01:34:08.000Z","volume":4000,"label":" ","price":21},{"type":"B","date":"2018-03-27T01:34:19.000Z","volume":1000,"label":" ","price":20.95},{"type":"A","date":"2018-03-27T01:36:00.000Z","volume":1000,"label":" ","price":21},{"type":"A","date":"2018-03-27T01:37:09.000Z","volume":1000,"label":" ","price":21},{"type":"A","date":"2018-03-27T01:43:30.000Z","volume":2000,"label":" ","price":21},{"type":"A","date":"2018-03-27T01:43:30.000Z","volume":1000,"label":" ","price":21},{"type":"A","date":"2018-03-27T01:50:49.000Z","volume":1000,"label":" ","price":21},{"type":"A","date":"2018-03-27T01:51:10.000Z","volume":2000,"label":" ","price":21},{"type":"A","date":"2018-03-27T01:51:40.000Z","volume":1000,"label":" ","price":21},{"type":"B","date":"2018-03-27T01:51:49.000Z","volume":1000,"label":" ","price":20.95},{"type":"A","date":"2018-03-27T01:53:39.000Z","volume":30000,"label":" ","price":21},{"type":"A","date":"2018-03-27T01:53:39.000Z","volume":5000,"label":" ","price":21},{"type":"A","date":"2018-03-27T01:53:39.000Z","volume":1000,"label":" ","price":21.05},{"type":"A","date":"2018-03-27T01:53:42.000Z","volume":2000,"label":" ","price":21.05},{"type":"A","date":"2018-03-27T01:53:42.000Z","volume":1000,"label":" ","price":21.05},{"type":"A","date":"2018-03-27T01:53:55.000Z","volume":1000,"label":" ","price":21.05},{"type":"A","date":"2018-03-27T01:53:55.000Z","volume":1000,"label":" ","price":21.05},{"type":"A","date":"2018-03-27T01:54:30.000Z","volume":1000,"label":" ","price":21.05},{"type":"B","date":"2018-03-27T01:54:48.000Z","volume":8000,"label":" ","price":21},{"type":"A","date":"2018-03-27T01:54:48.000Z","volume":1000,"label":" ","price":21},{"type":"A","date":"2018-03-27T01:58:30.000Z","volume":1000,"label":" ","price":21},{"type":"B","date":"2018-03-27T01:58:41.000Z","volume":1000,"label":" ","price":20.95},{"type":"A","date":"2018-03-27T02:03:55.000Z","volume":2000,"label":" ","price":21},{"type":"A","date":"2018-03-27T02:05:30.000Z","volume":1000,"label":" ","price":21},{"type":"A","date":"2018-03-27T02:09:16.000Z","volume":2000,"label":" ","price":21},{"type":"A","date":"2018-03-27T02:11:14.000Z","volume":1000,"label":" ","price":21},{"type":"A","date":"2018-03-27T02:15:20.000Z","volume":1000,"label":" ","price":21},{"type":"B","date":"2018-03-27T02:18:51.000Z","volume":1000,"label":" ","price":20.95},{"type":"A","date":"2018-03-27T02:28:20.000Z","volume":1000,"label":" ","price":21},{"type":"A","date":"2018-03-27T02:28:20.000Z","volume":2000,"label":" ","price":21},{"type":"A","date":"2018-03-27T02:28:20.000Z","volume":1000,"label":" ","price":21},{"type":"A","date":"2018-03-27T02:31:26.000Z","volume":1000,"label":" ","price":21},{"type":"A","date":"2018-03-27T02:31:26.000Z","volume":1000,"label":" ","price":21},{"type":"B","date":"2018-03-27T02:36:20.000Z","volume":1000,"label":" ","price":20.95},{"type":"A","date":"2018-03-27T02:39:11.000Z","volume":3000,"label":" ","price":21},{"type":"A","date":"2018-03-27T02:42:11.000Z","volume":2000,"label":" ","price":21},{"type":"B","date":"2018-03-27T02:42:12.000Z","volume":1000,"label":" ","price":20.95},{"type":"A","date":"2018-03-27T02:42:25.000Z","volume":1000,"label":" ","price":21},{"type":"A","date":"2018-03-27T02:42:51.000Z","volume":1000,"label":" ","price":21},{"type":"A","date":"2018-03-27T02:43:08.000Z","volume":10000,"label":" ","price":21},{"type":"A","date":"2018-03-27T02:43:08.000Z","volume":1000,"label":" ","price":21},{"type":"A","date":"2018-03-27T02:43:21.000Z","volume":1000,"label":" ","price":21},{"type":"A","date":"2018-03-27T02:43:50.000Z","volume":13000,"label":" ","price":21},{"type":"A","date":"2018-03-27T02:43:50.000Z","volume":1000,"label":" ","price":21.05},{"type":"A","date":"2018-03-27T02:43:51.000Z","volume":1000,"label":" ","price":21.05},{"type":"B","date":"2018-03-27T02:43:52.000Z","volume":7000,"label":" ","price":21},{"type":"B","date":"2018-03-27T02:43:52.000Z","volume":1000,"label":" ","price":21},{"type":"A","date":"2018-03-27T02:43:58.000Z","volume":5000,"label":" ","price":21},{"type":"B","date":"2018-03-27T02:44:47.000Z","volume":41000,"label":" ","price":20.95},{"type":"A","date":"2018-03-27T02:48:20.000Z","volume":1000,"label":" ","price":20.95},{"type":"A","date":"2018-03-27T02:51:02.000Z","volume":2000,"label":" ","price":20.95},{"type":"A","date":"2018-03-27T02:53:53.000Z","volume":3000,"label":" ","price":20.95},{"type":"A","date":"2018-03-27T02:58:00.000Z","volume":1000,"label":" ","price":20.95},{"type":"A","date":"2018-03-27T02:59:19.000Z","volume":1000,"label":" ","price":20.95},{"type":"A","date":"2018-03-27T03:01:00.000Z","volume":1000,"label":" ","price":20.95},{"type":"A","date":"2018-03-27T03:03:00.000Z","volume":1000,"label":" ","price":20.95},{"type":"A","date":"2018-03-27T03:08:00.000Z","volume":1000,"label":" ","price":20.95},{"type":"A","date":"2018-03-27T03:08:18.000Z","volume":5000,"label":" ","price":20.95},{"type":"B","date":"2018-03-27T03:10:56.000Z","volume":1000,"label":" ","price":20.9},{"type":"B","date":"2018-03-27T03:10:57.000Z","volume":1000,"label":" ","price":20.9},{"type":"A","date":"2018-03-27T03:11:07.000Z","volume":4000,"label":" ","price":20.95},{"type":"B","date":"2018-03-27T03:11:09.000Z","volume":2000,"label":" ","price":20.9},{"type":"A","date":"2018-03-27T03:11:18.000Z","volume":1000,"label":" ","price":20.95},{"type":"A","date":"2018-03-27T03:13:30.000Z","volume":1000,"label":" ","price":20.95},{"type":"A","date":"2018-03-27T03:13:37.000Z","volume":1000,"label":" ","price":20.95},{"type":"A","date":"2018-03-27T03:14:57.000Z","volume":1000,"label":" ","price":20.95},{"type":"A","date":"2018-03-27T03:17:03.000Z","volume":17000,"label":" ","price":20.95},{"type":"A","date":"2018-03-27T03:19:00.000Z","volume":1000,"label":" ","price":21},{"type":"B","date":"2018-03-27T03:26:38.000Z","volume":11000,"label":" ","price":20.95},{"type":"A","date":"2018-03-27T03:34:30.000Z","volume":1000,"label":" ","price":21},{"type":"B","date":"2018-03-27T03:35:30.000Z","volume":1000,"label":" ","price":20.95},{"type":"B","date":"2018-03-27T03:35:59.000Z","volume":1000,"label":" ","price":20.95},{"type":"A","date":"2018-03-27T03:36:08.000Z","volume":1000,"label":" ","price":20.95},{"type":"A","date":"2018-03-27T03:36:08.000Z","volume":1000,"label":" ","price":21},{"type":"A","date":"2018-03-27T03:36:18.000Z","volume":1000,"label":" ","price":21},{"type":"A","date":"2018-03-27T03:40:00.000Z","volume":1000,"label":" ","price":21},{"type":"B","date":"2018-03-27T03:44:07.000Z","volume":1000,"label":" ","price":20.95},{"type":"B","date":"2018-03-27T03:51:43.000Z","volume":1000,"label":" ","price":20.95},{"type":"B","date":"2018-03-27T05:02:01.000Z","volume":1000,"label":" ","price":20.95},{"type":"B","date":"2018-03-27T05:04:04.000Z","volume":1000,"label":" ","price":20.95},{"type":"A","date":"2018-03-27T05:06:00.000Z","volume":1000,"label":" ","price":21},{"type":"B","date":"2018-03-27T05:09:07.000Z","volume":1000,"label":" ","price":20.95},{"type":"B","date":"2018-03-27T05:16:13.000Z","volume":1000,"label":" ","price":20.95},{"type":"B","date":"2018-03-27T05:16:14.000Z","volume":1000,"label":" ","price":20.95},{"type":"A","date":"2018-03-27T05:16:30.000Z","volume":1000,"label":" ","price":21},{"type":"B","date":"2018-03-27T05:21:21.000Z","volume":1000,"label":" ","price":20.95},{"type":"U","date":"2018-03-27T05:21:41.000Z","volume":418,"label":"D","price":21},{"type":"B","date":"2018-03-27T05:23:50.000Z","volume":1000,"label":" ","price":20.95},{"type":"A","date":"2018-03-27T05:24:20.000Z","volume":1000,"label":" ","price":21},{"type":"B","date":"2018-03-27T05:30:07.000Z","volume":11000,"label":" ","price":20.95},{"type":"B","date":"2018-03-27T05:30:07.000Z","volume":3000,"label":" ","price":20.95},{"type":"B","date":"2018-03-27T05:30:07.000Z","volume":1000,"label":" ","price":20.95},{"type":"A","date":"2018-03-27T05:30:07.000Z","volume":1000,"label":" ","price":21},{"type":"A","date":"2018-03-27T05:30:17.000Z","volume":1000,"label":" ","price":21},{"type":"A","date":"2018-03-27T05:30:30.000Z","volume":1000,"label":" ","price":21},{"type":"B","date":"2018-03-27T05:34:53.000Z","volume":1000,"label":" ","price":20.95},{"type":"A","date":"2018-03-27T05:34:53.000Z","volume":1000,"label":" ","price":21},{"type":"B","date":"2018-03-27T05:34:54.000Z","volume":1000,"label":" ","price":20.95},{"type":"B","date":"2018-03-27T05:36:48.000Z","volume":1000,"label":" ","price":20.95},{"type":"B","date":"2018-03-27T05:37:01.000Z","volume":1000,"label":" ","price":20.95},{"type":"B","date":"2018-03-27T05:37:06.000Z","volume":1000,"label":" ","price":20.95},{"type":"A","date":"2018-03-27T05:41:20.000Z","volume":1000,"label":" ","price":21},{"type":"B","date":"2018-03-27T05:45:08.000Z","volume":1000,"label":" ","price":20.95},{"type":"B","date":"2018-03-27T05:45:09.000Z","volume":1000,"label":" ","price":20.95},{"type":"A","date":"2018-03-27T05:45:17.000Z","volume":1000,"label":" ","price":21},{"type":"B","date":"2018-03-27T05:47:33.000Z","volume":1000,"label":" ","price":20.95},{"type":"B","date":"2018-03-27T05:47:44.000Z","volume":1000,"label":" ","price":20.95},{"type":"B","date":"2018-03-27T05:48:05.000Z","volume":1000,"label":" ","price":20.95},{"type":"B","date":"2018-03-27T05:50:19.000Z","volume":1000,"label":" ","price":20.95},{"type":"B","date":"2018-03-27T05:51:43.000Z","volume":1000,"label":" ","price":20.95},{"type":"B","date":"2018-03-27T05:51:44.000Z","volume":1000,"label":" ","price":20.95},{"type":"B","date":"2018-03-27T05:52:34.000Z","volume":1000,"label":" ","price":20.95},{"type":"B","date":"2018-03-27T05:54:26.000Z","volume":1000,"label":" ","price":20.95},{"type":"B","date":"2018-03-27T05:54:26.000Z","volume":1000,"label":" ","price":20.95},{"type":"A","date":"2018-03-27T05:55:01.000Z","volume":1000,"label":" ","price":21},{"type":"B","date":"2018-03-27T05:58:19.000Z","volume":1000,"label":" ","price":20.95},{"type":"B","date":"2018-03-27T06:02:10.000Z","volume":1000,"label":" ","price":20.95},{"type":"B","date":"2018-03-27T06:04:28.000Z","volume":1000,"label":" ","price":20.95},{"type":"B","date":"2018-03-27T06:04:29.000Z","volume":1000,"label":" ","price":20.95},{"type":"A","date":"2018-03-27T06:04:30.000Z","volume":1000,"label":" ","price":21},{"type":"B","date":"2018-03-27T06:05:57.000Z","volume":25000,"label":" ","price":20.95},{"type":"A","date":"2018-03-27T06:06:34.000Z","volume":1000,"label":" ","price":20.95},{"type":"A","date":"2018-03-27T06:09:35.000Z","volume":4000,"label":" ","price":20.95},{"type":"B","date":"2018-03-27T06:09:35.000Z","volume":1000,"label":" ","price":20.9},{"type":"A","date":"2018-03-27T06:09:51.000Z","volume":1000,"label":" ","price":20.95},{"type":"A","date":"2018-03-27T06:10:31.000Z","volume":3000,"label":" ","price":20.95},{"type":"A","date":"2018-03-27T06:10:31.000Z","volume":1000,"label":" ","price":20.95},{"type":"A","date":"2018-03-27T06:11:30.000Z","volume":1000,"label":" ","price":20.95},{"type":"A","date":"2018-03-27T06:19:00.000Z","volume":8000,"label":" ","price":20.95},{"type":"A","date":"2018-03-27T06:19:02.000Z","volume":1000,"label":" ","price":20.95},{"type":"A","date":"2018-03-27T06:19:02.000Z","volume":1000,"label":" ","price":21},{"type":"B","date":"2018-03-27T06:23:57.000Z","volume":1000,"label":"Y","price":20.95},{"type":"B","date":"2018-03-27T06:23:57.000Z","volume":2000,"label":" ","price":20.95},{"type":"B","date":"2018-03-27T06:26:19.000Z","volume":1000,"label":" ","price":20.9},{"type":"A","date":"2018-03-27T06:28:32.000Z","volume":1000,"label":" ","price":20.95},{"type":"A","date":"2018-03-27T06:31:51.000Z","volume":3000,"label":" ","price":20.95},{"type":"A","date":"2018-03-27T06:32:51.000Z","volume":1000,"label":" ","price":20.95},{"type":"A","date":"2018-03-27T06:32:51.000Z","volume":1000,"label":" ","price":20.95},{"type":"A","date":"2018-03-27T06:36:45.000Z","volume":3000,"label":" ","price":21},{"type":"B","date":"2018-03-27T06:37:18.000Z","volume":1000,"label":"Y","price":20.95},{"type":"B","date":"2018-03-27T06:37:18.000Z","volume":1000,"label":" ","price":20.95},{"type":"A","date":"2018-03-27T06:37:44.000Z","volume":10000,"label":" ","price":20.95},{"type":"A","date":"2018-03-27T06:37:44.000Z","volume":1000,"label":" ","price":20.95},{"type":"A","date":"2018-03-27T06:37:47.000Z","volume":1000,"label":" ","price":21},{"type":"B","date":"2018-03-27T06:42:05.000Z","volume":20000,"label":" ","price":20.9},{"type":"A","date":"2018-03-27T06:42:05.000Z","volume":2000,"label":" ","price":20.95},{"type":"A","date":"2018-03-27T06:42:06.000Z","volume":1000,"label":" ","price":21},{"type":"A","date":"2018-03-27T06:42:09.000Z","volume":7000,"label":" ","price":21},{"type":"B","date":"2018-03-27T06:42:44.000Z","volume":7000,"label":"Y","price":20.9},{"type":"B","date":"2018-03-27T06:42:44.000Z","volume":3000,"label":" ","price":20.9},{"type":"A","date":"2018-03-27T06:42:47.000Z","volume":1000,"label":" ","price":20.95},{"type":"B","date":"2018-03-27T06:42:47.000Z","volume":1000,"label":" ","price":20.95},{"type":"A","date":"2018-03-27T06:42:47.000Z","volume":1000,"label":" ","price":21},{"type":"A","date":"2018-03-27T06:42:54.000Z","volume":5000,"label":" ","price":20.95},{"type":"A","date":"2018-03-27T06:44:00.000Z","volume":1000,"label":" ","price":20.95},{"type":"A","date":"2018-03-27T06:45:37.000Z","volume":1000,"label":" ","price":20.95},{"type":"A","date":"2018-03-27T06:47:00.000Z","volume":1000,"label":" ","price":20.95},{"type":"B","date":"2018-03-27T06:48:07.000Z","volume":1000,"label":" ","price":20.9},{"type":"A","date":"2018-03-27T06:48:27.000Z","volume":1000,"label":" ","price":20.95},{"type":"A","date":"2018-03-27T06:50:23.000Z","volume":1000,"label":" ","price":20.95},{"type":"B","date":"2018-03-27T06:53:11.000Z","volume":1000,"label":" ","price":20.9},{"type":"B","date":"2018-03-27T06:54:13.000Z","volume":1000,"label":" ","price":20.9},{"type":"B","date":"2018-03-27T06:57:45.000Z","volume":1000,"label":" ","price":20.9},{"type":"A","date":"2018-03-27T06:57:45.000Z","volume":1000,"label":" ","price":20.95},{"type":"A","date":"2018-03-27T06:57:53.000Z","volume":1000,"label":" ","price":20.95},{"type":"B","date":"2018-03-27T07:02:19.000Z","volume":1000,"label":" ","price":20.9},{"type":"A","date":"2018-03-27T07:02:24.000Z","volume":1000,"label":" ","price":20.95},{"type":"A","date":"2018-03-27T07:06:47.000Z","volume":1000,"label":" ","price":20.95},{"type":"B","date":"2018-03-27T07:07:23.000Z","volume":1000,"label":" ","price":20.9},{"type":"B","date":"2018-03-27T07:08:07.000Z","volume":1000,"label":" ","price":20.9},{"type":"B","date":"2018-03-27T07:08:07.000Z","volume":2000,"label":" ","price":20.9},{"type":"B","date":"2018-03-27T07:09:19.000Z","volume":1000,"label":" ","price":20.9},{"type":"U","date":"2018-03-27T07:09:53.000Z","volume":1000,"label":"X","price":20.925},{"type":"A","date":"2018-03-27T07:11:23.000Z","volume":1000,"label":" ","price":20.95},{"type":"A","date":"2018-03-27T07:11:23.000Z","volume":1000,"label":" ","price":20.95},{"type":"B","date":"2018-03-27T07:11:25.000Z","volume":1000,"label":" ","price":20.9},{"type":"U","date":"2018-03-27T07:12:30.000Z","volume":59,"label":"D","price":20.65},{"type":"B","date":"2018-03-27T07:14:02.000Z","volume":1000,"label":" ","price":20.9},{"type":"B","date":"2018-03-27T07:14:06.000Z","volume":1000,"label":" ","price":20.9},{"type":"B","date":"2018-03-27T07:14:22.000Z","volume":1000,"label":" ","price":20.9},{"type":"B","date":"2018-03-27T07:16:01.000Z","volume":1000,"label":" ","price":20.9},{"type":"B","date":"2018-03-27T07:17:23.000Z","volume":1000,"label":" ","price":20.9},{"type":"B","date":"2018-03-27T07:20:59.000Z","volume":3000,"label":" ","price":20.9},{"type":"A","date":"2018-03-27T07:21:00.000Z","volume":1000,"label":" ","price":20.95},{"type":"A","date":"2018-03-27T07:21:00.000Z","volume":1000,"label":" ","price":20.95},{"type":"B","date":"2018-03-27T07:21:05.000Z","volume":1000,"label":" ","price":20.9},{"type":"U","date":"2018-03-27T07:23:54.000Z","volume":1000,"label":"X","price":20.9},{"type":"B","date":"2018-03-27T07:24:08.000Z","volume":1000,"label":" ","price":20.9},{"type":"B","date":"2018-03-27T07:25:26.000Z","volume":1000,"label":" ","price":20.9},{"type":"B","date":"2018-03-27T07:25:28.000Z","volume":1000,"label":" ","price":20.9},{"type":"B","date":"2018-03-27T07:25:39.000Z","volume":1000,"label":" ","price":20.9},{"type":"A","date":"2018-03-27T07:25:51.000Z","volume":2000,"label":" ","price":20.95},{"type":"B","date":"2018-03-27T07:27:11.000Z","volume":1000,"label":" ","price":20.9},{"type":"B","date":"2018-03-27T07:27:47.000Z","volume":1000,"label":" ","price":20.9},{"type":"A","date":"2018-03-27T07:27:47.000Z","volume":1000,"label":" ","price":20.95},{"type":"A","date":"2018-03-27T07:27:47.000Z","volume":1000,"label":" ","price":20.95},{"type":"B","date":"2018-03-27T07:29:24.000Z","volume":1000,"label":" ","price":20.9},{"type":"B","date":"2018-03-27T07:29:41.000Z","volume":1000,"label":" ","price":20.9},{"type":"B","date":"2018-03-27T07:31:06.000Z","volume":1000,"label":" ","price":20.9},{"type":"B","date":"2018-03-27T07:33:15.000Z","volume":1000,"label":" ","price":20.9},{"type":"U","date":"2018-03-27T07:34:25.000Z","volume":1000,"label":"X","price":20.9},{"type":"B","date":"2018-03-27T07:34:57.000Z","volume":2000,"label":" ","price":20.9},{"type":"B","date":"2018-03-27T07:36:04.000Z","volume":1000,"label":" ","price":20.9},{"type":"B","date":"2018-03-27T07:36:48.000Z","volume":1000,"label":" ","price":20.9},{"type":"B","date":"2018-03-27T07:36:48.000Z","volume":2000,"label":" ","price":20.9},{"type":"B","date":"2018-03-27T07:37:30.000Z","volume":1000,"label":" ","price":20.9},{"type":"B","date":"2018-03-27T07:37:55.000Z","volume":1000,"label":" ","price":20.9},{"type":"B","date":"2018-03-27T07:37:55.000Z","volume":1000,"label":" ","price":20.9},{"type":"A","date":"2018-03-27T07:38:00.000Z","volume":1000,"label":" ","price":20.95},{"type":"B","date":"2018-03-27T07:38:08.000Z","volume":1000,"label":" ","price":20.9},{"type":"B","date":"2018-03-27T07:39:41.000Z","volume":1000,"label":" ","price":20.9},{"type":"B","date":"2018-03-27T07:40:03.000Z","volume":1000,"label":" ","price":20.9},{"type":"B","date":"2018-03-27T07:40:21.000Z","volume":1000,"label":" ","price":20.9},{"type":"A","date":"2018-03-27T07:40:32.000Z","volume":1000,"label":" ","price":20.95},{"type":"B","date":"2018-03-27T07:42:16.000Z","volume":1000,"label":" ","price":20.9},{"type":"B","date":"2018-03-27T07:43:24.000Z","volume":1000,"label":" ","price":20.9},{"type":"A","date":"2018-03-27T07:43:32.000Z","volume":1000,"label":" ","price":20.95},{"type":"B","date":"2018-03-27T07:44:40.000Z","volume":1000,"label":" ","price":20.9},{"type":"B","date":"2018-03-27T07:45:27.000Z","volume":2000,"label":" ","price":20.9},{"type":"B","date":"2018-03-27T07:45:34.000Z","volume":1000,"label":" ","price":20.9},{"type":"B","date":"2018-03-27T07:45:56.000Z","volume":1000,"label":" ","price":20.9},{"type":"B","date":"2018-03-27T07:46:50.000Z","volume":3000,"label":" ","price":20.9},{"type":"U","date":"2018-03-27T07:46:57.000Z","volume":1000,"label":"X","price":20.9},{"type":"B","date":"2018-03-27T07:46:59.000Z","volume":1000,"label":" ","price":20.9},{"type":"A","date":"2018-03-27T07:47:19.000Z","volume":1000,"label":" ","price":20.95},{"type":"B","date":"2018-03-27T07:48:17.000Z","volume":1000,"label":" ","price":20.9},{"type":"B","date":"2018-03-27T07:48:28.000Z","volume":1000,"label":" ","price":20.9},{"type":"A","date":"2018-03-27T07:48:28.000Z","volume":1000,"label":" ","price":20.95},{"type":"B","date":"2018-03-27T07:49:15.000Z","volume":3000,"label":" ","price":20.9},{"type":"A","date":"2018-03-27T07:49:17.000Z","volume":1000,"label":" ","price":20.95},{"type":"U","date":"2018-03-27T07:49:27.000Z","volume":1000,"label":"X","price":20.9},{"type":"A","date":"2018-03-27T07:49:41.000Z","volume":5000,"label":" ","price":20.95},{"type":"A","date":"2018-03-27T07:49:41.000Z","volume":1000,"label":" ","price":20.95},{"type":"B","date":"2018-03-27T07:50:01.000Z","volume":1000,"label":" ","price":20.9},{"type":"B","date":"2018-03-27T07:50:30.000Z","volume":1000,"label":" ","price":20.9},{"type":"B","date":"2018-03-27T07:51:09.000Z","volume":1000,"label":" ","price":20.9},{"type":"B","date":"2018-03-27T07:52:01.000Z","volume":1000,"label":" ","price":20.9},{"type":"B","date":"2018-03-27T07:52:02.000Z","volume":1000,"label":"Y","price":20.9},{"type":"B","date":"2018-03-27T07:52:19.000Z","volume":1000,"label":" ","price":20.9},{"type":"B","date":"2018-03-27T07:53:21.000Z","volume":1000,"label":" ","price":20.9},{"type":"B","date":"2018-03-27T07:54:02.000Z","volume":1000,"label":" ","price":20.9},{"type":"B","date":"2018-03-27T07:55:15.000Z","volume":1000,"label":" ","price":20.9},{"type":"B","date":"2018-03-27T07:55:33.000Z","volume":1000,"label":" ","price":20.9},{"type":"A","date":"2018-03-27T07:55:47.000Z","volume":1000,"label":" ","price":20.95},{"type":"U","date":"2018-03-27T07:55:58.000Z","volume":1000,"label":"X","price":20.9},{"type":"B","date":"2018-03-27T07:56:19.000Z","volume":1000,"label":" ","price":20.9},{"type":"B","date":"2018-03-27T07:56:45.000Z","volume":1000,"label":" ","price":20.9},{"type":"B","date":"2018-03-27T07:57:15.000Z","volume":2000,"label":" ","price":20.9},{"type":"B","date":"2018-03-27T07:57:16.000Z","volume":1000,"label":" ","price":20.9},{"type":"B","date":"2018-03-27T07:57:30.000Z","volume":1000,"label":" ","price":20.9},{"type":"B","date":"2018-03-27T07:57:35.000Z","volume":1000,"label":" ","price":20.9},{"type":"B","date":"2018-03-27T07:58:01.000Z","volume":1000,"label":" ","price":20.9},{"type":"B","date":"2018-03-27T07:58:01.000Z","volume":5000,"label":" ","price":20.9},{"type":"A","date":"2018-03-27T07:58:02.000Z","volume":1000,"label":" ","price":20.95},{"type":"B","date":"2018-03-27T07:58:02.000Z","volume":2000,"label":" ","price":20.9},{"type":"B","date":"2018-03-27T07:58:55.000Z","volume":1000,"label":" ","price":20.9},{"type":"A","date":"2018-03-27T07:59:02.000Z","volume":2000,"label":" ","price":20.95},{"type":"A","date":"2018-03-27T07:59:05.000Z","volume":1000,"label":" ","price":20.95},{"type":"A","date":"2018-03-27T07:59:13.000Z","volume":10000,"label":" ","price":20.95},{"type":"A","date":"2018-03-27T07:59:13.000Z","volume":1000,"label":" ","price":20.95},{"type":"B","date":"2018-03-27T07:59:13.000Z","volume":1000,"label":" ","price":20.9},{"type":"A","date":"2018-03-27T07:59:13.000Z","volume":1000,"label":" ","price":20.95},{"type":"A","date":"2018-03-27T07:59:17.000Z","volume":1000,"label":" ","price":20.95},{"type":"A","date":"2018-03-27T07:59:17.000Z","volume":1000,"label":" ","price":20.95},{"type":"A","date":"2018-03-27T07:59:24.000Z","volume":1000,"label":" ","price":20.95},{"type":"B","date":"2018-03-27T07:59:50.000Z","volume":1000,"label":" ","price":20.9},{"type":"A","date":"2018-03-27T07:59:51.000Z","volume":5000,"label":" ","price":20.95},{"type":"U","date":"2018-03-27T08:08:29.000Z","volume":124000,"label":"U","price":21}]