[{"type":"U","date":"2018-04-06T01:40:01.000Z","volume":1000,"label":"X","price":3.535},{"type":"A","date":"2018-04-06T01:40:56.000Z","volume":7000,"label":" ","price":3.55},{"type":"U","date":"2018-04-06T01:41:01.000Z","volume":2000,"label":"X","price":3.54},{"type":"U","date":"2018-04-06T01:43:31.000Z","volume":2000,"label":"X","price":3.54},{"type":"A","date":"2018-04-06T01:45:01.000Z","volume":1000,"label":" ","price":3.55},{"type":"A","date":"2018-04-06T01:45:05.000Z","volume":1000,"label":"Y","price":3.55},{"type":"A","date":"2018-04-06T01:45:05.000Z","volume":1000,"label":" ","price":3.55},{"type":"U","date":"2018-04-06T01:45:06.000Z","volume":3000,"label":" ","price":3.54},{"type":"A","date":"2018-04-06T01:45:24.000Z","volume":20000,"label":" ","price":3.55},{"type":"U","date":"2018-04-06T01:45:24.000Z","volume":1000,"label":"X","price":3.54},{"type":"A","date":"2018-04-06T01:45:31.000Z","volume":2000,"label":" ","price":3.55},{"type":"A","date":"2018-04-06T01:45:41.000Z","volume":1000,"label":" ","price":3.56},{"type":"B","date":"2018-04-06T01:49:13.000Z","volume":10000,"label":" ","price":3.53},{"type":"B","date":"2018-04-06T01:49:13.000Z","volume":4000,"label":" ","price":3.53},{"type":"U","date":"2018-04-06T01:49:14.000Z","volume":1000,"label":"X","price":3.53},{"type":"A","date":"2018-04-06T01:49:41.000Z","volume":1000,"label":" ","price":3.54},{"type":"U","date":"2018-04-06T01:49:52.000Z","volume":1000,"label":"X","price":3.52},{"type":"B","date":"2018-04-06T01:50:04.000Z","volume":5000,"label":" ","price":3.53},{"type":"A","date":"2018-04-06T01:50:04.000Z","volume":5000,"label":" ","price":3.54},{"type":"A","date":"2018-04-06T01:52:29.000Z","volume":2000,"label":"Y","price":3.54},{"type":"A","date":"2018-04-06T01:52:29.000Z","volume":6000,"label":" ","price":3.54},{"type":"B","date":"2018-04-06T01:52:29.000Z","volume":1000,"label":"Y","price":3.54},{"type":"B","date":"2018-04-06T01:52:29.000Z","volume":1000,"label":"Y","price":3.54},{"type":"A","date":"2018-04-06T01:56:12.000Z","volume":2000,"label":" ","price":3.55},{"type":"B","date":"2018-04-06T01:59:27.000Z","volume":1000,"label":" ","price":3.54},{"type":"U","date":"2018-04-06T01:59:30.000Z","volume":6000,"label":"X","price":3.545},{"type":"B","date":"2018-04-06T02:01:50.000Z","volume":7000,"label":" ","price":3.54},{"type":"B","date":"2018-04-06T02:02:50.000Z","volume":20000,"label":" ","price":3.54},{"type":"B","date":"2018-04-06T02:02:50.000Z","volume":8000,"label":" ","price":3.54},{"type":"B","date":"2018-04-06T02:02:50.000Z","volume":1000,"label":" ","price":3.53},{"type":"U","date":"2018-04-06T02:02:50.000Z","volume":1000,"label":" ","price":3.54},{"type":"B","date":"2018-04-06T02:02:50.000Z","volume":1000,"label":" ","price":3.53},{"type":"U","date":"2018-04-06T02:02:50.000Z","volume":6000,"label":"X","price":3.54},{"type":"B","date":"2018-04-06T02:03:02.000Z","volume":1000,"label":" ","price":3.53},{"type":"A","date":"2018-04-06T02:03:32.000Z","volume":1000,"label":" ","price":3.55},{"type":"A","date":"2018-04-06T02:12:32.000Z","volume":1000,"label":" ","price":3.54},{"type":"B","date":"2018-04-06T02:15:47.000Z","volume":3000,"label":"Y","price":3.53},{"type":"A","date":"2018-04-06T02:17:32.000Z","volume":1000,"label":" ","price":3.54},{"type":"U","date":"2018-04-06T02:25:32.000Z","volume":1000,"label":"X","price":3.535},{"type":"B","date":"2018-04-06T02:28:02.000Z","volume":4000,"label":" ","price":3.53},{"type":"B","date":"2018-04-06T02:28:02.000Z","volume":1000,"label":"Y","price":3.53},{"type":"B","date":"2018-04-06T02:28:02.000Z","volume":2000,"label":" ","price":3.53},{"type":"A","date":"2018-04-06T02:28:02.000Z","volume":1000,"label":" ","price":3.54},{"type":"U","date":"2018-04-06T02:30:33.000Z","volume":1000,"label":"X","price":3.535},{"type":"U","date":"2018-04-06T02:35:33.000Z","volume":1000,"label":"X","price":3.535},{"type":"U","date":"2018-04-06T02:37:22.000Z","volume":1000,"label":"X","price":3.535},{"type":"B","date":"2018-04-06T02:37:48.000Z","volume":1000,"label":" ","price":3.53},{"type":"A","date":"2018-04-06T02:38:02.000Z","volume":1000,"label":" ","price":3.54},{"type":"U","date":"2018-04-06T02:41:03.000Z","volume":1000,"label":"X","price":3.535},{"type":"B","date":"2018-04-06T02:43:07.000Z","volume":8000,"label":" ","price":3.53},{"type":"A","date":"2018-04-06T02:47:32.000Z","volume":1000,"label":" ","price":3.54},{"type":"A","date":"2018-04-06T02:50:32.000Z","volume":1000,"label":" ","price":3.54},{"type":"B","date":"2018-04-06T02:53:46.000Z","volume":28000,"label":" ","price":3.53},{"type":"U","date":"2018-04-06T02:53:47.000Z","volume":9000,"label":"X","price":3.53},{"type":"B","date":"2018-04-06T03:08:18.000Z","volume":2000,"label":" ","price":3.52},{"type":"U","date":"2018-04-06T03:08:34.000Z","volume":1000,"label":"X","price":3.525},{"type":"U","date":"2018-04-06T03:11:53.000Z","volume":1000,"label":"X","price":3.525},{"type":"B","date":"2018-04-06T03:12:26.000Z","volume":24000,"label":" ","price":3.52},{"type":"B","date":"2018-04-06T03:12:28.000Z","volume":1000,"label":" ","price":3.51},{"type":"B","date":"2018-04-06T03:12:44.000Z","volume":1000,"label":" ","price":3.51},{"type":"B","date":"2018-04-06T03:12:57.000Z","volume":1000,"label":"Y","price":3.51},{"type":"B","date":"2018-04-06T03:13:08.000Z","volume":10000,"label":" ","price":3.51},{"type":"B","date":"2018-04-06T03:13:08.000Z","volume":1000,"label":" ","price":3.51},{"type":"B","date":"2018-04-06T03:13:12.000Z","volume":3000,"label":" ","price":3.51},{"type":"B","date":"2018-04-06T03:13:20.000Z","volume":2000,"label":" ","price":3.5},{"type":"B","date":"2018-04-06T03:13:28.000Z","volume":1000,"label":" ","price":3.5},{"type":"B","date":"2018-04-06T03:13:36.000Z","volume":64000,"label":" ","price":3.5},{"type":"A","date":"2018-04-06T03:13:39.000Z","volume":2000,"label":" ","price":3.51},{"type":"B","date":"2018-04-06T03:13:39.000Z","volume":10000,"label":" ","price":3.5},{"type":"B","date":"2018-04-06T03:13:39.000Z","volume":6000,"label":" ","price":3.5},{"type":"B","date":"2018-04-06T03:13:39.000Z","volume":4000,"label":" ","price":3.49},{"type":"A","date":"2018-04-06T03:13:41.000Z","volume":1000,"label":" ","price":3.51},{"type":"B","date":"2018-04-06T03:13:44.000Z","volume":1000,"label":" ","price":3.5},{"type":"B","date":"2018-04-06T03:13:48.000Z","volume":2000,"label":" ","price":3.5},{"type":"B","date":"2018-04-06T03:13:48.000Z","volume":4000,"label":" ","price":3.5},{"type":"B","date":"2018-04-06T03:13:48.000Z","volume":6000,"label":" ","price":3.5},{"type":"A","date":"2018-04-06T03:13:48.000Z","volume":1000,"label":" ","price":3.5},{"type":"A","date":"2018-04-06T03:13:48.000Z","volume":6000,"label":" ","price":3.5},{"type":"B","date":"2018-04-06T03:14:02.000Z","volume":1000,"label":" ","price":3.5},{"type":"U","date":"2018-04-06T03:16:15.000Z","volume":0,"label":"*","price":3.52},{"type":"B","date":"2018-04-06T03:16:47.000Z","volume":2000,"label":" ","price":3.5},{"type":"B","date":"2018-04-06T03:16:47.000Z","volume":1000,"label":" ","price":3.5},{"type":"B","date":"2018-04-06T03:16:47.000Z","volume":1000,"label":" ","price":3.5},{"type":"U","date":"2018-04-06T03:18:05.000Z","volume":500,"label":"D","price":3.5},{"type":"A","date":"2018-04-06T03:19:10.000Z","volume":12000,"label":"Y","price":3.51},{"type":"A","date":"2018-04-06T03:19:10.000Z","volume":8000,"label":" ","price":3.51},{"type":"A","date":"2018-04-06T03:19:10.000Z","volume":1000,"label":" ","price":3.51},{"type":"A","date":"2018-04-06T03:19:11.000Z","volume":1000,"label":" ","price":3.51},{"type":"A","date":"2018-04-06T03:19:12.000Z","volume":2000,"label":" ","price":3.52},{"type":"A","date":"2018-04-06T03:19:14.000Z","volume":1000,"label":" ","price":3.52},{"type":"B","date":"2018-04-06T03:20:33.000Z","volume":1000,"label":" ","price":3.51},{"type":"B","date":"2018-04-06T03:20:33.000Z","volume":2000,"label":" ","price":3.5},{"type":"A","date":"2018-04-06T03:20:47.000Z","volume":4000,"label":" ","price":3.51},{"type":"B","date":"2018-04-06T03:35:11.000Z","volume":25000,"label":" ","price":3.5},{"type":"A","date":"2018-04-06T03:35:12.000Z","volume":1000,"label":" ","price":3.52},{"type":"A","date":"2018-04-06T03:35:14.000Z","volume":1000,"label":" ","price":3.52},{"type":"B","date":"2018-04-06T03:37:19.000Z","volume":3000,"label":" ","price":3.5},{"type":"B","date":"2018-04-06T03:39:09.000Z","volume":9000,"label":" ","price":3.5},{"type":"A","date":"2018-04-06T03:39:09.000Z","volume":1000,"label":" ","price":3.5},{"type":"A","date":"2018-04-06T03:43:59.000Z","volume":1000,"label":" ","price":3.52},{"type":"B","date":"2018-04-06T03:43:59.000Z","volume":3000,"label":" ","price":3.49},{"type":"A","date":"2018-04-06T03:44:01.000Z","volume":1000,"label":" ","price":3.52},{"type":"B","date":"2018-04-06T03:45:17.000Z","volume":10000,"label":" ","price":3.5},{"type":"B","date":"2018-04-06T03:45:18.000Z","volume":1000,"label":" ","price":3.5},{"type":"B","date":"2018-04-06T03:48:18.000Z","volume":3000,"label":" ","price":3.49},{"type":"B","date":"2018-04-06T03:50:07.000Z","volume":5000,"label":" ","price":3.5},{"type":"B","date":"2018-04-06T03:50:11.000Z","volume":1000,"label":" ","price":3.5},{"type":"B","date":"2018-04-06T03:53:11.000Z","volume":1000,"label":" ","price":3.5},{"type":"A","date":"2018-04-06T03:53:12.000Z","volume":42000,"label":" ","price":3.5},{"type":"B","date":"2018-04-06T03:53:12.000Z","volume":1000,"label":" ","price":3.49},{"type":"B","date":"2018-04-06T03:53:13.000Z","volume":3000,"label":" ","price":3.5},{"type":"B","date":"2018-04-06T03:53:19.000Z","volume":3000,"label":" ","price":3.5},{"type":"B","date":"2018-04-06T03:53:25.000Z","volume":4000,"label":" ","price":3.5},{"type":"A","date":"2018-04-06T03:53:25.000Z","volume":10000,"label":" ","price":3.5},{"type":"A","date":"2018-04-06T03:53:25.000Z","volume":6000,"label":" ","price":3.5},{"type":"B","date":"2018-04-06T03:53:32.000Z","volume":1000,"label":" ","price":3.5},{"type":"B","date":"2018-04-06T03:53:34.000Z","volume":1000,"label":" ","price":3.5},{"type":"U","date":"2018-04-06T03:54:20.000Z","volume":1000,"label":"X","price":3.5},{"type":"U","date":"2018-04-06T03:56:40.000Z","volume":60000,"label":"X","price":3.5},{"type":"A","date":"2018-04-06T03:59:03.000Z","volume":1000,"label":" ","price":3.51},{"type":"B","date":"2018-04-06T03:59:43.000Z","volume":5000,"label":" ","price":3.5},{"type":"B","date":"2018-04-06T03:59:43.000Z","volume":3000,"label":" ","price":3.49},{"type":"U","date":"2018-04-06T05:00:05.000Z","volume":1000,"label":"X","price":3.5},{"type":"U","date":"2018-04-06T05:02:35.000Z","volume":1000,"label":"X","price":3.505},{"type":"U","date":"2018-04-06T05:03:14.000Z","volume":1000,"label":"X","price":3.505},{"type":"A","date":"2018-04-06T05:06:54.000Z","volume":1000,"label":" ","price":3.51},{"type":"A","date":"2018-04-06T05:06:56.000Z","volume":1000,"label":" ","price":3.51},{"type":"B","date":"2018-04-06T05:08:41.000Z","volume":20000,"label":" ","price":3.5},{"type":"B","date":"2018-04-06T05:08:42.000Z","volume":2000,"label":" ","price":3.5},{"type":"B","date":"2018-04-06T05:08:42.000Z","volume":2000,"label":" ","price":3.5},{"type":"B","date":"2018-04-06T05:08:43.000Z","volume":3000,"label":" ","price":3.5},{"type":"A","date":"2018-04-06T05:12:11.000Z","volume":45000,"label":" ","price":3.5},{"type":"B","date":"2018-04-06T05:12:11.000Z","volume":2000,"label":"Y","price":3.49},{"type":"B","date":"2018-04-06T05:12:13.000Z","volume":4000,"label":" ","price":3.5},{"type":"B","date":"2018-04-06T05:12:15.000Z","volume":1000,"label":" ","price":3.5},{"type":"A","date":"2018-04-06T05:23:17.000Z","volume":14000,"label":" ","price":3.5},{"type":"B","date":"2018-04-06T05:23:19.000Z","volume":3000,"label":" ","price":3.5},{"type":"B","date":"2018-04-06T05:23:24.000Z","volume":1000,"label":" ","price":3.5},{"type":"B","date":"2018-04-06T05:24:26.000Z","volume":7000,"label":" ","price":3.5},{"type":"B","date":"2018-04-06T05:28:36.000Z","volume":2000,"label":"Y","price":3.5},{"type":"B","date":"2018-04-06T05:28:36.000Z","volume":3000,"label":"Y","price":3.49},{"type":"B","date":"2018-04-06T05:29:02.000Z","volume":1000,"label":" ","price":3.5},{"type":"U","date":"2018-04-06T05:30:32.000Z","volume":1000,"label":" ","price":3.5},{"type":"A","date":"2018-04-06T05:30:34.000Z","volume":1000,"label":" ","price":3.51},{"type":"B","date":"2018-04-06T05:34:06.000Z","volume":2000,"label":" ","price":3.5},{"type":"B","date":"2018-04-06T05:34:54.000Z","volume":7000,"label":" ","price":3.5},{"type":"B","date":"2018-04-06T05:34:54.000Z","volume":1000,"label":" ","price":3.5},{"type":"B","date":"2018-04-06T05:34:54.000Z","volume":1000,"label":" ","price":3.5},{"type":"A","date":"2018-04-06T05:34:55.000Z","volume":1000,"label":" ","price":3.5},{"type":"A","date":"2018-04-06T05:35:37.000Z","volume":12000,"label":" ","price":3.5},{"type":"A","date":"2018-04-06T05:37:01.000Z","volume":23000,"label":" ","price":3.5},{"type":"B","date":"2018-04-06T05:37:30.000Z","volume":2000,"label":" ","price":3.5},{"type":"B","date":"2018-04-06T05:37:30.000Z","volume":1000,"label":" ","price":3.49},{"type":"A","date":"2018-04-06T05:40:13.000Z","volume":13000,"label":" ","price":3.5},{"type":"B","date":"2018-04-06T05:40:21.000Z","volume":2000,"label":" ","price":3.5},{"type":"A","date":"2018-04-06T05:40:22.000Z","volume":1000,"label":" ","price":3.51},{"type":"A","date":"2018-04-06T05:56:20.000Z","volume":39000,"label":" ","price":3.51},{"type":"U","date":"2018-04-06T05:56:34.000Z","volume":5000,"label":"X","price":3.51},{"type":"A","date":"2018-04-06T05:56:35.000Z","volume":1000,"label":" ","price":3.52},{"type":"A","date":"2018-04-06T05:57:15.000Z","volume":10000,"label":" ","price":3.52},{"type":"U","date":"2018-04-06T05:57:15.000Z","volume":1000,"label":" ","price":3.52},{"type":"B","date":"2018-04-06T05:57:15.000Z","volume":1000,"label":"Y","price":3.51},{"type":"A","date":"2018-04-06T05:57:15.000Z","volume":1000,"label":" ","price":3.52},{"type":"U","date":"2018-04-06T05:57:36.000Z","volume":2000,"label":"X","price":3.515},{"type":"A","date":"2018-04-06T05:57:47.000Z","volume":5000,"label":" ","price":3.52},{"type":"B","date":"2018-04-06T05:57:47.000Z","volume":1000,"label":" ","price":3.52},{"type":"A","date":"2018-04-06T05:57:50.000Z","volume":1000,"label":" ","price":3.52},{"type":"U","date":"2018-04-06T05:58:16.000Z","volume":1000,"label":"X","price":3.515},{"type":"B","date":"2018-04-06T06:02:33.000Z","volume":4000,"label":" ","price":3.51},{"type":"B","date":"2018-04-06T06:05:28.000Z","volume":3000,"label":"Y","price":3.51},{"type":"A","date":"2018-04-06T06:05:29.000Z","volume":1000,"label":" ","price":3.52},{"type":"A","date":"2018-04-06T06:18:30.000Z","volume":1000,"label":" ","price":3.52},{"type":"A","date":"2018-04-06T06:23:36.000Z","volume":2000,"label":" ","price":3.52},{"type":"A","date":"2018-04-06T06:26:04.000Z","volume":3000,"label":" ","price":3.52},{"type":"A","date":"2018-04-06T06:26:06.000Z","volume":1000,"label":" ","price":3.52},{"type":"B","date":"2018-04-06T06:27:29.000Z","volume":8000,"label":" ","price":3.51},{"type":"U","date":"2018-04-06T06:27:29.000Z","volume":2000,"label":"X","price":3.51},{"type":"A","date":"2018-04-06T06:27:30.000Z","volume":1000,"label":" ","price":3.52},{"type":"B","date":"2018-04-06T06:28:08.000Z","volume":10000,"label":" ","price":3.51},{"type":"B","date":"2018-04-06T06:28:08.000Z","volume":2000,"label":"Y","price":3.51},{"type":"A","date":"2018-04-06T06:36:54.000Z","volume":1000,"label":" ","price":3.52},{"type":"B","date":"2018-04-06T06:39:11.000Z","volume":2000,"label":"Y","price":3.51},{"type":"B","date":"2018-04-06T06:39:50.000Z","volume":30000,"label":" ","price":3.51},{"type":"B","date":"2018-04-06T06:39:50.000Z","volume":2000,"label":"Y","price":3.51},{"type":"B","date":"2018-04-06T06:39:50.000Z","volume":12000,"label":" ","price":3.51},{"type":"U","date":"2018-04-06T06:39:50.000Z","volume":1000,"label":"X","price":3.5},{"type":"U","date":"2018-04-06T06:39:50.000Z","volume":1000,"label":"X","price":3.5},{"type":"A","date":"2018-04-06T06:39:52.000Z","volume":2000,"label":" ","price":3.52},{"type":"A","date":"2018-04-06T06:39:53.000Z","volume":1000,"label":" ","price":3.52},{"type":"B","date":"2018-04-06T06:39:55.000Z","volume":2000,"label":" ","price":3.5},{"type":"B","date":"2018-04-06T06:39:55.000Z","volume":2000,"label":"Y","price":3.5},{"type":"B","date":"2018-04-06T06:39:55.000Z","volume":1000,"label":" ","price":3.5},{"type":"U","date":"2018-04-06T06:39:55.000Z","volume":2000,"label":"X","price":3.51},{"type":"B","date":"2018-04-06T06:39:57.000Z","volume":1000,"label":" ","price":3.5},{"type":"B","date":"2018-04-06T06:42:21.000Z","volume":8000,"label":" ","price":3.5},{"type":"A","date":"2018-04-06T06:42:24.000Z","volume":1000,"label":" ","price":3.52},{"type":"B","date":"2018-04-06T06:46:05.000Z","volume":19000,"label":" ","price":3.5},{"type":"B","date":"2018-04-06T06:46:05.000Z","volume":11000,"label":" ","price":3.5},{"type":"B","date":"2018-04-06T06:46:06.000Z","volume":3000,"label":" ","price":3.5},{"type":"B","date":"2018-04-06T06:46:06.000Z","volume":3000,"label":" ","price":3.5},{"type":"B","date":"2018-04-06T06:46:08.000Z","volume":2000,"label":" ","price":3.5},{"type":"A","date":"2018-04-06T06:46:08.000Z","volume":2000,"label":" ","price":3.52},{"type":"B","date":"2018-04-06T06:54:18.000Z","volume":12000,"label":" ","price":3.5},{"type":"B","date":"2018-04-06T06:54:18.000Z","volume":3000,"label":" ","price":3.5},{"type":"B","date":"2018-04-06T06:55:35.000Z","volume":14000,"label":" ","price":3.5},{"type":"A","date":"2018-04-06T06:55:35.000Z","volume":1000,"label":" ","price":3.5},{"type":"A","date":"2018-04-06T06:55:35.000Z","volume":1000,"label":" ","price":3.5},{"type":"A","date":"2018-04-06T06:55:35.000Z","volume":4000,"label":" ","price":3.5},{"type":"B","date":"2018-04-06T06:55:35.000Z","volume":2000,"label":" ","price":3.5},{"type":"B","date":"2018-04-06T06:55:36.000Z","volume":3000,"label":" ","price":3.5},{"type":"B","date":"2018-04-06T06:55:36.000Z","volume":3000,"label":" ","price":3.5},{"type":"B","date":"2018-04-06T06:57:59.000Z","volume":1000,"label":" ","price":3.5},{"type":"B","date":"2018-04-06T06:59:27.000Z","volume":1000,"label":"Y","price":3.5},{"type":"B","date":"2018-04-06T06:59:27.000Z","volume":2000,"label":" ","price":3.5},{"type":"B","date":"2018-04-06T06:59:29.000Z","volume":1000,"label":" ","price":3.5},{"type":"B","date":"2018-04-06T07:01:06.000Z","volume":1000,"label":" ","price":3.5},{"type":"B","date":"2018-04-06T07:02:53.000Z","volume":1000,"label":" ","price":3.5},{"type":"B","date":"2018-04-06T07:06:06.000Z","volume":3000,"label":" ","price":3.5},{"type":"B","date":"2018-04-06T07:08:08.000Z","volume":10000,"label":" ","price":3.5},{"type":"B","date":"2018-04-06T07:08:09.000Z","volume":3000,"label":"Y","price":3.5},{"type":"B","date":"2018-04-06T07:10:23.000Z","volume":18000,"label":" ","price":3.5},{"type":"B","date":"2018-04-06T07:10:23.000Z","volume":2000,"label":" ","price":3.5},{"type":"A","date":"2018-04-06T07:10:23.000Z","volume":1000,"label":" ","price":3.5},{"type":"A","date":"2018-04-06T07:10:25.000Z","volume":1000,"label":" ","price":3.51},{"type":"B","date":"2018-04-06T07:12:17.000Z","volume":1000,"label":" ","price":3.5},{"type":"B","date":"2018-04-06T07:12:17.000Z","volume":2000,"label":" ","price":3.5},{"type":"B","date":"2018-04-06T07:12:21.000Z","volume":1000,"label":" ","price":3.5},{"type":"A","date":"2018-04-06T07:13:25.000Z","volume":10000,"label":" ","price":3.5},{"type":"A","date":"2018-04-06T07:17:49.000Z","volume":14000,"label":"Y","price":3.5},{"type":"A","date":"2018-04-06T07:17:49.000Z","volume":56000,"label":" ","price":3.5},{"type":"A","date":"2018-04-06T07:17:49.000Z","volume":1000,"label":" ","price":3.5},{"type":"A","date":"2018-04-06T07:17:50.000Z","volume":1000,"label":" ","price":3.51},{"type":"B","date":"2018-04-06T07:17:50.000Z","volume":1000,"label":" ","price":3.5},{"type":"B","date":"2018-04-06T07:17:51.000Z","volume":1000,"label":" ","price":3.5},{"type":"B","date":"2018-04-06T07:21:11.000Z","volume":10000,"label":" ","price":3.5},{"type":"B","date":"2018-04-06T07:21:12.000Z","volume":1000,"label":" ","price":3.5},{"type":"B","date":"2018-04-06T07:21:32.000Z","volume":4000,"label":" ","price":3.5},{"type":"U","date":"2018-04-06T07:25:09.000Z","volume":1000,"label":"X","price":3.495},{"type":"B","date":"2018-04-06T07:28:43.000Z","volume":2000,"label":"Y","price":3.49},{"type":"B","date":"2018-04-06T07:28:49.000Z","volume":2000,"label":" ","price":3.49},{"type":"A","date":"2018-04-06T07:29:38.000Z","volume":1000,"label":" ","price":3.5},{"type":"A","date":"2018-04-06T07:29:38.000Z","volume":1000,"label":" ","price":3.5},{"type":"A","date":"2018-04-06T07:31:38.000Z","volume":1000,"label":" ","price":3.5},{"type":"A","date":"2018-04-06T07:31:38.000Z","volume":1000,"label":" ","price":3.5},{"type":"A","date":"2018-04-06T07:33:23.000Z","volume":1000,"label":" ","price":3.5},{"type":"A","date":"2018-04-06T07:33:23.000Z","volume":1000,"label":" ","price":3.5},{"type":"A","date":"2018-04-06T07:33:23.000Z","volume":1000,"label":" ","price":3.5},{"type":"A","date":"2018-04-06T07:33:23.000Z","volume":1000,"label":" ","price":3.5},{"type":"A","date":"2018-04-06T07:33:23.000Z","volume":1000,"label":" ","price":3.5},{"type":"A","date":"2018-04-06T07:33:23.000Z","volume":1000,"label":" ","price":3.5},{"type":"A","date":"2018-04-06T07:35:08.000Z","volume":1000,"label":" ","price":3.5},{"type":"A","date":"2018-04-06T07:35:23.000Z","volume":1000,"label":" ","price":3.5},{"type":"B","date":"2018-04-06T07:35:29.000Z","volume":1000,"label":" ","price":3.5},{"type":"A","date":"2018-04-06T07:35:42.000Z","volume":1000,"label":" ","price":3.51},{"type":"B","date":"2018-04-06T07:35:52.000Z","volume":1000,"label":" ","price":3.5},{"type":"U","date":"2018-04-06T07:43:18.000Z","volume":1000,"label":"X","price":3.495},{"type":"A","date":"2018-04-06T07:43:19.000Z","volume":1000,"label":" ","price":3.5},{"type":"A","date":"2018-04-06T07:44:23.000Z","volume":1000,"label":" ","price":3.5},{"type":"A","date":"2018-04-06T07:44:23.000Z","volume":1000,"label":" ","price":3.5},{"type":"U","date":"2018-04-06T07:45:09.000Z","volume":1000,"label":"X","price":3.495},{"type":"A","date":"2018-04-06T07:45:38.000Z","volume":2000,"label":" ","price":3.5},{"type":"U","date":"2018-04-06T07:45:39.000Z","volume":1000,"label":"X","price":3.495},{"type":"A","date":"2018-04-06T07:46:38.000Z","volume":2000,"label":" ","price":3.5},{"type":"A","date":"2018-04-06T07:48:19.000Z","volume":1000,"label":" ","price":3.5},{"type":"A","date":"2018-04-06T07:48:38.000Z","volume":1000,"label":" ","price":3.5},{"type":"A","date":"2018-04-06T07:48:38.000Z","volume":1000,"label":" ","price":3.5},{"type":"U","date":"2018-04-06T07:48:39.000Z","volume":1000,"label":"X","price":3.495},{"type":"A","date":"2018-04-06T07:50:08.000Z","volume":1000,"label":" ","price":3.5},{"type":"A","date":"2018-04-06T07:50:39.000Z","volume":1000,"label":" ","price":3.5},{"type":"A","date":"2018-04-06T07:51:08.000Z","volume":1000,"label":" ","price":3.5},{"type":"A","date":"2018-04-06T07:51:53.000Z","volume":1000,"label":" ","price":3.5},{"type":"A","date":"2018-04-06T07:51:53.000Z","volume":1000,"label":" ","price":3.5},{"type":"A","date":"2018-04-06T07:52:23.000Z","volume":1000,"label":" ","price":3.5},{"type":"A","date":"2018-04-06T07:52:38.000Z","volume":1000,"label":" ","price":3.5},{"type":"A","date":"2018-04-06T07:53:08.000Z","volume":1000,"label":" ","price":3.5},{"type":"A","date":"2018-04-06T07:53:08.000Z","volume":1000,"label":" ","price":3.5},{"type":"A","date":"2018-04-06T07:54:08.000Z","volume":1000,"label":" ","price":3.5},{"type":"A","date":"2018-04-06T07:54:08.000Z","volume":1000,"label":" ","price":3.5},{"type":"A","date":"2018-04-06T07:55:23.000Z","volume":1000,"label":" ","price":3.5},{"type":"A","date":"2018-04-06T07:55:24.000Z","volume":1000,"label":" ","price":3.5},{"type":"A","date":"2018-04-06T07:55:38.000Z","volume":1000,"label":" ","price":3.5},{"type":"A","date":"2018-04-06T07:55:38.000Z","volume":1000,"label":" ","price":3.5},{"type":"B","date":"2018-04-06T07:55:59.000Z","volume":37000,"label":" ","price":3.49},{"type":"A","date":"2018-04-06T07:56:23.000Z","volume":1000,"label":" ","price":3.5},{"type":"A","date":"2018-04-06T07:56:23.000Z","volume":1000,"label":" ","price":3.5},{"type":"A","date":"2018-04-06T07:57:08.000Z","volume":2000,"label":" ","price":3.5},{"type":"A","date":"2018-04-06T07:57:25.000Z","volume":1000,"label":" ","price":3.5},{"type":"A","date":"2018-04-06T07:57:25.000Z","volume":4000,"label":" ","price":3.5},{"type":"A","date":"2018-04-06T07:59:02.000Z","volume":4000,"label":" ","price":3.5},{"type":"A","date":"2018-04-06T07:59:02.000Z","volume":1000,"label":" ","price":3.5},{"type":"A","date":"2018-04-06T07:59:02.000Z","volume":2000,"label":" ","price":3.5},{"type":"A","date":"2018-04-06T07:59:02.000Z","volume":3000,"label":" ","price":3.5},{"type":"A","date":"2018-04-06T07:59:03.000Z","volume":1000,"label":" ","price":3.5},{"type":"A","date":"2018-04-06T07:59:03.000Z","volume":1000,"label":" ","price":3.5},{"type":"A","date":"2018-04-06T07:59:03.000Z","volume":2000,"label":" ","price":3.5},{"type":"U","date":"2018-04-06T07:59:09.000Z","volume":1000,"label":"X","price":3.495},{"type":"U","date":"2018-04-06T07:59:10.000Z","volume":1000,"label":"X","price":3.495},{"type":"A","date":"2018-04-06T07:59:33.000Z","volume":1000,"label":" ","price":3.5},{"type":"A","date":"2018-04-06T07:59:56.000Z","volume":7000,"label":" ","price":3.5},{"type":"U","date":"2018-04-06T08:08:20.000Z","volume":58000,"label":"U","price":3.51}]