[{"type":"U","date":"2018-04-13T01:20:00.000Z","volume":29100,"label":"U","price":2.53},{"type":"A","date":"2018-04-13T01:30:02.000Z","volume":4000,"label":" ","price":2.53},{"type":"A","date":"2018-04-13T01:30:20.000Z","volume":9100,"label":" ","price":2.53},{"type":"B","date":"2018-04-13T01:31:14.000Z","volume":6100,"label":" ","price":2.52},{"type":"B","date":"2018-04-13T01:31:14.000Z","volume":92100,"label":" ","price":2.52},{"type":"B","date":"2018-04-13T01:31:14.000Z","volume":17700,"label":"Y","price":2.51},{"type":"B","date":"2018-04-13T01:31:14.000Z","volume":50800,"label":" ","price":2.51},{"type":"B","date":"2018-04-13T01:31:14.000Z","volume":900,"label":" ","price":2.5},{"type":"A","date":"2018-04-13T01:31:14.000Z","volume":21000,"label":" ","price":2.52},{"type":"A","date":"2018-04-13T01:31:52.000Z","volume":10000,"label":" ","price":2.52},{"type":"B","date":"2018-04-13T01:32:30.000Z","volume":5000,"label":" ","price":2.51},{"type":"B","date":"2018-04-13T01:33:03.000Z","volume":20800,"label":" ","price":2.51},{"type":"B","date":"2018-04-13T01:33:03.000Z","volume":800,"label":" ","price":2.51},{"type":"B","date":"2018-04-13T01:33:18.000Z","volume":8400,"label":" ","price":2.5},{"type":"B","date":"2018-04-13T01:33:21.000Z","volume":400,"label":" ","price":2.5},{"type":"B","date":"2018-04-13T01:33:27.000Z","volume":400,"label":" ","price":2.5},{"type":"B","date":"2018-04-13T01:34:54.000Z","volume":200,"label":" ","price":2.5},{"type":"A","date":"2018-04-13T01:36:14.000Z","volume":100,"label":" ","price":2.51},{"type":"A","date":"2018-04-13T01:37:20.000Z","volume":900,"label":" ","price":2.51},{"type":"B","date":"2018-04-13T01:39:30.000Z","volume":10000,"label":" ","price":2.5},{"type":"A","date":"2018-04-13T01:40:18.000Z","volume":200,"label":" ","price":2.51},{"type":"B","date":"2018-04-13T01:40:19.000Z","volume":200000,"label":" ","price":2.5},{"type":"B","date":"2018-04-13T01:40:19.000Z","volume":35900,"label":" ","price":2.5},{"type":"B","date":"2018-04-13T01:40:19.000Z","volume":56200,"label":" ","price":2.49},{"type":"B","date":"2018-04-13T01:40:19.000Z","volume":49600,"label":" ","price":2.49},{"type":"B","date":"2018-04-13T01:43:03.000Z","volume":120000,"label":" ","price":2.49},{"type":"B","date":"2018-04-13T01:43:03.000Z","volume":8300,"label":" ","price":2.49},{"type":"A","date":"2018-04-13T01:43:03.000Z","volume":900,"label":" ","price":2.49},{"type":"A","date":"2018-04-13T01:45:12.000Z","volume":10000,"label":" ","price":2.49},{"type":"B","date":"2018-04-13T01:45:15.000Z","volume":3000,"label":" ","price":2.48},{"type":"B","date":"2018-04-13T01:46:11.000Z","volume":123200,"label":" ","price":2.48},{"type":"B","date":"2018-04-13T01:46:11.000Z","volume":6800,"label":" ","price":2.47},{"type":"B","date":"2018-04-13T01:48:20.000Z","volume":1000,"label":" ","price":2.48},{"type":"A","date":"2018-04-13T01:48:43.000Z","volume":7100,"label":" ","price":2.49},{"type":"B","date":"2018-04-13T01:49:36.000Z","volume":26000,"label":" ","price":2.48},{"type":"A","date":"2018-04-13T01:53:01.000Z","volume":200,"label":" ","price":2.49},{"type":"A","date":"2018-04-13T01:53:20.000Z","volume":900,"label":" ","price":2.49},{"type":"A","date":"2018-04-13T01:54:05.000Z","volume":700,"label":" ","price":2.49},{"type":"A","date":"2018-04-13T01:55:01.000Z","volume":600,"label":" ","price":2.49},{"type":"A","date":"2018-04-13T01:55:33.000Z","volume":600,"label":" ","price":2.49},{"type":"A","date":"2018-04-13T01:55:36.000Z","volume":10000,"label":" ","price":2.49},{"type":"A","date":"2018-04-13T01:56:07.000Z","volume":600,"label":" ","price":2.49},{"type":"A","date":"2018-04-13T01:56:39.000Z","volume":600,"label":" ","price":2.49},{"type":"A","date":"2018-04-13T01:57:20.000Z","volume":900,"label":" ","price":2.49},{"type":"A","date":"2018-04-13T01:57:21.000Z","volume":600,"label":" ","price":2.49},{"type":"A","date":"2018-04-13T01:58:05.000Z","volume":4000,"label":" ","price":2.49},{"type":"A","date":"2018-04-13T01:58:19.000Z","volume":600,"label":" ","price":2.49},{"type":"A","date":"2018-04-13T01:58:27.000Z","volume":1700,"label":" ","price":2.49},{"type":"B","date":"2018-04-13T01:58:44.000Z","volume":100,"label":" ","price":2.48},{"type":"A","date":"2018-04-13T01:59:05.000Z","volume":600,"label":" ","price":2.49},{"type":"A","date":"2018-04-13T01:59:27.000Z","volume":600,"label":" ","price":2.49},{"type":"A","date":"2018-04-13T01:59:49.000Z","volume":600,"label":" ","price":2.49},{"type":"A","date":"2018-04-13T02:00:13.000Z","volume":600,"label":" ","price":2.49},{"type":"A","date":"2018-04-13T02:00:39.000Z","volume":600,"label":" ","price":2.49},{"type":"A","date":"2018-04-13T02:01:07.000Z","volume":600,"label":" ","price":2.49},{"type":"A","date":"2018-04-13T02:01:20.000Z","volume":900,"label":" ","price":2.49},{"type":"A","date":"2018-04-13T02:01:46.000Z","volume":1700,"label":" ","price":2.49},{"type":"A","date":"2018-04-13T02:01:46.000Z","volume":600,"label":" ","price":2.49},{"type":"A","date":"2018-04-13T02:02:37.000Z","volume":600,"label":" ","price":2.49},{"type":"B","date":"2018-04-13T02:02:45.000Z","volume":100,"label":" ","price":2.48},{"type":"A","date":"2018-04-13T02:03:23.000Z","volume":600,"label":" ","price":2.49},{"type":"A","date":"2018-04-13T02:04:09.000Z","volume":600,"label":" ","price":2.49},{"type":"A","date":"2018-04-13T02:04:23.000Z","volume":6000,"label":" ","price":2.49},{"type":"A","date":"2018-04-13T02:05:07.000Z","volume":600,"label":" ","price":2.49},{"type":"A","date":"2018-04-13T02:05:30.000Z","volume":900,"label":" ","price":2.49},{"type":"A","date":"2018-04-13T02:05:45.000Z","volume":600,"label":" ","price":2.49},{"type":"A","date":"2018-04-13T02:06:12.000Z","volume":10000,"label":" ","price":2.49},{"type":"A","date":"2018-04-13T02:06:19.000Z","volume":600,"label":" ","price":2.49},{"type":"A","date":"2018-04-13T02:06:51.000Z","volume":600,"label":" ","price":2.49},{"type":"A","date":"2018-04-13T02:07:15.000Z","volume":600,"label":" ","price":2.49},{"type":"B","date":"2018-04-13T02:07:16.000Z","volume":100,"label":" ","price":2.48},{"type":"A","date":"2018-04-13T02:07:36.000Z","volume":700,"label":" ","price":2.49},{"type":"A","date":"2018-04-13T02:07:59.000Z","volume":600,"label":" ","price":2.49},{"type":"A","date":"2018-04-13T02:09:05.000Z","volume":600,"label":" ","price":2.49},{"type":"B","date":"2018-04-13T02:09:05.000Z","volume":3500,"label":" ","price":2.48},{"type":"A","date":"2018-04-13T02:09:08.000Z","volume":5000,"label":" ","price":2.49},{"type":"A","date":"2018-04-13T02:09:30.000Z","volume":900,"label":" ","price":2.49},{"type":"A","date":"2018-04-13T02:09:39.000Z","volume":600,"label":" ","price":2.49},{"type":"A","date":"2018-04-13T02:10:11.000Z","volume":600,"label":" ","price":2.49},{"type":"A","date":"2018-04-13T02:10:43.000Z","volume":600,"label":" ","price":2.49},{"type":"A","date":"2018-04-13T02:10:53.000Z","volume":200,"label":" ","price":2.49},{"type":"B","date":"2018-04-13T02:11:36.000Z","volume":100,"label":" ","price":2.48},{"type":"A","date":"2018-04-13T02:12:03.000Z","volume":600,"label":" ","price":2.49},{"type":"A","date":"2018-04-13T02:12:26.000Z","volume":1000,"label":" ","price":2.49},{"type":"A","date":"2018-04-13T02:12:37.000Z","volume":600,"label":" ","price":2.49},{"type":"A","date":"2018-04-13T02:13:13.000Z","volume":700,"label":" ","price":2.49},{"type":"A","date":"2018-04-13T02:13:16.000Z","volume":400,"label":" ","price":2.49},{"type":"A","date":"2018-04-13T02:13:30.000Z","volume":900,"label":" ","price":2.49},{"type":"A","date":"2018-04-13T02:13:53.000Z","volume":600,"label":" ","price":2.49},{"type":"A","date":"2018-04-13T02:14:04.000Z","volume":1700,"label":" ","price":2.49},{"type":"A","date":"2018-04-13T02:14:06.000Z","volume":10000,"label":" ","price":2.49},{"type":"A","date":"2018-04-13T02:14:59.000Z","volume":1100,"label":" ","price":2.49},{"type":"A","date":"2018-04-13T02:15:21.000Z","volume":600,"label":" ","price":2.49},{"type":"A","date":"2018-04-13T02:15:41.000Z","volume":2000,"label":" ","price":2.49},{"type":"A","date":"2018-04-13T02:15:43.000Z","volume":600,"label":" ","price":2.49},{"type":"B","date":"2018-04-13T02:15:48.000Z","volume":100,"label":" ","price":2.48},{"type":"A","date":"2018-04-13T02:16:09.000Z","volume":700,"label":" ","price":2.49},{"type":"A","date":"2018-04-13T02:16:26.000Z","volume":400,"label":"Y","price":2.49},{"type":"A","date":"2018-04-13T02:16:37.000Z","volume":600,"label":" ","price":2.49},{"type":"A","date":"2018-04-13T02:16:46.000Z","volume":1700,"label":"Y","price":2.49},{"type":"A","date":"2018-04-13T02:16:54.000Z","volume":200,"label":" ","price":2.49},{"type":"A","date":"2018-04-13T02:17:09.000Z","volume":600,"label":" ","price":2.49},{"type":"A","date":"2018-04-13T02:17:40.000Z","volume":900,"label":" ","price":2.49},{"type":"A","date":"2018-04-13T02:17:49.000Z","volume":600,"label":" ","price":2.49},{"type":"A","date":"2018-04-13T02:19:03.000Z","volume":1100,"label":" ","price":2.49},{"type":"B","date":"2018-04-13T02:19:11.000Z","volume":3000,"label":" ","price":2.48},{"type":"B","date":"2018-04-13T02:19:31.000Z","volume":100,"label":" ","price":2.48},{"type":"A","date":"2018-04-13T02:19:46.000Z","volume":400,"label":"Y","price":2.49},{"type":"A","date":"2018-04-13T02:20:33.000Z","volume":4000,"label":" ","price":2.49},{"type":"A","date":"2018-04-13T02:20:37.000Z","volume":600,"label":" ","price":2.49},{"type":"A","date":"2018-04-13T02:21:00.000Z","volume":4000,"label":" ","price":2.49},{"type":"B","date":"2018-04-13T02:21:22.000Z","volume":10000,"label":" ","price":2.48},{"type":"A","date":"2018-04-13T02:21:31.000Z","volume":600,"label":" ","price":2.49},{"type":"A","date":"2018-04-13T02:21:40.000Z","volume":900,"label":" ","price":2.49},{"type":"A","date":"2018-04-13T02:22:25.000Z","volume":600,"label":" ","price":2.49},{"type":"B","date":"2018-04-13T02:23:02.000Z","volume":100,"label":" ","price":2.48},{"type":"A","date":"2018-04-13T02:23:13.000Z","volume":600,"label":" ","price":2.49},{"type":"A","date":"2018-04-13T02:23:29.000Z","volume":200,"label":" ","price":2.49},{"type":"A","date":"2018-04-13T02:23:41.000Z","volume":700,"label":" ","price":2.49},{"type":"A","date":"2018-04-13T02:24:12.000Z","volume":400,"label":"Y","price":2.49},{"type":"A","date":"2018-04-13T02:24:14.000Z","volume":1700,"label":"Y","price":2.49},{"type":"A","date":"2018-04-13T02:24:45.000Z","volume":3800,"label":" ","price":2.49},{"type":"A","date":"2018-04-13T02:25:01.000Z","volume":10000,"label":" ","price":2.49},{"type":"A","date":"2018-04-13T02:25:12.000Z","volume":400,"label":"Y","price":2.49},{"type":"A","date":"2018-04-13T02:25:12.000Z","volume":1900,"label":"Y","price":2.49},{"type":"A","date":"2018-04-13T02:25:39.000Z","volume":1100,"label":" ","price":2.49},{"type":"A","date":"2018-04-13T02:25:40.000Z","volume":900,"label":" ","price":2.49},{"type":"A","date":"2018-04-13T02:26:21.000Z","volume":600,"label":" ","price":2.49},{"type":"B","date":"2018-04-13T02:26:33.000Z","volume":100,"label":" ","price":2.48},{"type":"A","date":"2018-04-13T02:26:42.000Z","volume":100,"label":" ","price":2.49},{"type":"A","date":"2018-04-13T02:26:52.000Z","volume":400,"label":"Y","price":2.49},{"type":"A","date":"2018-04-13T02:26:55.000Z","volume":700,"label":" ","price":2.49},{"type":"A","date":"2018-04-13T02:27:01.000Z","volume":1700,"label":"Y","price":2.49},{"type":"A","date":"2018-04-13T02:27:19.000Z","volume":600,"label":" ","price":2.49},{"type":"A","date":"2018-04-13T02:27:41.000Z","volume":600,"label":" ","price":2.49},{"type":"A","date":"2018-04-13T02:28:09.000Z","volume":600,"label":" ","price":2.49},{"type":"A","date":"2018-04-13T02:28:10.000Z","volume":400,"label":"Y","price":2.49},{"type":"B","date":"2018-04-13T02:28:16.000Z","volume":50000,"label":" ","price":2.48},{"type":"B","date":"2018-04-13T02:28:16.000Z","volume":151500,"label":" ","price":2.48},{"type":"B","date":"2018-04-13T02:28:16.000Z","volume":17000,"label":" ","price":2.48},{"type":"B","date":"2018-04-13T02:28:16.000Z","volume":500,"label":" ","price":2.48},{"type":"B","date":"2018-04-13T02:28:18.000Z","volume":3600,"label":" ","price":2.47},{"type":"B","date":"2018-04-13T02:28:47.000Z","volume":100000,"label":" ","price":2.47},{"type":"B","date":"2018-04-13T02:29:25.000Z","volume":65100,"label":" ","price":2.47},{"type":"B","date":"2018-04-13T02:29:25.000Z","volume":22100,"label":" ","price":2.47},{"type":"B","date":"2018-04-13T02:29:25.000Z","volume":43500,"label":" ","price":2.47},{"type":"B","date":"2018-04-13T02:29:25.000Z","volume":11900,"label":" ","price":2.47},{"type":"B","date":"2018-04-13T02:29:25.000Z","volume":900,"label":" ","price":2.47},{"type":"B","date":"2018-04-13T02:29:54.000Z","volume":100,"label":" ","price":2.46},{"type":"A","date":"2018-04-13T02:31:39.000Z","volume":50000,"label":" ","price":2.48},{"type":"B","date":"2018-04-13T02:33:26.000Z","volume":100,"label":" ","price":2.47},{"type":"A","date":"2018-04-13T02:33:40.000Z","volume":800,"label":" ","price":2.48},{"type":"A","date":"2018-04-13T02:33:48.000Z","volume":20000,"label":" ","price":2.48},{"type":"B","date":"2018-04-13T02:37:06.000Z","volume":100,"label":" ","price":2.47},{"type":"A","date":"2018-04-13T02:37:40.000Z","volume":900,"label":" ","price":2.48},{"type":"A","date":"2018-04-13T02:38:15.000Z","volume":100,"label":" ","price":2.48},{"type":"B","date":"2018-04-13T02:39:06.000Z","volume":100,"label":" ","price":2.47},{"type":"B","date":"2018-04-13T02:39:24.000Z","volume":100,"label":" ","price":2.47},{"type":"B","date":"2018-04-13T02:39:30.000Z","volume":300,"label":" ","price":2.47},{"type":"B","date":"2018-04-13T02:39:54.000Z","volume":200,"label":" ","price":2.47},{"type":"B","date":"2018-04-13T02:40:00.000Z","volume":100,"label":" ","price":2.47},{"type":"B","date":"2018-04-13T02:40:06.000Z","volume":200,"label":" ","price":2.47},{"type":"B","date":"2018-04-13T02:40:09.000Z","volume":50000,"label":" ","price":2.47},{"type":"A","date":"2018-04-13T02:41:25.000Z","volume":100,"label":" ","price":2.48},{"type":"B","date":"2018-04-13T02:41:38.000Z","volume":100,"label":" ","price":2.47},{"type":"A","date":"2018-04-13T02:45:40.000Z","volume":900,"label":" ","price":2.48},{"type":"U","date":"2018-04-13T02:46:59.000Z","volume":87,"label":"D","price":2.49},{"type":"B","date":"2018-04-13T02:47:08.000Z","volume":100,"label":" ","price":2.47},{"type":"A","date":"2018-04-13T02:49:50.000Z","volume":900,"label":" ","price":2.48},{"type":"A","date":"2018-04-13T02:53:27.000Z","volume":400,"label":" ","price":2.48},{"type":"A","date":"2018-04-13T02:53:50.000Z","volume":900,"label":" ","price":2.48},{"type":"A","date":"2018-04-13T02:54:34.000Z","volume":600,"label":" ","price":2.48},{"type":"B","date":"2018-04-13T02:54:41.000Z","volume":100,"label":" ","price":2.47},{"type":"A","date":"2018-04-13T02:55:47.000Z","volume":600,"label":" ","price":2.48},{"type":"A","date":"2018-04-13T02:56:14.000Z","volume":100,"label":" ","price":2.48},{"type":"B","date":"2018-04-13T02:56:26.000Z","volume":100,"label":" ","price":2.47},{"type":"A","date":"2018-04-13T02:56:57.000Z","volume":600,"label":" ","price":2.48},{"type":"B","date":"2018-04-13T02:57:14.000Z","volume":27200,"label":" ","price":2.47},{"type":"A","date":"2018-04-13T03:01:50.000Z","volume":900,"label":" ","price":2.47},{"type":"B","date":"2018-04-13T03:02:12.000Z","volume":100,"label":" ","price":2.46},{"type":"B","date":"2018-04-13T03:02:37.000Z","volume":100,"label":" ","price":2.46},{"type":"B","date":"2018-04-13T03:02:49.000Z","volume":100,"label":" ","price":2.46},{"type":"A","date":"2018-04-13T03:03:33.000Z","volume":500,"label":" ","price":2.47},{"type":"B","date":"2018-04-13T03:03:43.000Z","volume":100,"label":" ","price":2.46},{"type":"B","date":"2018-04-13T03:03:55.000Z","volume":300,"label":" ","price":2.46},{"type":"B","date":"2018-04-13T03:05:49.000Z","volume":20000,"label":" ","price":2.46},{"type":"A","date":"2018-04-13T03:05:50.000Z","volume":900,"label":" ","price":2.47},{"type":"B","date":"2018-04-13T03:07:52.000Z","volume":100,"label":" ","price":2.46},{"type":"A","date":"2018-04-13T03:07:54.000Z","volume":100,"label":" ","price":2.47},{"type":"B","date":"2018-04-13T03:08:06.000Z","volume":100,"label":" ","price":2.46},{"type":"A","date":"2018-04-13T03:10:00.000Z","volume":900,"label":" ","price":2.47},{"type":"A","date":"2018-04-13T03:10:42.000Z","volume":2500,"label":"Y","price":2.47},{"type":"A","date":"2018-04-13T03:10:42.000Z","volume":2500,"label":" ","price":2.47},{"type":"B","date":"2018-04-13T03:11:12.000Z","volume":300,"label":" ","price":2.46},{"type":"B","date":"2018-04-13T03:12:23.000Z","volume":100,"label":" ","price":2.46},{"type":"A","date":"2018-04-13T03:12:31.000Z","volume":400,"label":" ","price":2.47},{"type":"A","date":"2018-04-13T03:12:40.000Z","volume":10000,"label":" ","price":2.47},{"type":"A","date":"2018-04-13T03:12:55.000Z","volume":400,"label":" ","price":2.47},{"type":"B","date":"2018-04-13T03:13:07.000Z","volume":200,"label":" ","price":2.46},{"type":"A","date":"2018-04-13T03:13:48.000Z","volume":100,"label":" ","price":2.47},{"type":"A","date":"2018-04-13T03:13:50.000Z","volume":900,"label":" ","price":2.47},{"type":"A","date":"2018-04-13T03:14:07.000Z","volume":400,"label":" ","price":2.47},{"type":"A","date":"2018-04-13T03:14:36.000Z","volume":1700,"label":" ","price":2.47},{"type":"A","date":"2018-04-13T03:15:07.000Z","volume":400,"label":" ","price":2.47},{"type":"B","date":"2018-04-13T03:16:24.000Z","volume":100,"label":" ","price":2.46},{"type":"A","date":"2018-04-13T03:16:52.000Z","volume":1600,"label":" ","price":2.47},{"type":"A","date":"2018-04-13T03:17:05.000Z","volume":600,"label":" ","price":2.47},{"type":"A","date":"2018-04-13T03:17:25.000Z","volume":400,"label":" ","price":2.47},{"type":"A","date":"2018-04-13T03:17:51.000Z","volume":600,"label":" ","price":2.47},{"type":"A","date":"2018-04-13T03:18:00.000Z","volume":900,"label":" ","price":2.47},{"type":"A","date":"2018-04-13T03:18:27.000Z","volume":600,"label":" ","price":2.47},{"type":"A","date":"2018-04-13T03:19:01.000Z","volume":600,"label":" ","price":2.47},{"type":"A","date":"2018-04-13T03:19:31.000Z","volume":600,"label":" ","price":2.47},{"type":"A","date":"2018-04-13T03:20:01.000Z","volume":600,"label":" ","price":2.47},{"type":"A","date":"2018-04-13T03:20:01.000Z","volume":400,"label":" ","price":2.47},{"type":"B","date":"2018-04-13T03:20:05.000Z","volume":100,"label":" ","price":2.46},{"type":"A","date":"2018-04-13T03:20:21.000Z","volume":100,"label":" ","price":2.47},{"type":"A","date":"2018-04-13T03:20:49.000Z","volume":600,"label":" ","price":2.47},{"type":"A","date":"2018-04-13T03:20:56.000Z","volume":200,"label":" ","price":2.47},{"type":"A","date":"2018-04-13T03:21:33.000Z","volume":600,"label":" ","price":2.47},{"type":"A","date":"2018-04-13T03:22:00.000Z","volume":900,"label":" ","price":2.47},{"type":"A","date":"2018-04-13T03:22:19.000Z","volume":400,"label":" ","price":2.47},{"type":"A","date":"2018-04-13T03:22:27.000Z","volume":600,"label":" ","price":2.47},{"type":"A","date":"2018-04-13T03:23:17.000Z","volume":400,"label":"Y","price":2.47},{"type":"A","date":"2018-04-13T03:23:17.000Z","volume":3100,"label":" ","price":2.47},{"type":"A","date":"2018-04-13T03:23:35.000Z","volume":600,"label":" ","price":2.47},{"type":"B","date":"2018-04-13T03:24:06.000Z","volume":100,"label":" ","price":2.46},{"type":"B","date":"2018-04-13T03:24:45.000Z","volume":2000,"label":" ","price":2.46},{"type":"A","date":"2018-04-13T03:24:47.000Z","volume":600,"label":" ","price":2.47},{"type":"A","date":"2018-04-13T03:25:53.000Z","volume":600,"label":" ","price":2.47},{"type":"A","date":"2018-04-13T03:25:57.000Z","volume":100,"label":" ","price":2.47},{"type":"A","date":"2018-04-13T03:26:00.000Z","volume":900,"label":" ","price":2.47},{"type":"A","date":"2018-04-13T03:26:19.000Z","volume":400,"label":" ","price":2.47},{"type":"A","date":"2018-04-13T03:27:29.000Z","volume":600,"label":" ","price":2.47},{"type":"B","date":"2018-04-13T03:28:05.000Z","volume":100,"label":" ","price":2.46},{"type":"B","date":"2018-04-13T03:28:11.000Z","volume":200,"label":" ","price":2.46},{"type":"A","date":"2018-04-13T03:28:33.000Z","volume":600,"label":" ","price":2.47},{"type":"B","date":"2018-04-13T03:28:48.000Z","volume":100,"label":" ","price":2.46},{"type":"A","date":"2018-04-13T03:29:19.000Z","volume":600,"label":" ","price":2.47},{"type":"A","date":"2018-04-13T03:29:43.000Z","volume":600,"label":" ","price":2.47},{"type":"A","date":"2018-04-13T03:30:00.000Z","volume":900,"label":" ","price":2.47},{"type":"A","date":"2018-04-13T03:30:37.000Z","volume":100,"label":" ","price":2.47},{"type":"A","date":"2018-04-13T03:30:49.000Z","volume":600,"label":" ","price":2.47},{"type":"A","date":"2018-04-13T03:30:56.000Z","volume":200,"label":"Y","price":2.47},{"type":"A","date":"2018-04-13T03:30:57.000Z","volume":1300,"label":" ","price":2.47},{"type":"A","date":"2018-04-13T03:32:33.000Z","volume":600,"label":" ","price":2.47},{"type":"A","date":"2018-04-13T03:34:00.000Z","volume":900,"label":" ","price":2.47},{"type":"B","date":"2018-04-13T03:34:04.000Z","volume":2000,"label":" ","price":2.46},{"type":"B","date":"2018-04-13T03:34:39.000Z","volume":100,"label":" ","price":2.46},{"type":"A","date":"2018-04-13T03:35:39.000Z","volume":1100,"label":" ","price":2.47},{"type":"A","date":"2018-04-13T03:36:49.000Z","volume":600,"label":" ","price":2.47},{"type":"A","date":"2018-04-13T03:37:03.000Z","volume":1000,"label":" ","price":2.47},{"type":"A","date":"2018-04-13T03:37:18.000Z","volume":400,"label":" ","price":2.47},{"type":"A","date":"2018-04-13T03:37:42.000Z","volume":1100,"label":" ","price":2.47},{"type":"A","date":"2018-04-13T03:38:00.000Z","volume":900,"label":" ","price":2.47},{"type":"A","date":"2018-04-13T03:38:04.000Z","volume":1000,"label":" ","price":2.47},{"type":"A","date":"2018-04-13T03:38:33.000Z","volume":600,"label":" ","price":2.47},{"type":"B","date":"2018-04-13T03:39:20.000Z","volume":10000,"label":" ","price":2.46},{"type":"B","date":"2018-04-13T03:39:42.000Z","volume":10000,"label":" ","price":2.46},{"type":"A","date":"2018-04-13T03:39:49.000Z","volume":600,"label":" ","price":2.47},{"type":"A","date":"2018-04-13T03:40:27.000Z","volume":600,"label":" ","price":2.47},{"type":"B","date":"2018-04-13T03:40:52.000Z","volume":100,"label":" ","price":2.46},{"type":"A","date":"2018-04-13T03:41:01.000Z","volume":600,"label":" ","price":2.47},{"type":"A","date":"2018-04-13T03:41:37.000Z","volume":1100,"label":" ","price":2.47},{"type":"A","date":"2018-04-13T03:41:56.000Z","volume":200,"label":"Y","price":2.47},{"type":"A","date":"2018-04-13T03:42:00.000Z","volume":800,"label":" ","price":2.47},{"type":"A","date":"2018-04-13T03:43:13.000Z","volume":600,"label":" ","price":2.47},{"type":"A","date":"2018-04-13T03:43:49.000Z","volume":600,"label":" ","price":2.47},{"type":"A","date":"2018-04-13T03:45:03.000Z","volume":600,"label":" ","price":2.47},{"type":"A","date":"2018-04-13T03:45:23.000Z","volume":400,"label":" ","price":2.47},{"type":"A","date":"2018-04-13T03:45:32.000Z","volume":1000,"label":" ","price":2.47},{"type":"A","date":"2018-04-13T03:45:47.000Z","volume":600,"label":" ","price":2.47},{"type":"A","date":"2018-04-13T03:46:00.000Z","volume":900,"label":" ","price":2.47},{"type":"B","date":"2018-04-13T03:46:03.000Z","volume":300,"label":" ","price":2.46},{"type":"A","date":"2018-04-13T03:46:46.000Z","volume":1000,"label":" ","price":2.47},{"type":"B","date":"2018-04-13T03:46:48.000Z","volume":7500,"label":" ","price":2.46},{"type":"B","date":"2018-04-13T03:46:50.000Z","volume":4000,"label":" ","price":2.46},{"type":"A","date":"2018-04-13T03:47:09.000Z","volume":600,"label":" ","price":2.47},{"type":"A","date":"2018-04-13T03:47:19.000Z","volume":1800,"label":" ","price":2.47},{"type":"A","date":"2018-04-13T03:47:20.000Z","volume":5900,"label":" ","price":2.47},{"type":"B","date":"2018-04-13T03:48:34.000Z","volume":100,"label":" ","price":2.46},{"type":"A","date":"2018-04-13T03:48:35.000Z","volume":600,"label":" ","price":2.47},{"type":"A","date":"2018-04-13T03:49:00.000Z","volume":1200,"label":" ","price":2.47},{"type":"A","date":"2018-04-13T03:49:10.000Z","volume":400,"label":" ","price":2.47},{"type":"A","date":"2018-04-13T03:50:10.000Z","volume":900,"label":" ","price":2.47},{"type":"A","date":"2018-04-13T03:50:23.000Z","volume":600,"label":" ","price":2.47},{"type":"A","date":"2018-04-13T03:51:49.000Z","volume":600,"label":" ","price":2.47},{"type":"A","date":"2018-04-13T03:51:52.000Z","volume":1200,"label":" ","price":2.47},{"type":"B","date":"2018-04-13T03:52:45.000Z","volume":100,"label":" ","price":2.46},{"type":"A","date":"2018-04-13T03:52:58.000Z","volume":400,"label":" ","price":2.47},{"type":"A","date":"2018-04-13T03:53:21.000Z","volume":600,"label":" ","price":2.47},{"type":"A","date":"2018-04-13T03:53:52.000Z","volume":1000,"label":" ","price":2.47},{"type":"A","date":"2018-04-13T03:54:10.000Z","volume":900,"label":" ","price":2.47},{"type":"A","date":"2018-04-13T03:54:27.000Z","volume":200,"label":" ","price":2.47},{"type":"A","date":"2018-04-13T03:54:52.000Z","volume":1000,"label":" ","price":2.47},{"type":"A","date":"2018-04-13T03:55:13.000Z","volume":1000,"label":" ","price":2.47},{"type":"A","date":"2018-04-13T03:55:22.000Z","volume":200,"label":" ","price":2.47},{"type":"A","date":"2018-04-13T03:55:27.000Z","volume":600,"label":" ","price":2.47},{"type":"A","date":"2018-04-13T03:55:52.000Z","volume":1000,"label":" ","price":2.47},{"type":"A","date":"2018-04-13T03:56:18.000Z","volume":400,"label":" ","price":2.47},{"type":"A","date":"2018-04-13T03:56:52.000Z","volume":1000,"label":" ","price":2.47},{"type":"A","date":"2018-04-13T03:56:58.000Z","volume":100,"label":" ","price":2.47},{"type":"A","date":"2018-04-13T03:57:25.000Z","volume":600,"label":" ","price":2.47},{"type":"A","date":"2018-04-13T03:58:10.000Z","volume":900,"label":" ","price":2.47},{"type":"B","date":"2018-04-13T03:58:22.000Z","volume":60000,"label":" ","price":2.46},{"type":"A","date":"2018-04-13T03:58:58.000Z","volume":600,"label":" ","price":2.47},{"type":"A","date":"2018-04-13T03:59:20.000Z","volume":1000,"label":" ","price":2.47},{"type":"A","date":"2018-04-13T03:59:53.000Z","volume":40000,"label":" ","price":2.47},{"type":"A","date":"2018-04-13T05:00:00.000Z","volume":2300,"label":" ","price":2.47},{"type":"A","date":"2018-04-13T05:00:10.000Z","volume":900,"label":" ","price":2.47},{"type":"A","date":"2018-04-13T05:00:15.000Z","volume":700,"label":" ","price":2.47},{"type":"A","date":"2018-04-13T05:00:35.000Z","volume":600,"label":" ","price":2.47},{"type":"A","date":"2018-04-13T05:00:51.000Z","volume":100,"label":" ","price":2.47},{"type":"A","date":"2018-04-13T05:00:55.000Z","volume":700,"label":" ","price":2.47},{"type":"A","date":"2018-04-13T05:01:59.000Z","volume":600,"label":" ","price":2.47},{"type":"A","date":"2018-04-13T05:02:09.000Z","volume":100,"label":" ","price":2.47},{"type":"A","date":"2018-04-13T05:02:48.000Z","volume":100,"label":" ","price":2.47},{"type":"A","date":"2018-04-13T05:03:45.000Z","volume":600,"label":" ","price":2.47},{"type":"A","date":"2018-04-13T05:03:49.000Z","volume":3300,"label":" ","price":2.47},{"type":"B","date":"2018-04-13T05:04:01.000Z","volume":100,"label":" ","price":2.46},{"type":"A","date":"2018-04-13T05:05:39.000Z","volume":600,"label":" ","price":2.47},{"type":"A","date":"2018-04-13T05:06:10.000Z","volume":900,"label":" ","price":2.47},{"type":"B","date":"2018-04-13T05:07:32.000Z","volume":100,"label":" ","price":2.46},{"type":"A","date":"2018-04-13T05:08:53.000Z","volume":1100,"label":" ","price":2.47},{"type":"A","date":"2018-04-13T05:10:10.000Z","volume":900,"label":" ","price":2.47},{"type":"A","date":"2018-04-13T05:11:09.000Z","volume":600,"label":" ","price":2.47},{"type":"A","date":"2018-04-13T05:12:01.000Z","volume":5000,"label":" ","price":2.47},{"type":"A","date":"2018-04-13T05:12:17.000Z","volume":600,"label":" ","price":2.47},{"type":"A","date":"2018-04-13T05:13:41.000Z","volume":600,"label":" ","price":2.47},{"type":"A","date":"2018-04-13T05:14:10.000Z","volume":900,"label":" ","price":2.47},{"type":"A","date":"2018-04-13T05:15:58.000Z","volume":200,"label":" ","price":2.47},{"type":"A","date":"2018-04-13T05:16:17.000Z","volume":600,"label":" ","price":2.47},{"type":"A","date":"2018-04-13T05:17:15.000Z","volume":600,"label":" ","price":2.47},{"type":"A","date":"2018-04-13T05:18:07.000Z","volume":2300,"label":" ","price":2.47},{"type":"A","date":"2018-04-13T05:18:20.000Z","volume":900,"label":" ","price":2.47},{"type":"A","date":"2018-04-13T05:18:30.000Z","volume":600,"label":" ","price":2.47},{"type":"A","date":"2018-04-13T05:19:45.000Z","volume":600,"label":" ","price":2.47},{"type":"B","date":"2018-04-13T05:20:14.000Z","volume":100,"label":" ","price":2.46},{"type":"A","date":"2018-04-13T05:20:47.000Z","volume":600,"label":" ","price":2.47},{"type":"A","date":"2018-04-13T05:21:33.000Z","volume":600,"label":" ","price":2.47},{"type":"A","date":"2018-04-13T05:22:20.000Z","volume":900,"label":" ","price":2.47},{"type":"A","date":"2018-04-13T05:22:20.000Z","volume":600,"label":" ","price":2.47},{"type":"B","date":"2018-04-13T05:23:30.000Z","volume":2000,"label":" ","price":2.46},{"type":"A","date":"2018-04-13T05:23:32.000Z","volume":1200,"label":" ","price":2.47},{"type":"A","date":"2018-04-13T05:25:32.000Z","volume":800,"label":" ","price":2.47},{"type":"A","date":"2018-04-13T05:26:13.000Z","volume":800,"label":" ","price":2.47},{"type":"A","date":"2018-04-13T05:26:20.000Z","volume":900,"label":" ","price":2.47},{"type":"A","date":"2018-04-13T05:26:39.000Z","volume":700,"label":" ","price":2.47},{"type":"B","date":"2018-04-13T05:26:55.000Z","volume":100,"label":" ","price":2.46},{"type":"A","date":"2018-04-13T05:27:04.000Z","volume":600,"label":" ","price":2.47},{"type":"A","date":"2018-04-13T05:27:29.000Z","volume":200,"label":" ","price":2.47},{"type":"A","date":"2018-04-13T05:27:33.000Z","volume":600,"label":" ","price":2.47},{"type":"A","date":"2018-04-13T05:28:01.000Z","volume":600,"label":" ","price":2.47},{"type":"A","date":"2018-04-13T05:28:04.000Z","volume":900,"label":" ","price":2.47},{"type":"A","date":"2018-04-13T05:29:27.000Z","volume":600,"label":" ","price":2.47},{"type":"A","date":"2018-04-13T05:30:19.000Z","volume":900,"label":" ","price":2.47},{"type":"A","date":"2018-04-13T05:30:20.000Z","volume":900,"label":" ","price":2.47},{"type":"B","date":"2018-04-13T05:30:31.000Z","volume":6000,"label":"Y","price":2.46},{"type":"B","date":"2018-04-13T05:30:31.000Z","volume":94000,"label":" ","price":2.46},{"type":"B","date":"2018-04-13T05:30:42.000Z","volume":16000,"label":" ","price":2.46},{"type":"A","date":"2018-04-13T05:32:20.000Z","volume":2700,"label":" ","price":2.47},{"type":"B","date":"2018-04-13T05:33:16.000Z","volume":100,"label":" ","price":2.46},{"type":"B","date":"2018-04-13T05:33:19.000Z","volume":275000,"label":" ","price":2.46},{"type":"B","date":"2018-04-13T05:33:19.000Z","volume":25000,"label":" ","price":2.46},{"type":"B","date":"2018-04-13T05:33:19.000Z","volume":6700,"label":" ","price":2.45},{"type":"A","date":"2018-04-13T05:37:51.000Z","volume":100,"label":" ","price":2.47},{"type":"B","date":"2018-04-13T05:38:04.000Z","volume":100,"label":" ","price":2.46},{"type":"A","date":"2018-04-13T05:38:20.000Z","volume":900,"label":" ","price":2.47},{"type":"B","date":"2018-04-13T05:40:28.000Z","volume":100,"label":" ","price":2.46},{"type":"A","date":"2018-04-13T05:42:09.000Z","volume":200,"label":" ","price":2.47},{"type":"A","date":"2018-04-13T05:42:20.000Z","volume":900,"label":" ","price":2.47},{"type":"B","date":"2018-04-13T05:45:20.000Z","volume":8100,"label":" ","price":2.46},{"type":"A","date":"2018-04-13T05:46:30.000Z","volume":900,"label":" ","price":2.47},{"type":"A","date":"2018-04-13T05:47:11.000Z","volume":100,"label":" ","price":2.47},{"type":"B","date":"2018-04-13T05:48:39.000Z","volume":100,"label":" ","price":2.46},{"type":"B","date":"2018-04-13T05:49:07.000Z","volume":300,"label":" ","price":2.46},{"type":"A","date":"2018-04-13T05:49:28.000Z","volume":700,"label":" ","price":2.47},{"type":"A","date":"2018-04-13T05:50:30.000Z","volume":800,"label":" ","price":2.47},{"type":"A","date":"2018-04-13T05:54:30.000Z","volume":900,"label":" ","price":2.47},{"type":"A","date":"2018-04-13T05:55:51.000Z","volume":2800,"label":" ","price":2.47},{"type":"B","date":"2018-04-13T05:56:02.000Z","volume":100,"label":" ","price":2.46},{"type":"A","date":"2018-04-13T05:57:51.000Z","volume":4000,"label":" ","price":2.47},{"type":"B","date":"2018-04-13T05:58:24.000Z","volume":100,"label":" ","price":2.46},{"type":"A","date":"2018-04-13T05:58:30.000Z","volume":900,"label":" ","price":2.47},{"type":"B","date":"2018-04-13T05:58:42.000Z","volume":200,"label":" ","price":2.46},{"type":"B","date":"2018-04-13T05:58:54.000Z","volume":100,"label":" ","price":2.46},{"type":"A","date":"2018-04-13T05:59:30.000Z","volume":200,"label":" ","price":2.47},{"type":"B","date":"2018-04-13T06:00:06.000Z","volume":100,"label":" ","price":2.46},{"type":"B","date":"2018-04-13T06:00:12.000Z","volume":200,"label":" ","price":2.46},{"type":"B","date":"2018-04-13T06:00:18.000Z","volume":200,"label":" ","price":2.46},{"type":"B","date":"2018-04-13T06:00:24.000Z","volume":100,"label":" ","price":2.46},{"type":"B","date":"2018-04-13T06:00:30.000Z","volume":100,"label":" ","price":2.46},{"type":"B","date":"2018-04-13T06:01:18.000Z","volume":100,"label":" ","price":2.46},{"type":"B","date":"2018-04-13T06:01:30.000Z","volume":100,"label":" ","price":2.46},{"type":"B","date":"2018-04-13T06:01:36.000Z","volume":200,"label":" ","price":2.46},{"type":"B","date":"2018-04-13T06:01:42.000Z","volume":200,"label":" ","price":2.46},{"type":"B","date":"2018-04-13T06:01:48.000Z","volume":300,"label":" ","price":2.46},{"type":"B","date":"2018-04-13T06:01:54.000Z","volume":100,"label":" ","price":2.46},{"type":"B","date":"2018-04-13T06:02:00.000Z","volume":100,"label":" ","price":2.46},{"type":"A","date":"2018-04-13T06:02:30.000Z","volume":900,"label":" ","price":2.47},{"type":"A","date":"2018-04-13T06:06:30.000Z","volume":900,"label":" ","price":2.47},{"type":"B","date":"2018-04-13T06:07:05.000Z","volume":100,"label":" ","price":2.46},{"type":"A","date":"2018-04-13T06:09:30.000Z","volume":200,"label":" ","price":2.47},{"type":"A","date":"2018-04-13T06:10:40.000Z","volume":900,"label":" ","price":2.47},{"type":"A","date":"2018-04-13T06:10:55.000Z","volume":400,"label":" ","price":2.47},{"type":"B","date":"2018-04-13T06:11:36.000Z","volume":100,"label":" ","price":2.46},{"type":"A","date":"2018-04-13T06:11:51.000Z","volume":600,"label":" ","price":2.47},{"type":"A","date":"2018-04-13T06:13:03.000Z","volume":600,"label":" ","price":2.47},{"type":"A","date":"2018-04-13T06:13:39.000Z","volume":600,"label":" ","price":2.47},{"type":"A","date":"2018-04-13T06:14:21.000Z","volume":600,"label":" ","price":2.47},{"type":"A","date":"2018-04-13T06:14:39.000Z","volume":70700,"label":" ","price":2.47},{"type":"A","date":"2018-04-13T06:14:40.000Z","volume":900,"label":" ","price":2.47},{"type":"A","date":"2018-04-13T06:15:14.000Z","volume":600,"label":" ","price":2.47},{"type":"A","date":"2018-04-13T06:15:35.000Z","volume":100,"label":" ","price":2.47},{"type":"B","date":"2018-04-13T06:15:54.000Z","volume":100,"label":" ","price":2.46},{"type":"B","date":"2018-04-13T06:16:06.000Z","volume":100,"label":" ","price":2.46},{"type":"A","date":"2018-04-13T06:17:55.000Z","volume":100,"label":" ","price":2.47},{"type":"A","date":"2018-04-13T06:18:40.000Z","volume":900,"label":" ","price":2.47},{"type":"A","date":"2018-04-13T06:18:47.000Z","volume":1100,"label":" ","price":2.47},{"type":"A","date":"2018-04-13T06:19:17.000Z","volume":800,"label":"Y","price":2.47},{"type":"A","date":"2018-04-13T06:19:21.000Z","volume":600,"label":" ","price":2.47},{"type":"A","date":"2018-04-13T06:19:30.000Z","volume":200,"label":" ","price":2.47},{"type":"A","date":"2018-04-13T06:19:30.000Z","volume":200,"label":" ","price":2.47},{"type":"A","date":"2018-04-13T06:19:47.000Z","volume":700,"label":" ","price":2.47},{"type":"B","date":"2018-04-13T06:20:28.000Z","volume":100,"label":" ","price":2.46},{"type":"A","date":"2018-04-13T06:20:29.000Z","volume":1200,"label":"Y","price":2.47},{"type":"A","date":"2018-04-13T06:20:31.000Z","volume":600,"label":" ","price":2.47},{"type":"A","date":"2018-04-13T06:22:07.000Z","volume":600,"label":" ","price":2.47},{"type":"A","date":"2018-04-13T06:22:40.000Z","volume":900,"label":" ","price":2.47},{"type":"A","date":"2018-04-13T06:22:40.000Z","volume":600,"label":" ","price":2.47},{"type":"A","date":"2018-04-13T06:23:04.000Z","volume":100,"label":" ","price":2.47},{"type":"B","date":"2018-04-13T06:23:15.000Z","volume":100,"label":" ","price":2.46},{"type":"A","date":"2018-04-13T06:23:59.000Z","volume":600,"label":" ","price":2.47},{"type":"A","date":"2018-04-13T06:24:32.000Z","volume":800,"label":"Y","price":2.47},{"type":"B","date":"2018-04-13T06:25:10.000Z","volume":100,"label":" ","price":2.46},{"type":"A","date":"2018-04-13T06:26:40.000Z","volume":900,"label":" ","price":2.47},{"type":"A","date":"2018-04-13T06:26:43.000Z","volume":800,"label":"Y","price":2.47},{"type":"A","date":"2018-04-13T06:27:35.000Z","volume":1100,"label":" ","price":2.47},{"type":"A","date":"2018-04-13T06:28:19.000Z","volume":500,"label":"Y","price":2.47},{"type":"A","date":"2018-04-13T06:28:46.000Z","volume":700,"label":"Y","price":2.47},{"type":"A","date":"2018-04-13T06:28:46.000Z","volume":600,"label":" ","price":2.47},{"type":"A","date":"2018-04-13T06:29:31.000Z","volume":200,"label":" ","price":2.47},{"type":"A","date":"2018-04-13T06:29:49.000Z","volume":600,"label":" ","price":2.47},{"type":"A","date":"2018-04-13T06:30:40.000Z","volume":900,"label":" ","price":2.47},{"type":"A","date":"2018-04-13T06:30:41.000Z","volume":1200,"label":"Y","price":2.47},{"type":"B","date":"2018-04-13T06:30:42.000Z","volume":100,"label":" ","price":2.46},{"type":"A","date":"2018-04-13T06:31:21.000Z","volume":600,"label":" ","price":2.47},{"type":"A","date":"2018-04-13T06:32:23.000Z","volume":600,"label":" ","price":2.47},{"type":"A","date":"2018-04-13T06:32:39.000Z","volume":700,"label":"Y","price":2.47},{"type":"A","date":"2018-04-13T06:32:59.000Z","volume":500,"label":"Y","price":2.47},{"type":"A","date":"2018-04-13T06:33:28.000Z","volume":42000,"label":" ","price":2.47},{"type":"A","date":"2018-04-13T06:33:33.000Z","volume":600,"label":" ","price":2.47},{"type":"A","date":"2018-04-13T06:34:39.000Z","volume":700,"label":"Y","price":2.47},{"type":"A","date":"2018-04-13T06:34:43.000Z","volume":600,"label":" ","price":2.47},{"type":"A","date":"2018-04-13T06:34:50.000Z","volume":900,"label":" ","price":2.47},{"type":"A","date":"2018-04-13T06:35:40.000Z","volume":100,"label":" ","price":2.47},{"type":"A","date":"2018-04-13T06:36:19.000Z","volume":700,"label":"Y","price":2.47},{"type":"A","date":"2018-04-13T06:36:21.000Z","volume":600,"label":" ","price":2.47},{"type":"A","date":"2018-04-13T06:37:27.000Z","volume":600,"label":" ","price":2.47},{"type":"B","date":"2018-04-13T06:37:28.000Z","volume":200000,"label":" ","price":2.46},{"type":"B","date":"2018-04-13T06:37:28.000Z","volume":3500,"label":" ","price":2.46},{"type":"B","date":"2018-04-13T06:37:34.000Z","volume":100,"label":" ","price":2.46},{"type":"B","date":"2018-04-13T06:37:39.000Z","volume":300,"label":" ","price":2.46},{"type":"A","date":"2018-04-13T06:42:50.000Z","volume":900,"label":" ","price":2.47},{"type":"A","date":"2018-04-13T06:46:50.000Z","volume":900,"label":" ","price":2.47},{"type":"B","date":"2018-04-13T06:47:05.000Z","volume":100,"label":" ","price":2.46},{"type":"A","date":"2018-04-13T06:47:06.000Z","volume":2000,"label":" ","price":2.47},{"type":"A","date":"2018-04-13T06:51:00.000Z","volume":900,"label":" ","price":2.47},{"type":"A","date":"2018-04-13T06:51:22.000Z","volume":3800,"label":" ","price":2.47},{"type":"A","date":"2018-04-13T06:55:00.000Z","volume":900,"label":" ","price":2.47},{"type":"B","date":"2018-04-13T06:56:37.000Z","volume":100,"label":" ","price":2.46},{"type":"B","date":"2018-04-13T06:56:38.000Z","volume":18000,"label":" ","price":2.46},{"type":"A","date":"2018-04-13T06:58:02.000Z","volume":200,"label":" ","price":2.47},{"type":"A","date":"2018-04-13T06:58:50.000Z","volume":800,"label":" ","price":2.47},{"type":"A","date":"2018-04-13T06:59:13.000Z","volume":40200,"label":" ","price":2.47},{"type":"A","date":"2018-04-13T07:03:00.000Z","volume":900,"label":" ","price":2.47},{"type":"B","date":"2018-04-13T07:03:18.000Z","volume":100,"label":" ","price":2.46},{"type":"B","date":"2018-04-13T07:03:41.000Z","volume":190000,"label":" ","price":2.46},{"type":"A","date":"2018-04-13T07:06:50.000Z","volume":900,"label":" ","price":2.47},{"type":"B","date":"2018-04-13T07:08:18.000Z","volume":100,"label":" ","price":2.46},{"type":"A","date":"2018-04-13T07:11:00.000Z","volume":900,"label":" ","price":2.47},{"type":"B","date":"2018-04-13T07:12:29.000Z","volume":100,"label":" ","price":2.46},{"type":"A","date":"2018-04-13T07:15:00.000Z","volume":900,"label":" ","price":2.47},{"type":"B","date":"2018-04-13T07:16:19.000Z","volume":100,"label":" ","price":2.46},{"type":"A","date":"2018-04-13T07:18:53.000Z","volume":2900,"label":" ","price":2.47},{"type":"A","date":"2018-04-13T07:19:10.000Z","volume":900,"label":" ","price":2.47},{"type":"A","date":"2018-04-13T07:19:13.000Z","volume":200,"label":"Y","price":2.47},{"type":"B","date":"2018-04-13T07:19:51.000Z","volume":100,"label":" ","price":2.46},{"type":"A","date":"2018-04-13T07:22:53.000Z","volume":400,"label":" ","price":2.47},{"type":"A","date":"2018-04-13T07:22:58.000Z","volume":100,"label":"Y","price":2.47},{"type":"A","date":"2018-04-13T07:23:00.000Z","volume":900,"label":" ","price":2.47},{"type":"A","date":"2018-04-13T07:23:01.000Z","volume":100,"label":"Y","price":2.47},{"type":"B","date":"2018-04-13T07:23:22.000Z","volume":100,"label":" ","price":2.46},{"type":"A","date":"2018-04-13T07:23:29.000Z","volume":600,"label":" ","price":2.47},{"type":"B","date":"2018-04-13T07:24:02.000Z","volume":100,"label":" ","price":2.46},{"type":"A","date":"2018-04-13T07:24:19.000Z","volume":600,"label":" ","price":2.47},{"type":"A","date":"2018-04-13T07:25:05.000Z","volume":700,"label":" ","price":2.47},{"type":"A","date":"2018-04-13T07:27:00.000Z","volume":900,"label":" ","price":2.47},{"type":"A","date":"2018-04-13T07:27:05.000Z","volume":1100,"label":" ","price":2.47},{"type":"B","date":"2018-04-13T07:27:12.000Z","volume":100,"label":" ","price":2.46},{"type":"A","date":"2018-04-13T07:27:37.000Z","volume":700,"label":" ","price":2.47},{"type":"A","date":"2018-04-13T07:28:11.000Z","volume":600,"label":" ","price":2.47},{"type":"A","date":"2018-04-13T07:28:39.000Z","volume":1700,"label":"Y","price":2.47},{"type":"A","date":"2018-04-13T07:28:45.000Z","volume":600,"label":" ","price":2.47},{"type":"A","date":"2018-04-13T07:28:49.000Z","volume":70200,"label":" ","price":2.47},{"type":"A","date":"2018-04-13T07:28:49.000Z","volume":600,"label":" ","price":2.47},{"type":"A","date":"2018-04-13T07:29:11.000Z","volume":1700,"label":" ","price":2.47},{"type":"A","date":"2018-04-13T07:29:33.000Z","volume":600,"label":" ","price":2.47},{"type":"A","date":"2018-04-13T07:29:33.000Z","volume":100,"label":" ","price":2.47},{"type":"B","date":"2018-04-13T07:29:54.000Z","volume":1000,"label":" ","price":2.46},{"type":"A","date":"2018-04-13T07:30:03.000Z","volume":200,"label":" ","price":2.47},{"type":"B","date":"2018-04-13T07:30:54.000Z","volume":100,"label":" ","price":2.46},{"type":"A","date":"2018-04-13T07:30:55.000Z","volume":600,"label":" ","price":2.47},{"type":"A","date":"2018-04-13T07:31:10.000Z","volume":900,"label":" ","price":2.47},{"type":"A","date":"2018-04-13T07:31:32.000Z","volume":500,"label":"Y","price":2.47},{"type":"A","date":"2018-04-13T07:31:41.000Z","volume":600,"label":" ","price":2.47},{"type":"A","date":"2018-04-13T07:32:19.000Z","volume":600,"label":" ","price":2.47},{"type":"A","date":"2018-04-13T07:32:53.000Z","volume":600,"label":" ","price":2.47},{"type":"A","date":"2018-04-13T07:33:14.000Z","volume":500,"label":"Y","price":2.47},{"type":"A","date":"2018-04-13T07:33:14.000Z","volume":1200,"label":" ","price":2.47},{"type":"A","date":"2018-04-13T07:34:03.000Z","volume":600,"label":" ","price":2.47},{"type":"B","date":"2018-04-13T07:34:54.000Z","volume":100,"label":" ","price":2.46},{"type":"A","date":"2018-04-13T07:35:03.000Z","volume":200,"label":" ","price":2.47},{"type":"A","date":"2018-04-13T07:35:10.000Z","volume":900,"label":" ","price":2.47},{"type":"A","date":"2018-04-13T07:35:29.000Z","volume":600,"label":" ","price":2.47},{"type":"A","date":"2018-04-13T07:35:32.000Z","volume":500,"label":"Y","price":2.47},{"type":"A","date":"2018-04-13T07:36:25.000Z","volume":600,"label":" ","price":2.47},{"type":"A","date":"2018-04-13T07:37:09.000Z","volume":600,"label":" ","price":2.47},{"type":"A","date":"2018-04-13T07:37:13.000Z","volume":1100,"label":"Y","price":2.47},{"type":"A","date":"2018-04-13T07:37:13.000Z","volume":600,"label":" ","price":2.47},{"type":"A","date":"2018-04-13T07:37:49.000Z","volume":500,"label":" ","price":2.47},{"type":"A","date":"2018-04-13T07:38:01.000Z","volume":600,"label":" ","price":2.47},{"type":"A","date":"2018-04-13T07:38:21.000Z","volume":600,"label":" ","price":2.47},{"type":"A","date":"2018-04-13T07:38:31.000Z","volume":600,"label":" ","price":2.47},{"type":"B","date":"2018-04-13T07:38:57.000Z","volume":175000,"label":" ","price":2.46},{"type":"A","date":"2018-04-13T07:39:10.000Z","volume":900,"label":" ","price":2.47},{"type":"B","date":"2018-04-13T07:39:15.000Z","volume":100,"label":" ","price":2.46},{"type":"A","date":"2018-04-13T07:43:10.000Z","volume":900,"label":" ","price":2.47},{"type":"B","date":"2018-04-13T07:43:15.000Z","volume":100,"label":" ","price":2.46},{"type":"A","date":"2018-04-13T07:43:55.000Z","volume":100,"label":"Y","price":2.47},{"type":"A","date":"2018-04-13T07:46:15.000Z","volume":4000,"label":" ","price":2.47},{"type":"A","date":"2018-04-13T07:46:16.000Z","volume":100,"label":"Y","price":2.47},{"type":"B","date":"2018-04-13T07:46:17.000Z","volume":300,"label":" ","price":2.46},{"type":"A","date":"2018-04-13T07:46:21.000Z","volume":800,"label":" ","price":2.47},{"type":"B","date":"2018-04-13T07:46:58.000Z","volume":100,"label":" ","price":2.46},{"type":"A","date":"2018-04-13T07:47:10.000Z","volume":900,"label":" ","price":2.47},{"type":"A","date":"2018-04-13T07:47:51.000Z","volume":700,"label":" ","price":2.47},{"type":"A","date":"2018-04-13T07:48:21.000Z","volume":800,"label":" ","price":2.47},{"type":"A","date":"2018-04-13T07:49:21.000Z","volume":800,"label":" ","price":2.47},{"type":"B","date":"2018-04-13T07:49:40.000Z","volume":30000,"label":" ","price":2.46},{"type":"A","date":"2018-04-13T07:49:45.000Z","volume":300,"label":" ","price":2.47},{"type":"B","date":"2018-04-13T07:49:48.000Z","volume":100,"label":" ","price":2.46},{"type":"A","date":"2018-04-13T07:50:15.000Z","volume":200,"label":" ","price":2.47},{"type":"A","date":"2018-04-13T07:50:45.000Z","volume":300,"label":" ","price":2.47},{"type":"A","date":"2018-04-13T07:51:10.000Z","volume":900,"label":" ","price":2.47},{"type":"A","date":"2018-04-13T07:51:16.000Z","volume":600,"label":" ","price":2.47},{"type":"A","date":"2018-04-13T07:51:21.000Z","volume":800,"label":" ","price":2.47},{"type":"A","date":"2018-04-13T07:51:36.000Z","volume":4600,"label":" ","price":2.47},{"type":"A","date":"2018-04-13T07:51:46.000Z","volume":200,"label":" ","price":2.47},{"type":"A","date":"2018-04-13T07:51:51.000Z","volume":600,"label":" ","price":2.47},{"type":"B","date":"2018-04-13T07:52:08.000Z","volume":100,"label":" ","price":2.46},{"type":"A","date":"2018-04-13T07:52:21.000Z","volume":700,"label":" ","price":2.47},{"type":"A","date":"2018-04-13T07:53:05.000Z","volume":800,"label":" ","price":2.47},{"type":"A","date":"2018-04-13T07:53:21.000Z","volume":700,"label":" ","price":2.47},{"type":"A","date":"2018-04-13T07:53:25.000Z","volume":600,"label":" ","price":2.47},{"type":"A","date":"2018-04-13T07:53:45.000Z","volume":600,"label":" ","price":2.47},{"type":"A","date":"2018-04-13T07:53:46.000Z","volume":200,"label":" ","price":2.47},{"type":"A","date":"2018-04-13T07:53:51.000Z","volume":600,"label":" ","price":2.47},{"type":"A","date":"2018-04-13T07:54:05.000Z","volume":600,"label":" ","price":2.47},{"type":"B","date":"2018-04-13T07:54:09.000Z","volume":100,"label":" ","price":2.46},{"type":"A","date":"2018-04-13T07:54:21.000Z","volume":600,"label":" ","price":2.47},{"type":"A","date":"2018-04-13T07:54:23.000Z","volume":700,"label":" ","price":2.47},{"type":"A","date":"2018-04-13T07:54:41.000Z","volume":600,"label":" ","price":2.47},{"type":"B","date":"2018-04-13T07:54:50.000Z","volume":5000,"label":" ","price":2.46},{"type":"A","date":"2018-04-13T07:54:51.000Z","volume":700,"label":" ","price":2.47},{"type":"A","date":"2018-04-13T07:54:59.000Z","volume":600,"label":" ","price":2.47},{"type":"A","date":"2018-04-13T07:55:10.000Z","volume":900,"label":" ","price":2.47},{"type":"A","date":"2018-04-13T07:55:22.000Z","volume":600,"label":" ","price":2.47},{"type":"A","date":"2018-04-13T07:55:27.000Z","volume":600,"label":" ","price":2.47},{"type":"B","date":"2018-04-13T07:55:50.000Z","volume":100,"label":" ","price":2.46},{"type":"A","date":"2018-04-13T07:55:52.000Z","volume":700,"label":" ","price":2.47},{"type":"A","date":"2018-04-13T07:55:55.000Z","volume":600,"label":" ","price":2.47},{"type":"A","date":"2018-04-13T07:56:16.000Z","volume":300,"label":" ","price":2.47},{"type":"A","date":"2018-04-13T07:56:22.000Z","volume":700,"label":" ","price":2.47},{"type":"A","date":"2018-04-13T07:56:22.000Z","volume":200,"label":"Y","price":2.47},{"type":"A","date":"2018-04-13T07:56:23.000Z","volume":100,"label":" ","price":2.47},{"type":"A","date":"2018-04-13T07:56:23.000Z","volume":500,"label":" ","price":2.47},{"type":"A","date":"2018-04-13T07:56:48.000Z","volume":500,"label":"Y","price":2.47},{"type":"A","date":"2018-04-13T07:56:51.000Z","volume":600,"label":" ","price":2.47},{"type":"A","date":"2018-04-13T07:56:51.000Z","volume":1700,"label":"Y","price":2.47},{"type":"A","date":"2018-04-13T07:56:52.000Z","volume":700,"label":" ","price":2.47},{"type":"A","date":"2018-04-13T07:56:53.000Z","volume":41900,"label":" ","price":2.47},{"type":"A","date":"2018-04-13T07:56:55.000Z","volume":100,"label":" ","price":2.47},{"type":"A","date":"2018-04-13T07:56:57.000Z","volume":100,"label":" ","price":2.47},{"type":"A","date":"2018-04-13T07:57:03.000Z","volume":300,"label":" ","price":2.47},{"type":"A","date":"2018-04-13T07:57:03.000Z","volume":300,"label":" ","price":2.47},{"type":"A","date":"2018-04-13T07:57:07.000Z","volume":200,"label":" ","price":2.47},{"type":"A","date":"2018-04-13T07:57:13.000Z","volume":700,"label":" ","price":2.47},{"type":"A","date":"2018-04-13T07:57:16.000Z","volume":1200,"label":" ","price":2.47},{"type":"A","date":"2018-04-13T07:57:22.000Z","volume":800,"label":" ","price":2.47},{"type":"A","date":"2018-04-13T07:57:22.000Z","volume":600,"label":" ","price":2.47},{"type":"B","date":"2018-04-13T07:57:30.000Z","volume":100,"label":" ","price":2.46},{"type":"A","date":"2018-04-13T07:57:30.000Z","volume":600,"label":" ","price":2.47},{"type":"A","date":"2018-04-13T07:57:39.000Z","volume":600,"label":" ","price":2.47},{"type":"A","date":"2018-04-13T07:57:45.000Z","volume":1500,"label":" ","price":2.47},{"type":"A","date":"2018-04-13T07:57:46.000Z","volume":300,"label":" ","price":2.47},{"type":"A","date":"2018-04-13T07:57:49.000Z","volume":700,"label":" ","price":2.47},{"type":"A","date":"2018-04-13T07:57:52.000Z","volume":800,"label":" ","price":2.47},{"type":"A","date":"2018-04-13T07:57:56.000Z","volume":1300,"label":" ","price":2.47},{"type":"A","date":"2018-04-13T07:57:58.000Z","volume":600,"label":" ","price":2.47},{"type":"A","date":"2018-04-13T07:57:59.000Z","volume":700,"label":" ","price":2.47},{"type":"B","date":"2018-04-13T07:57:59.000Z","volume":5000,"label":" ","price":2.46},{"type":"A","date":"2018-04-13T07:58:00.000Z","volume":700,"label":" ","price":2.47},{"type":"A","date":"2018-04-13T07:58:07.000Z","volume":1000,"label":" ","price":2.47},{"type":"A","date":"2018-04-13T07:58:07.000Z","volume":800,"label":" ","price":2.47},{"type":"A","date":"2018-04-13T07:58:10.000Z","volume":400,"label":" ","price":2.47},{"type":"A","date":"2018-04-13T07:58:15.000Z","volume":100,"label":" ","price":2.47},{"type":"A","date":"2018-04-13T07:58:15.000Z","volume":1200,"label":" ","price":2.47},{"type":"A","date":"2018-04-13T07:58:16.000Z","volume":400,"label":" ","price":2.47},{"type":"A","date":"2018-04-13T07:58:22.000Z","volume":800,"label":" ","price":2.47},{"type":"A","date":"2018-04-13T07:58:24.000Z","volume":200,"label":" ","price":2.47},{"type":"A","date":"2018-04-13T07:58:24.000Z","volume":100,"label":" ","price":2.47},{"type":"A","date":"2018-04-13T07:58:24.000Z","volume":400,"label":" ","price":2.47},{"type":"A","date":"2018-04-13T07:58:25.000Z","volume":1500,"label":" ","price":2.47},{"type":"A","date":"2018-04-13T07:58:27.000Z","volume":1700,"label":" ","price":2.47},{"type":"A","date":"2018-04-13T07:58:28.000Z","volume":100,"label":" ","price":2.47},{"type":"A","date":"2018-04-13T07:58:28.000Z","volume":2700,"label":" ","price":2.47},{"type":"A","date":"2018-04-13T07:58:30.000Z","volume":200,"label":" ","price":2.47},{"type":"A","date":"2018-04-13T07:58:31.000Z","volume":100,"label":" ","price":2.47},{"type":"A","date":"2018-04-13T07:58:32.000Z","volume":300,"label":" ","price":2.47},{"type":"A","date":"2018-04-13T07:58:33.000Z","volume":200,"label":" ","price":2.47},{"type":"A","date":"2018-04-13T07:58:33.000Z","volume":200,"label":" ","price":2.47},{"type":"A","date":"2018-04-13T07:58:34.000Z","volume":200,"label":" ","price":2.47},{"type":"A","date":"2018-04-13T07:58:34.000Z","volume":600,"label":" ","price":2.47},{"type":"A","date":"2018-04-13T07:58:35.000Z","volume":100,"label":" ","price":2.47},{"type":"A","date":"2018-04-13T07:58:36.000Z","volume":100,"label":" ","price":2.47},{"type":"A","date":"2018-04-13T07:58:37.000Z","volume":200,"label":" ","price":2.47},{"type":"A","date":"2018-04-13T07:58:39.000Z","volume":100,"label":" ","price":2.47},{"type":"A","date":"2018-04-13T07:58:39.000Z","volume":100,"label":" ","price":2.47},{"type":"A","date":"2018-04-13T07:58:40.000Z","volume":100,"label":" ","price":2.47},{"type":"A","date":"2018-04-13T07:58:41.000Z","volume":100,"label":" ","price":2.47},{"type":"A","date":"2018-04-13T07:58:42.000Z","volume":100,"label":" ","price":2.47},{"type":"A","date":"2018-04-13T07:58:43.000Z","volume":100,"label":" ","price":2.47},{"type":"A","date":"2018-04-13T07:58:44.000Z","volume":100,"label":" ","price":2.47},{"type":"A","date":"2018-04-13T07:58:44.000Z","volume":600,"label":" ","price":2.47},{"type":"A","date":"2018-04-13T07:58:45.000Z","volume":100,"label":" ","price":2.47},{"type":"A","date":"2018-04-13T07:58:46.000Z","volume":300,"label":" ","price":2.47},{"type":"A","date":"2018-04-13T07:58:46.000Z","volume":100,"label":" ","price":2.47},{"type":"A","date":"2018-04-13T07:58:46.000Z","volume":500,"label":" ","price":2.47},{"type":"A","date":"2018-04-13T07:58:47.000Z","volume":100,"label":" ","price":2.47},{"type":"A","date":"2018-04-13T07:58:48.000Z","volume":100,"label":" ","price":2.47},{"type":"A","date":"2018-04-13T07:58:48.000Z","volume":27000,"label":" ","price":2.47},{"type":"A","date":"2018-04-13T07:58:49.000Z","volume":100,"label":" ","price":2.47},{"type":"A","date":"2018-04-13T07:58:50.000Z","volume":100,"label":" ","price":2.47},{"type":"A","date":"2018-04-13T07:58:50.000Z","volume":100,"label":" ","price":2.47},{"type":"A","date":"2018-04-13T07:58:52.000Z","volume":800,"label":" ","price":2.47},{"type":"A","date":"2018-04-13T07:58:52.000Z","volume":100,"label":" ","price":2.47},{"type":"A","date":"2018-04-13T07:58:53.000Z","volume":1900,"label":" ","price":2.47},{"type":"A","date":"2018-04-13T07:58:53.000Z","volume":800,"label":" ","price":2.47},{"type":"A","date":"2018-04-13T07:58:53.000Z","volume":200,"label":" ","price":2.47},{"type":"A","date":"2018-04-13T07:58:54.000Z","volume":100,"label":" ","price":2.47},{"type":"B","date":"2018-04-13T07:58:54.000Z","volume":100,"label":" ","price":2.46},{"type":"A","date":"2018-04-13T07:58:55.000Z","volume":100,"label":" ","price":2.47},{"type":"A","date":"2018-04-13T07:58:56.000Z","volume":100,"label":" ","price":2.47},{"type":"A","date":"2018-04-13T07:58:57.000Z","volume":100,"label":" ","price":2.47},{"type":"A","date":"2018-04-13T07:58:58.000Z","volume":100,"label":" ","price":2.47},{"type":"A","date":"2018-04-13T07:58:59.000Z","volume":100,"label":" ","price":2.47},{"type":"A","date":"2018-04-13T07:59:00.000Z","volume":900,"label":" ","price":2.47},{"type":"A","date":"2018-04-13T07:59:00.000Z","volume":100,"label":" ","price":2.47},{"type":"A","date":"2018-04-13T07:59:01.000Z","volume":100,"label":" ","price":2.47},{"type":"A","date":"2018-04-13T07:59:01.000Z","volume":1300,"label":" ","price":2.47},{"type":"A","date":"2018-04-13T07:59:01.000Z","volume":4100,"label":" ","price":2.47},{"type":"A","date":"2018-04-13T07:59:01.000Z","volume":5200,"label":" ","price":2.47},{"type":"A","date":"2018-04-13T07:59:02.000Z","volume":6800,"label":" ","price":2.47},{"type":"A","date":"2018-04-13T07:59:02.000Z","volume":700,"label":" ","price":2.47},{"type":"A","date":"2018-04-13T07:59:02.000Z","volume":200,"label":" ","price":2.47},{"type":"A","date":"2018-04-13T07:59:03.000Z","volume":200,"label":" ","price":2.47},{"type":"A","date":"2018-04-13T07:59:03.000Z","volume":600,"label":" ","price":2.47},{"type":"A","date":"2018-04-13T07:59:04.000Z","volume":100,"label":" ","price":2.47},{"type":"B","date":"2018-04-13T07:59:04.000Z","volume":10000,"label":" ","price":2.46},{"type":"A","date":"2018-04-13T07:59:11.000Z","volume":30300,"label":" ","price":2.47},{"type":"A","date":"2018-04-13T07:59:15.000Z","volume":17700,"label":" ","price":2.47},{"type":"A","date":"2018-04-13T07:59:16.000Z","volume":1400,"label":" ","price":2.47},{"type":"A","date":"2018-04-13T07:59:22.000Z","volume":700,"label":" ","price":2.47},{"type":"A","date":"2018-04-13T07:59:23.000Z","volume":35400,"label":" ","price":2.47},{"type":"A","date":"2018-04-13T07:59:29.000Z","volume":26600,"label":" ","price":2.47},{"type":"A","date":"2018-04-13T07:59:30.000Z","volume":1500,"label":" ","price":2.47},{"type":"A","date":"2018-04-13T07:59:30.000Z","volume":800,"label":" ","price":2.47},{"type":"A","date":"2018-04-13T07:59:32.000Z","volume":13300,"label":" ","price":2.47},{"type":"A","date":"2018-04-13T07:59:33.000Z","volume":600,"label":" ","price":2.47},{"type":"A","date":"2018-04-13T07:59:38.000Z","volume":26500,"label":" ","price":2.47},{"type":"A","date":"2018-04-13T07:59:42.000Z","volume":17700,"label":" ","price":2.47},{"type":"A","date":"2018-04-13T07:59:46.000Z","volume":17800,"label":" ","price":2.47},{"type":"A","date":"2018-04-13T07:59:49.000Z","volume":13200,"label":" ","price":2.47},{"type":"A","date":"2018-04-13T07:59:53.000Z","volume":100,"label":" ","price":2.47},{"type":"A","date":"2018-04-13T07:59:53.000Z","volume":17800,"label":" ","price":2.47},{"type":"A","date":"2018-04-13T07:59:54.000Z","volume":4600,"label":" ","price":2.47},{"type":"A","date":"2018-04-13T07:59:55.000Z","volume":22100,"label":" ","price":2.47},{"type":"A","date":"2018-04-13T07:59:55.000Z","volume":1000,"label":" ","price":2.47},{"type":"A","date":"2018-04-13T07:59:55.000Z","volume":2700,"label":" ","price":2.47},{"type":"A","date":"2018-04-13T07:59:56.000Z","volume":9300,"label":" ","price":2.47},{"type":"A","date":"2018-04-13T07:59:56.000Z","volume":300,"label":" ","price":2.47},{"type":"A","date":"2018-04-13T07:59:59.000Z","volume":300,"label":" ","price":2.47},{"type":"U","date":"2018-04-13T08:08:17.000Z","volume":207700,"label":"U","price":2.47}]