[{"type":"U","date":"2018-04-11T01:05:00.000Z","volume":458000,"label":"P","price":8.1},{"type":"U","date":"2018-04-11T01:20:00.000Z","volume":334000,"label":"U","price":8.21},{"type":"B","date":"2018-04-11T01:30:03.000Z","volume":2000,"label":" ","price":8.21},{"type":"B","date":"2018-04-11T01:30:04.000Z","volume":2000,"label":" ","price":8.2},{"type":"B","date":"2018-04-11T01:30:07.000Z","volume":14000,"label":" ","price":8.2},{"type":"B","date":"2018-04-11T01:30:07.000Z","volume":18000,"label":" ","price":8.19},{"type":"B","date":"2018-04-11T01:30:07.000Z","volume":16000,"label":" ","price":8.18},{"type":"B","date":"2018-04-11T01:30:07.000Z","volume":10000,"label":" ","price":8.18},{"type":"B","date":"2018-04-11T01:30:07.000Z","volume":6000,"label":" ","price":8.17},{"type":"B","date":"2018-04-11T01:30:07.000Z","volume":10000,"label":" ","price":8.17},{"type":"B","date":"2018-04-11T01:30:08.000Z","volume":2000,"label":" ","price":8.15},{"type":"B","date":"2018-04-11T01:30:08.000Z","volume":2000,"label":" ","price":8.19},{"type":"B","date":"2018-04-11T01:30:12.000Z","volume":12000,"label":" ","price":8.16},{"type":"U","date":"2018-04-11T01:30:12.000Z","volume":4000,"label":" ","price":8.18},{"type":"B","date":"2018-04-11T01:30:17.000Z","volume":2000,"label":" ","price":8.15},{"type":"B","date":"2018-04-11T01:30:17.000Z","volume":2000,"label":" ","price":8.15},{"type":"B","date":"2018-04-11T01:30:17.000Z","volume":22000,"label":" ","price":8.15},{"type":"A","date":"2018-04-11T01:30:25.000Z","volume":4000,"label":" ","price":8.21},{"type":"B","date":"2018-04-11T01:30:32.000Z","volume":4000,"label":" ","price":8.16},{"type":"A","date":"2018-04-11T01:30:34.000Z","volume":6000,"label":" ","price":8.18},{"type":"B","date":"2018-04-11T01:30:34.000Z","volume":2000,"label":" ","price":8.17},{"type":"A","date":"2018-04-11T01:30:38.000Z","volume":4000,"label":"Y","price":8.18},{"type":"A","date":"2018-04-11T01:30:38.000Z","volume":8000,"label":" ","price":8.18},{"type":"U","date":"2018-04-11T01:30:38.000Z","volume":2000,"label":" ","price":8.17},{"type":"A","date":"2018-04-11T01:30:38.000Z","volume":2000,"label":" ","price":8.18},{"type":"B","date":"2018-04-11T01:30:44.000Z","volume":8000,"label":" ","price":8.17},{"type":"B","date":"2018-04-11T01:31:02.000Z","volume":2000,"label":"Y","price":8.17},{"type":"B","date":"2018-04-11T01:31:08.000Z","volume":2000,"label":" ","price":8.17},{"type":"B","date":"2018-04-11T01:31:15.000Z","volume":12000,"label":" ","price":8.17},{"type":"B","date":"2018-04-11T01:31:15.000Z","volume":8000,"label":" ","price":8.16},{"type":"B","date":"2018-04-11T01:31:59.000Z","volume":2000,"label":" ","price":8.15},{"type":"A","date":"2018-04-11T01:32:00.000Z","volume":4000,"label":" ","price":8.15},{"type":"B","date":"2018-04-11T01:32:09.000Z","volume":2000,"label":" ","price":8.13},{"type":"B","date":"2018-04-11T01:32:10.000Z","volume":2000,"label":" ","price":8.13},{"type":"A","date":"2018-04-11T01:32:12.000Z","volume":10000,"label":" ","price":8.15},{"type":"A","date":"2018-04-11T01:33:11.000Z","volume":8000,"label":" ","price":8.15},{"type":"B","date":"2018-04-11T01:33:19.000Z","volume":2000,"label":" ","price":8.12},{"type":"A","date":"2018-04-11T01:33:20.000Z","volume":10000,"label":" ","price":8.13},{"type":"B","date":"2018-04-11T01:33:28.000Z","volume":4000,"label":" ","price":8.12},{"type":"B","date":"2018-04-11T01:33:28.000Z","volume":56000,"label":" ","price":8.12},{"type":"B","date":"2018-04-11T01:33:28.000Z","volume":2000,"label":" ","price":8.11},{"type":"B","date":"2018-04-11T01:33:29.000Z","volume":96000,"label":" ","price":8.1},{"type":"B","date":"2018-04-11T01:33:29.000Z","volume":2000,"label":" ","price":8.08},{"type":"B","date":"2018-04-11T01:33:29.000Z","volume":2000,"label":" ","price":8.06},{"type":"B","date":"2018-04-11T01:33:44.000Z","volume":2000,"label":" ","price":8.04},{"type":"A","date":"2018-04-11T01:34:00.000Z","volume":6000,"label":" ","price":8.06},{"type":"A","date":"2018-04-11T01:35:34.000Z","volume":14000,"label":" ","price":8.07},{"type":"A","date":"2018-04-11T01:35:34.000Z","volume":38000,"label":" ","price":8.07},{"type":"A","date":"2018-04-11T01:35:34.000Z","volume":32000,"label":" ","price":8.07},{"type":"A","date":"2018-04-11T01:35:34.000Z","volume":8000,"label":" ","price":8.07},{"type":"A","date":"2018-04-11T01:35:46.000Z","volume":18000,"label":" ","price":8.08},{"type":"A","date":"2018-04-11T01:35:52.000Z","volume":10000,"label":" ","price":8.09},{"type":"A","date":"2018-04-11T01:35:52.000Z","volume":4000,"label":" ","price":8.09},{"type":"A","date":"2018-04-11T01:35:53.000Z","volume":96000,"label":" ","price":8.09},{"type":"A","date":"2018-04-11T01:35:53.000Z","volume":78000,"label":" ","price":8.09},{"type":"A","date":"2018-04-11T01:35:59.000Z","volume":104000,"label":" ","price":8.1},{"type":"A","date":"2018-04-11T01:36:08.000Z","volume":4000,"label":" ","price":8.11},{"type":"A","date":"2018-04-11T01:36:08.000Z","volume":2000,"label":" ","price":8.11},{"type":"B","date":"2018-04-11T01:36:56.000Z","volume":4000,"label":" ","price":8.11},{"type":"U","date":"2018-04-11T01:37:40.000Z","volume":2000,"label":" ","price":8.15},{"type":"B","date":"2018-04-11T01:37:40.000Z","volume":2000,"label":" ","price":8.15},{"type":"B","date":"2018-04-11T01:37:40.000Z","volume":10000,"label":" ","price":8.14},{"type":"B","date":"2018-04-11T01:37:40.000Z","volume":62000,"label":" ","price":8.11},{"type":"B","date":"2018-04-11T01:37:40.000Z","volume":2000,"label":" ","price":8.11},{"type":"A","date":"2018-04-11T01:37:40.000Z","volume":2000,"label":"Y","price":8.15},{"type":"A","date":"2018-04-11T01:37:40.000Z","volume":32000,"label":" ","price":8.15},{"type":"U","date":"2018-04-11T01:37:44.000Z","volume":10000,"label":" ","price":8.11},{"type":"A","date":"2018-04-11T01:37:44.000Z","volume":4000,"label":" ","price":8.15},{"type":"B","date":"2018-04-11T01:37:45.000Z","volume":6000,"label":" ","price":8.11},{"type":"A","date":"2018-04-11T01:37:59.000Z","volume":12000,"label":" ","price":8.14},{"type":"A","date":"2018-04-11T01:37:59.000Z","volume":6000,"label":" ","price":8.14},{"type":"A","date":"2018-04-11T01:38:19.000Z","volume":4000,"label":" ","price":8.14},{"type":"B","date":"2018-04-11T01:38:52.000Z","volume":16000,"label":" ","price":8.11},{"type":"A","date":"2018-04-11T01:39:37.000Z","volume":2000,"label":"Y","price":8.14},{"type":"A","date":"2018-04-11T01:39:37.000Z","volume":216000,"label":" ","price":8.14},{"type":"B","date":"2018-04-11T01:39:39.000Z","volume":2000,"label":" ","price":8.12},{"type":"A","date":"2018-04-11T01:39:40.000Z","volume":2000,"label":" ","price":8.13},{"type":"A","date":"2018-04-11T01:39:42.000Z","volume":22000,"label":" ","price":8.13},{"type":"B","date":"2018-04-11T01:39:42.000Z","volume":12000,"label":" ","price":8.13},{"type":"A","date":"2018-04-11T01:39:46.000Z","volume":50000,"label":" ","price":8.14},{"type":"A","date":"2018-04-11T01:39:47.000Z","volume":2000,"label":" ","price":8.15},{"type":"B","date":"2018-04-11T01:40:03.000Z","volume":10000,"label":" ","price":8.12},{"type":"A","date":"2018-04-11T01:40:04.000Z","volume":16000,"label":" ","price":8.12},{"type":"A","date":"2018-04-11T01:40:17.000Z","volume":6000,"label":" ","price":8.15},{"type":"B","date":"2018-04-11T01:40:18.000Z","volume":30000,"label":" ","price":8.12},{"type":"B","date":"2018-04-11T01:40:34.000Z","volume":26000,"label":" ","price":8.12},{"type":"U","date":"2018-04-11T01:40:46.000Z","volume":2000,"label":" ","price":8.13},{"type":"B","date":"2018-04-11T01:40:59.000Z","volume":30000,"label":" ","price":8.13},{"type":"B","date":"2018-04-11T01:41:00.000Z","volume":156000,"label":" ","price":8.12},{"type":"U","date":"2018-04-11T01:41:00.000Z","volume":30000,"label":" ","price":8.12},{"type":"U","date":"2018-04-11T01:41:01.000Z","volume":30000,"label":" ","price":8.12},{"type":"B","date":"2018-04-11T01:41:26.000Z","volume":34000,"label":" ","price":8.12},{"type":"B","date":"2018-04-11T01:41:42.000Z","volume":30000,"label":" ","price":8.12},{"type":"B","date":"2018-04-11T01:41:42.000Z","volume":12000,"label":" ","price":8.11},{"type":"B","date":"2018-04-11T01:41:48.000Z","volume":30000,"label":" ","price":8.12},{"type":"U","date":"2018-04-11T01:41:48.000Z","volume":30000,"label":" ","price":8.12},{"type":"U","date":"2018-04-11T01:41:48.000Z","volume":30000,"label":" ","price":8.12},{"type":"B","date":"2018-04-11T01:41:50.000Z","volume":30000,"label":" ","price":8.12},{"type":"B","date":"2018-04-11T01:41:50.000Z","volume":2000,"label":" ","price":8.12},{"type":"B","date":"2018-04-11T01:41:50.000Z","volume":30000,"label":" ","price":8.12},{"type":"B","date":"2018-04-11T01:41:50.000Z","volume":60000,"label":" ","price":8.1},{"type":"B","date":"2018-04-11T01:41:50.000Z","volume":44000,"label":" ","price":8.09},{"type":"B","date":"2018-04-11T01:41:50.000Z","volume":30000,"label":" ","price":8.12},{"type":"U","date":"2018-04-11T01:41:51.000Z","volume":30000,"label":" ","price":8.12},{"type":"B","date":"2018-04-11T01:41:51.000Z","volume":10000,"label":" ","price":8.07},{"type":"U","date":"2018-04-11T01:41:51.000Z","volume":30000,"label":" ","price":8.12},{"type":"U","date":"2018-04-11T01:41:51.000Z","volume":30000,"label":" ","price":8.12},{"type":"U","date":"2018-04-11T01:41:51.000Z","volume":30000,"label":" ","price":8.12},{"type":"U","date":"2018-04-11T01:41:51.000Z","volume":30000,"label":" ","price":8.12},{"type":"U","date":"2018-04-11T01:41:51.000Z","volume":4000,"label":" ","price":8.12},{"type":"A","date":"2018-04-11T01:42:03.000Z","volume":50000,"label":" ","price":8.1},{"type":"A","date":"2018-04-11T01:44:13.000Z","volume":2000,"label":" ","price":8.1},{"type":"B","date":"2018-04-11T01:44:32.000Z","volume":12000,"label":" ","price":8.06},{"type":"B","date":"2018-04-11T01:44:32.000Z","volume":2000,"label":" ","price":8.06},{"type":"B","date":"2018-04-11T01:45:04.000Z","volume":2000,"label":" ","price":8.05},{"type":"B","date":"2018-04-11T01:45:04.000Z","volume":30000,"label":" ","price":8.04},{"type":"B","date":"2018-04-11T01:45:04.000Z","volume":28000,"label":" ","price":8.03},{"type":"B","date":"2018-04-11T01:45:04.000Z","volume":12000,"label":" ","price":8.01},{"type":"B","date":"2018-04-11T01:45:31.000Z","volume":2000,"label":" ","price":8.02},{"type":"B","date":"2018-04-11T01:45:31.000Z","volume":2000,"label":" ","price":8.02},{"type":"A","date":"2018-04-11T01:45:45.000Z","volume":10000,"label":" ","price":8.04},{"type":"A","date":"2018-04-11T01:45:45.000Z","volume":30000,"label":" ","price":8.04},{"type":"A","date":"2018-04-11T01:45:45.000Z","volume":10000,"label":" ","price":8.04},{"type":"B","date":"2018-04-11T01:46:17.000Z","volume":2000,"label":" ","price":8.04},{"type":"B","date":"2018-04-11T01:46:18.000Z","volume":2000,"label":" ","price":8.04},{"type":"A","date":"2018-04-11T01:46:59.000Z","volume":10000,"label":" ","price":8.05},{"type":"A","date":"2018-04-11T01:46:59.000Z","volume":46000,"label":" ","price":8.05},{"type":"A","date":"2018-04-11T01:46:59.000Z","volume":104000,"label":" ","price":8.05},{"type":"A","date":"2018-04-11T01:47:01.000Z","volume":30000,"label":" ","price":8.06},{"type":"A","date":"2018-04-11T01:47:18.000Z","volume":2000,"label":" ","price":8.07},{"type":"B","date":"2018-04-11T01:47:25.000Z","volume":8000,"label":" ","price":8.06},{"type":"A","date":"2018-04-11T01:47:26.000Z","volume":10000,"label":" ","price":8.07},{"type":"A","date":"2018-04-11T01:47:30.000Z","volume":4000,"label":" ","price":8.07},{"type":"A","date":"2018-04-11T01:47:30.000Z","volume":2000,"label":" ","price":8.07},{"type":"A","date":"2018-04-11T01:47:38.000Z","volume":2000,"label":" ","price":8.08},{"type":"B","date":"2018-04-11T01:48:08.000Z","volume":22000,"label":" ","price":8.06},{"type":"B","date":"2018-04-11T01:48:54.000Z","volume":54000,"label":" ","price":8.05},{"type":"B","date":"2018-04-11T01:48:54.000Z","volume":4000,"label":" ","price":8.05},{"type":"B","date":"2018-04-11T01:49:04.000Z","volume":4000,"label":" ","price":8.04},{"type":"B","date":"2018-04-11T01:49:04.000Z","volume":10000,"label":" ","price":8.03},{"type":"B","date":"2018-04-11T01:49:04.000Z","volume":20000,"label":" ","price":8.01},{"type":"B","date":"2018-04-11T01:49:04.000Z","volume":12000,"label":" ","price":8},{"type":"B","date":"2018-04-11T01:49:21.000Z","volume":2000,"label":" ","price":8.01},{"type":"A","date":"2018-04-11T01:49:55.000Z","volume":4000,"label":" ","price":8.06},{"type":"A","date":"2018-04-11T01:51:29.000Z","volume":8000,"label":" ","price":8.06},{"type":"U","date":"2018-04-11T01:51:43.000Z","volume":10000,"label":" ","price":8.04},{"type":"B","date":"2018-04-11T01:51:43.000Z","volume":2000,"label":" ","price":8.04},{"type":"B","date":"2018-04-11T01:51:44.000Z","volume":2000,"label":" ","price":8.04},{"type":"A","date":"2018-04-11T01:52:02.000Z","volume":20000,"label":" ","price":8.04},{"type":"A","date":"2018-04-11T01:52:18.000Z","volume":2000,"label":" ","price":8.04},{"type":"A","date":"2018-04-11T01:52:36.000Z","volume":2000,"label":" ","price":8.04},{"type":"B","date":"2018-04-11T01:52:48.000Z","volume":12000,"label":" ","price":8.01},{"type":"A","date":"2018-04-11T01:52:48.000Z","volume":2000,"label":" ","price":8.04},{"type":"B","date":"2018-04-11T01:52:48.000Z","volume":6000,"label":" ","price":8.01},{"type":"A","date":"2018-04-11T01:54:39.000Z","volume":2000,"label":" ","price":8.04},{"type":"B","date":"2018-04-11T01:54:47.000Z","volume":2000,"label":" ","price":8},{"type":"B","date":"2018-04-11T01:54:47.000Z","volume":34000,"label":" ","price":8},{"type":"A","date":"2018-04-11T01:54:47.000Z","volume":2000,"label":" ","price":8.02},{"type":"B","date":"2018-04-11T01:55:02.000Z","volume":6000,"label":" ","price":7.99},{"type":"B","date":"2018-04-11T01:55:02.000Z","volume":16000,"label":" ","price":7.98},{"type":"B","date":"2018-04-11T01:55:02.000Z","volume":4000,"label":" ","price":7.97},{"type":"B","date":"2018-04-11T01:55:02.000Z","volume":38000,"label":" ","price":7.96},{"type":"B","date":"2018-04-11T01:55:02.000Z","volume":12000,"label":" ","price":7.96},{"type":"A","date":"2018-04-11T01:55:02.000Z","volume":2000,"label":"Y","price":8},{"type":"B","date":"2018-04-11T01:55:03.000Z","volume":2000,"label":" ","price":7.94},{"type":"B","date":"2018-04-11T01:55:38.000Z","volume":4000,"label":" ","price":7.96},{"type":"B","date":"2018-04-11T01:55:59.000Z","volume":2000,"label":" ","price":7.96},{"type":"B","date":"2018-04-11T01:57:28.000Z","volume":4000,"label":" ","price":7.97},{"type":"B","date":"2018-04-11T01:57:32.000Z","volume":22000,"label":" ","price":7.97},{"type":"B","date":"2018-04-11T01:57:32.000Z","volume":4000,"label":" ","price":7.96},{"type":"A","date":"2018-04-11T01:57:33.000Z","volume":2000,"label":" ","price":8},{"type":"B","date":"2018-04-11T01:59:21.000Z","volume":4000,"label":" ","price":7.97},{"type":"B","date":"2018-04-11T02:00:02.000Z","volume":36000,"label":" ","price":7.97},{"type":"B","date":"2018-04-11T02:00:02.000Z","volume":44000,"label":" ","price":7.96},{"type":"B","date":"2018-04-11T02:00:02.000Z","volume":2000,"label":" ","price":7.97},{"type":"B","date":"2018-04-11T02:00:02.000Z","volume":2000,"label":" ","price":7.95},{"type":"B","date":"2018-04-11T02:00:03.000Z","volume":2000,"label":" ","price":7.94},{"type":"B","date":"2018-04-11T02:00:43.000Z","volume":6000,"label":" ","price":7.93},{"type":"A","date":"2018-04-11T02:00:56.000Z","volume":20000,"label":" ","price":7.94},{"type":"A","date":"2018-04-11T02:01:07.000Z","volume":30000,"label":"Y","price":7.94},{"type":"A","date":"2018-04-11T02:01:07.000Z","volume":20000,"label":" ","price":7.94},{"type":"A","date":"2018-04-11T02:01:07.000Z","volume":44000,"label":" ","price":7.94},{"type":"A","date":"2018-04-11T02:01:31.000Z","volume":10000,"label":" ","price":7.94},{"type":"B","date":"2018-04-11T02:01:33.000Z","volume":2000,"label":" ","price":7.93},{"type":"A","date":"2018-04-11T02:01:46.000Z","volume":10000,"label":" ","price":7.94},{"type":"A","date":"2018-04-11T02:02:12.000Z","volume":10000,"label":" ","price":7.94},{"type":"A","date":"2018-04-11T02:02:12.000Z","volume":30000,"label":" ","price":7.94},{"type":"A","date":"2018-04-11T02:02:23.000Z","volume":10000,"label":" ","price":7.94},{"type":"A","date":"2018-04-11T02:03:21.000Z","volume":6000,"label":" ","price":7.94},{"type":"A","date":"2018-04-11T02:03:24.000Z","volume":4000,"label":" ","price":7.94},{"type":"A","date":"2018-04-11T02:03:30.000Z","volume":56000,"label":" ","price":7.94},{"type":"A","date":"2018-04-11T02:03:37.000Z","volume":70000,"label":" ","price":7.95},{"type":"A","date":"2018-04-11T02:03:37.000Z","volume":46000,"label":" ","price":7.96},{"type":"U","date":"2018-04-11T02:03:39.000Z","volume":800000,"label":"X","price":7.99},{"type":"A","date":"2018-04-11T02:04:56.000Z","volume":42000,"label":" ","price":7.96},{"type":"A","date":"2018-04-11T02:04:56.000Z","volume":58000,"label":" ","price":7.97},{"type":"A","date":"2018-04-11T02:05:20.000Z","volume":8000,"label":" ","price":7.97},{"type":"A","date":"2018-04-11T02:06:29.000Z","volume":10000,"label":" ","price":7.97},{"type":"A","date":"2018-04-11T02:06:36.000Z","volume":44000,"label":" ","price":7.97},{"type":"A","date":"2018-04-11T02:06:36.000Z","volume":66000,"label":" ","price":7.97},{"type":"B","date":"2018-04-11T02:07:12.000Z","volume":8000,"label":" ","price":7.96},{"type":"B","date":"2018-04-11T02:09:37.000Z","volume":2000,"label":" ","price":7.96},{"type":"A","date":"2018-04-11T02:09:54.000Z","volume":2000,"label":" ","price":7.97},{"type":"B","date":"2018-04-11T02:10:20.000Z","volume":38000,"label":" ","price":7.96},{"type":"B","date":"2018-04-11T02:10:20.000Z","volume":120000,"label":" ","price":7.96},{"type":"B","date":"2018-04-11T02:10:20.000Z","volume":28000,"label":" ","price":7.95},{"type":"B","date":"2018-04-11T02:10:21.000Z","volume":12000,"label":" ","price":7.94},{"type":"B","date":"2018-04-11T02:10:50.000Z","volume":2000,"label":" ","price":7.93},{"type":"U","date":"2018-04-11T02:11:11.000Z","volume":4000,"label":" ","price":7.94},{"type":"B","date":"2018-04-11T02:11:11.000Z","volume":2000,"label":" ","price":7.94},{"type":"B","date":"2018-04-11T02:12:00.000Z","volume":2000,"label":" ","price":7.93},{"type":"A","date":"2018-04-11T02:13:05.000Z","volume":10000,"label":" ","price":7.94},{"type":"B","date":"2018-04-11T02:13:20.000Z","volume":2000,"label":" ","price":7.93},{"type":"B","date":"2018-04-11T02:14:30.000Z","volume":2000,"label":" ","price":7.93},{"type":"U","date":"2018-04-11T02:14:36.000Z","volume":4000,"label":"X","price":7.93},{"type":"A","date":"2018-04-11T02:14:41.000Z","volume":10000,"label":" ","price":7.94},{"type":"B","date":"2018-04-11T02:14:42.000Z","volume":2000,"label":" ","price":7.93},{"type":"A","date":"2018-04-11T02:14:59.000Z","volume":20000,"label":" ","price":7.94},{"type":"B","date":"2018-04-11T02:15:21.000Z","volume":2000,"label":" ","price":7.93},{"type":"A","date":"2018-04-11T02:15:23.000Z","volume":4000,"label":" ","price":7.94},{"type":"A","date":"2018-04-11T02:15:47.000Z","volume":50000,"label":" ","price":7.94},{"type":"A","date":"2018-04-11T02:15:47.000Z","volume":22000,"label":" ","price":7.94},{"type":"A","date":"2018-04-11T02:16:34.000Z","volume":100000,"label":" ","price":7.95},{"type":"B","date":"2018-04-11T02:16:36.000Z","volume":6000,"label":" ","price":7.95},{"type":"A","date":"2018-04-11T02:16:53.000Z","volume":2000,"label":" ","price":7.96},{"type":"A","date":"2018-04-11T02:16:57.000Z","volume":10000,"label":" ","price":7.96},{"type":"A","date":"2018-04-11T02:17:00.000Z","volume":20000,"label":" ","price":7.96},{"type":"A","date":"2018-04-11T02:17:59.000Z","volume":2000,"label":" ","price":7.96},{"type":"A","date":"2018-04-11T02:18:39.000Z","volume":2000,"label":" ","price":7.96},{"type":"A","date":"2018-04-11T02:18:52.000Z","volume":10000,"label":" ","price":7.96},{"type":"A","date":"2018-04-11T02:19:07.000Z","volume":2000,"label":" ","price":7.96},{"type":"A","date":"2018-04-11T02:19:09.000Z","volume":54000,"label":" ","price":7.96},{"type":"A","date":"2018-04-11T02:20:04.000Z","volume":6000,"label":" ","price":7.97},{"type":"A","date":"2018-04-11T02:20:04.000Z","volume":4000,"label":"Y","price":7.97},{"type":"A","date":"2018-04-11T02:20:04.000Z","volume":42000,"label":" ","price":7.97},{"type":"A","date":"2018-04-11T02:20:23.000Z","volume":2000,"label":" ","price":7.98},{"type":"A","date":"2018-04-11T02:20:23.000Z","volume":2000,"label":" ","price":7.98},{"type":"A","date":"2018-04-11T02:20:23.000Z","volume":2000,"label":" ","price":7.98},{"type":"A","date":"2018-04-11T02:20:52.000Z","volume":106000,"label":" ","price":7.99},{"type":"B","date":"2018-04-11T02:21:10.000Z","volume":4000,"label":" ","price":7.99},{"type":"A","date":"2018-04-11T02:21:16.000Z","volume":10000,"label":" ","price":8},{"type":"A","date":"2018-04-11T02:21:35.000Z","volume":54000,"label":" ","price":8},{"type":"A","date":"2018-04-11T02:22:38.000Z","volume":10000,"label":" ","price":8},{"type":"A","date":"2018-04-11T02:22:38.000Z","volume":2000,"label":" ","price":8},{"type":"A","date":"2018-04-11T02:22:41.000Z","volume":2000,"label":" ","price":8},{"type":"A","date":"2018-04-11T02:22:53.000Z","volume":2000,"label":" ","price":8},{"type":"A","date":"2018-04-11T02:23:04.000Z","volume":16000,"label":" ","price":8},{"type":"A","date":"2018-04-11T02:23:04.000Z","volume":2000,"label":" ","price":8},{"type":"A","date":"2018-04-11T02:23:05.000Z","volume":2000,"label":" ","price":8.01},{"type":"A","date":"2018-04-11T02:24:39.000Z","volume":2000,"label":" ","price":8.01},{"type":"A","date":"2018-04-11T02:24:49.000Z","volume":8000,"label":" ","price":8.01},{"type":"A","date":"2018-04-11T02:26:20.000Z","volume":4000,"label":" ","price":8.01},{"type":"U","date":"2018-04-11T02:26:44.000Z","volume":10000,"label":"X","price":8},{"type":"A","date":"2018-04-11T02:26:44.000Z","volume":2000,"label":" ","price":8.01},{"type":"B","date":"2018-04-11T02:26:45.000Z","volume":14000,"label":" ","price":8},{"type":"A","date":"2018-04-11T02:28:46.000Z","volume":6000,"label":"Y","price":8},{"type":"U","date":"2018-04-11T02:29:06.000Z","volume":2000,"label":"X","price":7.995},{"type":"B","date":"2018-04-11T02:30:17.000Z","volume":2000,"label":" ","price":7.99},{"type":"A","date":"2018-04-11T02:30:39.000Z","volume":2000,"label":" ","price":8},{"type":"U","date":"2018-04-11T02:30:56.000Z","volume":2000,"label":"X","price":7.99},{"type":"B","date":"2018-04-11T02:31:06.000Z","volume":2000,"label":" ","price":7.99},{"type":"B","date":"2018-04-11T02:31:44.000Z","volume":2000,"label":" ","price":7.99},{"type":"B","date":"2018-04-11T02:31:49.000Z","volume":2000,"label":" ","price":7.99},{"type":"B","date":"2018-04-11T02:32:10.000Z","volume":2000,"label":" ","price":7.99},{"type":"B","date":"2018-04-11T02:32:34.000Z","volume":2000,"label":" ","price":7.99},{"type":"U","date":"2018-04-11T02:33:07.000Z","volume":2000,"label":"X","price":7.99},{"type":"B","date":"2018-04-11T02:33:16.000Z","volume":68000,"label":" ","price":7.99},{"type":"B","date":"2018-04-11T02:33:18.000Z","volume":2000,"label":" ","price":7.99},{"type":"B","date":"2018-04-11T02:34:04.000Z","volume":2000,"label":" ","price":7.99},{"type":"A","date":"2018-04-11T02:34:08.000Z","volume":2000,"label":" ","price":8},{"type":"A","date":"2018-04-11T02:34:20.000Z","volume":4000,"label":" ","price":8},{"type":"B","date":"2018-04-11T02:34:50.000Z","volume":2000,"label":"Y","price":7.99},{"type":"B","date":"2018-04-11T02:35:35.000Z","volume":2000,"label":"Y","price":7.99},{"type":"A","date":"2018-04-11T02:36:08.000Z","volume":2000,"label":" ","price":8},{"type":"B","date":"2018-04-11T02:36:19.000Z","volume":2000,"label":"Y","price":7.99},{"type":"B","date":"2018-04-11T02:37:05.000Z","volume":2000,"label":"Y","price":7.99},{"type":"A","date":"2018-04-11T02:37:10.000Z","volume":12000,"label":" ","price":8},{"type":"A","date":"2018-04-11T02:37:23.000Z","volume":2000,"label":" ","price":8},{"type":"B","date":"2018-04-11T02:37:49.000Z","volume":2000,"label":"Y","price":7.99},{"type":"A","date":"2018-04-11T02:37:50.000Z","volume":8000,"label":" ","price":8},{"type":"B","date":"2018-04-11T02:38:14.000Z","volume":10000,"label":" ","price":7.99},{"type":"A","date":"2018-04-11T02:38:21.000Z","volume":10000,"label":"Y","price":8},{"type":"A","date":"2018-04-11T02:38:21.000Z","volume":8000,"label":" ","price":8},{"type":"B","date":"2018-04-11T02:38:50.000Z","volume":2000,"label":" ","price":7.99},{"type":"A","date":"2018-04-11T02:39:22.000Z","volume":4000,"label":" ","price":8},{"type":"B","date":"2018-04-11T02:39:33.000Z","volume":2000,"label":" ","price":7.99},{"type":"B","date":"2018-04-11T02:39:52.000Z","volume":6000,"label":" ","price":7.99},{"type":"B","date":"2018-04-11T02:40:01.000Z","volume":8000,"label":" ","price":7.99},{"type":"B","date":"2018-04-11T02:40:05.000Z","volume":10000,"label":" ","price":7.99},{"type":"B","date":"2018-04-11T02:40:21.000Z","volume":2000,"label":"Y","price":7.99},{"type":"A","date":"2018-04-11T02:40:30.000Z","volume":2000,"label":" ","price":8},{"type":"B","date":"2018-04-11T02:41:06.000Z","volume":2000,"label":"Y","price":7.99},{"type":"A","date":"2018-04-11T02:41:23.000Z","volume":2000,"label":" ","price":8},{"type":"A","date":"2018-04-11T02:41:30.000Z","volume":2000,"label":" ","price":8},{"type":"A","date":"2018-04-11T02:41:30.000Z","volume":2000,"label":" ","price":8},{"type":"U","date":"2018-04-11T02:42:28.000Z","volume":2000,"label":"X","price":7.99},{"type":"B","date":"2018-04-11T02:42:34.000Z","volume":2000,"label":"Y","price":7.99},{"type":"A","date":"2018-04-11T02:42:39.000Z","volume":2000,"label":" ","price":8},{"type":"B","date":"2018-04-11T02:42:52.000Z","volume":10000,"label":" ","price":7.99},{"type":"B","date":"2018-04-11T02:43:17.000Z","volume":2000,"label":"Y","price":7.99},{"type":"A","date":"2018-04-11T02:43:22.000Z","volume":4000,"label":" ","price":8},{"type":"A","date":"2018-04-11T02:43:44.000Z","volume":10000,"label":" ","price":8},{"type":"B","date":"2018-04-11T02:44:30.000Z","volume":2000,"label":"Y","price":7.99},{"type":"A","date":"2018-04-11T02:45:03.000Z","volume":2000,"label":" ","price":8},{"type":"A","date":"2018-04-11T02:45:04.000Z","volume":2000,"label":" ","price":8},{"type":"U","date":"2018-04-11T02:46:16.000Z","volume":2000,"label":"X","price":8},{"type":"B","date":"2018-04-11T02:46:16.000Z","volume":2000,"label":" ","price":8},{"type":"B","date":"2018-04-11T02:48:26.000Z","volume":2000,"label":" ","price":7.99},{"type":"A","date":"2018-04-11T02:48:39.000Z","volume":2000,"label":" ","price":8},{"type":"B","date":"2018-04-11T02:48:45.000Z","volume":10000,"label":" ","price":7.99},{"type":"A","date":"2018-04-11T02:49:25.000Z","volume":10000,"label":" ","price":8},{"type":"U","date":"2018-04-11T02:50:07.000Z","volume":2000,"label":"X","price":7.99},{"type":"B","date":"2018-04-11T02:50:08.000Z","volume":54000,"label":" ","price":7.99},{"type":"B","date":"2018-04-11T02:50:08.000Z","volume":12000,"label":" ","price":7.99},{"type":"U","date":"2018-04-11T02:51:06.000Z","volume":4000,"label":"X","price":7.98},{"type":"B","date":"2018-04-11T02:51:10.000Z","volume":110000,"label":" ","price":7.98},{"type":"U","date":"2018-04-11T02:51:10.000Z","volume":2000,"label":"X","price":7.98},{"type":"U","date":"2018-04-11T02:51:11.000Z","volume":6000,"label":" ","price":7.98},{"type":"B","date":"2018-04-11T02:51:48.000Z","volume":10000,"label":" ","price":7.97},{"type":"B","date":"2018-04-11T02:51:48.000Z","volume":2000,"label":"Y","price":7.97},{"type":"B","date":"2018-04-11T02:51:48.000Z","volume":2000,"label":" ","price":7.97},{"type":"A","date":"2018-04-11T02:52:31.000Z","volume":50000,"label":" ","price":7.97},{"type":"A","date":"2018-04-11T02:53:57.000Z","volume":68000,"label":" ","price":7.97},{"type":"B","date":"2018-04-11T02:53:57.000Z","volume":12000,"label":" ","price":7.97},{"type":"A","date":"2018-04-11T02:53:57.000Z","volume":2000,"label":" ","price":7.98},{"type":"B","date":"2018-04-11T02:54:00.000Z","volume":24000,"label":" ","price":7.97},{"type":"A","date":"2018-04-11T02:54:05.000Z","volume":2000,"label":" ","price":7.98},{"type":"U","date":"2018-04-11T02:59:09.000Z","volume":2000,"label":"X","price":7.96},{"type":"B","date":"2018-04-11T02:59:59.000Z","volume":8000,"label":" ","price":7.98},{"type":"B","date":"2018-04-11T03:00:01.000Z","volume":4000,"label":" ","price":7.98},{"type":"A","date":"2018-04-11T03:00:26.000Z","volume":10000,"label":" ","price":7.98},{"type":"B","date":"2018-04-11T03:00:28.000Z","volume":20000,"label":" ","price":7.97},{"type":"B","date":"2018-04-11T03:00:28.000Z","volume":8000,"label":" ","price":7.97},{"type":"A","date":"2018-04-11T03:00:39.000Z","volume":2000,"label":" ","price":7.98},{"type":"A","date":"2018-04-11T03:01:35.000Z","volume":2000,"label":" ","price":7.98},{"type":"U","date":"2018-04-11T03:01:39.000Z","volume":2000,"label":"X","price":7.97},{"type":"B","date":"2018-04-11T03:03:15.000Z","volume":10000,"label":" ","price":7.97},{"type":"U","date":"2018-04-11T03:04:07.000Z","volume":4000,"label":"X","price":7.97},{"type":"U","date":"2018-04-11T03:04:10.000Z","volume":2000,"label":"X","price":7.97},{"type":"B","date":"2018-04-11T03:05:28.000Z","volume":6000,"label":" ","price":7.97},{"type":"A","date":"2018-04-11T03:05:36.000Z","volume":4000,"label":" ","price":7.98},{"type":"B","date":"2018-04-11T03:06:29.000Z","volume":10000,"label":" ","price":7.97},{"type":"B","date":"2018-04-11T03:06:32.000Z","volume":2000,"label":"Y","price":7.97},{"type":"B","date":"2018-04-11T03:06:32.000Z","volume":12000,"label":" ","price":7.97},{"type":"U","date":"2018-04-11T03:06:50.000Z","volume":2000,"label":"X","price":7.97},{"type":"A","date":"2018-04-11T03:06:56.000Z","volume":2000,"label":" ","price":7.98},{"type":"B","date":"2018-04-11T03:07:05.000Z","volume":4000,"label":" ","price":7.97},{"type":"A","date":"2018-04-11T03:07:06.000Z","volume":6000,"label":" ","price":7.97},{"type":"U","date":"2018-04-11T03:07:16.000Z","volume":1500,"label":"D","price":8},{"type":"A","date":"2018-04-11T03:07:54.000Z","volume":50000,"label":" ","price":7.97},{"type":"U","date":"2018-04-11T03:08:08.000Z","volume":2000,"label":"X","price":7.965},{"type":"A","date":"2018-04-11T03:08:14.000Z","volume":4000,"label":" ","price":7.97},{"type":"A","date":"2018-04-11T03:09:13.000Z","volume":4000,"label":" ","price":7.97},{"type":"U","date":"2018-04-11T03:09:37.000Z","volume":2000,"label":"X","price":7.96},{"type":"A","date":"2018-04-11T03:10:18.000Z","volume":2000,"label":" ","price":7.97},{"type":"A","date":"2018-04-11T03:11:14.000Z","volume":124000,"label":" ","price":7.97},{"type":"A","date":"2018-04-11T03:11:14.000Z","volume":46000,"label":" ","price":7.97},{"type":"A","date":"2018-04-11T03:11:21.000Z","volume":48000,"label":" ","price":7.98},{"type":"A","date":"2018-04-11T03:11:22.000Z","volume":4000,"label":" ","price":7.98},{"type":"A","date":"2018-04-11T03:11:24.000Z","volume":6000,"label":" ","price":7.98},{"type":"A","date":"2018-04-11T03:11:24.000Z","volume":90000,"label":" ","price":7.98},{"type":"A","date":"2018-04-11T03:11:34.000Z","volume":2000,"label":" ","price":7.99},{"type":"B","date":"2018-04-11T03:11:42.000Z","volume":4000,"label":" ","price":7.96},{"type":"A","date":"2018-04-11T03:12:39.000Z","volume":2000,"label":" ","price":7.99},{"type":"B","date":"2018-04-11T03:12:40.000Z","volume":4000,"label":" ","price":7.96},{"type":"A","date":"2018-04-11T03:12:43.000Z","volume":2000,"label":" ","price":7.99},{"type":"A","date":"2018-04-11T03:12:47.000Z","volume":2000,"label":" ","price":7.99},{"type":"B","date":"2018-04-11T03:13:39.000Z","volume":4000,"label":"Y","price":7.97},{"type":"U","date":"2018-04-11T03:13:47.000Z","volume":4000,"label":"X","price":7.98},{"type":"A","date":"2018-04-11T03:14:03.000Z","volume":12000,"label":" ","price":7.99},{"type":"A","date":"2018-04-11T03:14:19.000Z","volume":4000,"label":" ","price":7.99},{"type":"B","date":"2018-04-11T03:14:25.000Z","volume":2000,"label":" ","price":7.98},{"type":"B","date":"2018-04-11T03:14:25.000Z","volume":2000,"label":" ","price":7.98},{"type":"B","date":"2018-04-11T03:14:37.000Z","volume":4000,"label":" ","price":7.98},{"type":"U","date":"2018-04-11T03:14:38.000Z","volume":18000,"label":"X","price":7.98},{"type":"A","date":"2018-04-11T03:15:08.000Z","volume":2000,"label":" ","price":7.99},{"type":"B","date":"2018-04-11T03:15:36.000Z","volume":4000,"label":" ","price":7.98},{"type":"B","date":"2018-04-11T03:16:34.000Z","volume":4000,"label":" ","price":7.98},{"type":"B","date":"2018-04-11T03:17:32.000Z","volume":4000,"label":" ","price":7.98},{"type":"U","date":"2018-04-11T03:17:37.000Z","volume":2000,"label":"X","price":7.98},{"type":"A","date":"2018-04-11T03:18:01.000Z","volume":2000,"label":" ","price":7.99},{"type":"B","date":"2018-04-11T03:18:30.000Z","volume":4000,"label":" ","price":7.98},{"type":"A","date":"2018-04-11T03:18:39.000Z","volume":2000,"label":" ","price":7.99},{"type":"U","date":"2018-04-11T03:19:03.000Z","volume":2000,"label":"X","price":7.98},{"type":"B","date":"2018-04-11T03:19:29.000Z","volume":4000,"label":" ","price":7.98},{"type":"B","date":"2018-04-11T03:19:52.000Z","volume":4000,"label":" ","price":7.98},{"type":"B","date":"2018-04-11T03:19:56.000Z","volume":6000,"label":" ","price":7.98},{"type":"B","date":"2018-04-11T03:20:07.000Z","volume":2000,"label":" ","price":7.98},{"type":"B","date":"2018-04-11T03:20:28.000Z","volume":4000,"label":" ","price":7.98},{"type":"A","date":"2018-04-11T03:20:57.000Z","volume":2000,"label":" ","price":7.99},{"type":"B","date":"2018-04-11T03:21:25.000Z","volume":4000,"label":" ","price":7.98},{"type":"U","date":"2018-04-11T03:22:13.000Z","volume":2000,"label":"X","price":7.98},{"type":"B","date":"2018-04-11T03:22:24.000Z","volume":4000,"label":" ","price":7.98},{"type":"B","date":"2018-04-11T03:23:22.000Z","volume":4000,"label":" ","price":7.98},{"type":"B","date":"2018-04-11T03:23:23.000Z","volume":2000,"label":" ","price":7.98},{"type":"A","date":"2018-04-11T03:23:30.000Z","volume":2000,"label":" ","price":7.99},{"type":"A","date":"2018-04-11T03:23:52.000Z","volume":2000,"label":" ","price":7.99},{"type":"B","date":"2018-04-11T03:24:20.000Z","volume":4000,"label":" ","price":7.98},{"type":"B","date":"2018-04-11T03:24:29.000Z","volume":136000,"label":" ","price":7.98},{"type":"A","date":"2018-04-11T03:24:29.000Z","volume":2000,"label":" ","price":7.98},{"type":"A","date":"2018-04-11T03:24:29.000Z","volume":4000,"label":" ","price":7.98},{"type":"A","date":"2018-04-11T03:24:29.000Z","volume":6000,"label":" ","price":7.98},{"type":"A","date":"2018-04-11T03:24:29.000Z","volume":8000,"label":" ","price":7.98},{"type":"A","date":"2018-04-11T03:24:29.000Z","volume":24000,"label":" ","price":7.98},{"type":"A","date":"2018-04-11T03:24:29.000Z","volume":42000,"label":" ","price":7.98},{"type":"U","date":"2018-04-11T03:24:37.000Z","volume":2000,"label":"X","price":7.975},{"type":"U","date":"2018-04-11T03:25:14.000Z","volume":2000,"label":"X","price":7.97},{"type":"B","date":"2018-04-11T03:25:19.000Z","volume":4000,"label":"Y","price":7.97},{"type":"B","date":"2018-04-11T03:26:17.000Z","volume":2000,"label":"Y","price":7.97},{"type":"A","date":"2018-04-11T03:26:19.000Z","volume":4000,"label":" ","price":7.98},{"type":"A","date":"2018-04-11T03:26:49.000Z","volume":2000,"label":" ","price":7.98},{"type":"B","date":"2018-04-11T03:27:16.000Z","volume":4000,"label":"Y","price":7.97},{"type":"U","date":"2018-04-11T03:28:04.000Z","volume":2000,"label":"X","price":7.97},{"type":"B","date":"2018-04-11T03:28:14.000Z","volume":4000,"label":"Y","price":7.97},{"type":"A","date":"2018-04-11T03:29:10.000Z","volume":10000,"label":" ","price":7.98},{"type":"B","date":"2018-04-11T03:29:12.000Z","volume":4000,"label":"Y","price":7.97},{"type":"B","date":"2018-04-11T03:29:12.000Z","volume":80000,"label":" ","price":7.97},{"type":"A","date":"2018-04-11T03:29:12.000Z","volume":26000,"label":" ","price":7.98},{"type":"A","date":"2018-04-11T03:29:20.000Z","volume":8000,"label":" ","price":7.98},{"type":"A","date":"2018-04-11T03:29:26.000Z","volume":10000,"label":" ","price":7.97},{"type":"B","date":"2018-04-11T03:30:16.000Z","volume":4000,"label":" ","price":7.96},{"type":"U","date":"2018-04-11T03:30:46.000Z","volume":2000,"label":"X","price":7.96},{"type":"B","date":"2018-04-11T03:31:08.000Z","volume":4000,"label":" ","price":7.96},{"type":"A","date":"2018-04-11T03:31:48.000Z","volume":4000,"label":" ","price":7.98},{"type":"B","date":"2018-04-11T03:32:05.000Z","volume":2000,"label":" ","price":7.97},{"type":"B","date":"2018-04-11T03:32:06.000Z","volume":4000,"label":" ","price":7.97},{"type":"B","date":"2018-04-11T03:33:05.000Z","volume":4000,"label":" ","price":7.97},{"type":"U","date":"2018-04-11T03:33:08.000Z","volume":2000,"label":"X","price":7.97},{"type":"B","date":"2018-04-11T03:33:38.000Z","volume":2000,"label":" ","price":7.97},{"type":"B","date":"2018-04-11T03:34:03.000Z","volume":4000,"label":" ","price":7.97},{"type":"B","date":"2018-04-11T03:34:54.000Z","volume":2000,"label":" ","price":7.97},{"type":"A","date":"2018-04-11T03:34:59.000Z","volume":2000,"label":" ","price":7.98},{"type":"B","date":"2018-04-11T03:35:01.000Z","volume":4000,"label":" ","price":7.97},{"type":"U","date":"2018-04-11T03:35:39.000Z","volume":2000,"label":"X","price":7.97},{"type":"B","date":"2018-04-11T03:35:59.000Z","volume":4000,"label":" ","price":7.97},{"type":"U","date":"2018-04-11T03:36:08.000Z","volume":2000,"label":"X","price":7.975},{"type":"B","date":"2018-04-11T03:36:58.000Z","volume":4000,"label":" ","price":7.97},{"type":"B","date":"2018-04-11T03:37:56.000Z","volume":4000,"label":" ","price":7.97},{"type":"U","date":"2018-04-11T03:37:59.000Z","volume":2000,"label":"X","price":7.97},{"type":"B","date":"2018-04-11T03:38:55.000Z","volume":4000,"label":" ","price":7.97},{"type":"U","date":"2018-04-11T03:39:08.000Z","volume":2000,"label":"X","price":7.98},{"type":"B","date":"2018-04-11T03:39:53.000Z","volume":4000,"label":" ","price":7.97},{"type":"A","date":"2018-04-11T03:39:57.000Z","volume":4000,"label":" ","price":7.98},{"type":"B","date":"2018-04-11T03:39:59.000Z","volume":10000,"label":" ","price":7.97},{"type":"U","date":"2018-04-11T03:40:30.000Z","volume":2000,"label":"X","price":7.97},{"type":"B","date":"2018-04-11T03:40:51.000Z","volume":4000,"label":" ","price":7.97},{"type":"A","date":"2018-04-11T03:41:00.000Z","volume":6000,"label":" ","price":7.98},{"type":"B","date":"2018-04-11T03:41:49.000Z","volume":4000,"label":" ","price":7.97},{"type":"A","date":"2018-04-11T03:42:39.000Z","volume":2000,"label":" ","price":7.98},{"type":"B","date":"2018-04-11T03:42:47.000Z","volume":4000,"label":" ","price":7.97},{"type":"B","date":"2018-04-11T03:43:07.000Z","volume":2000,"label":" ","price":7.97},{"type":"A","date":"2018-04-11T03:43:07.000Z","volume":2000,"label":" ","price":7.98},{"type":"A","date":"2018-04-11T03:43:12.000Z","volume":6000,"label":" ","price":7.98},{"type":"B","date":"2018-04-11T03:43:46.000Z","volume":4000,"label":" ","price":7.97},{"type":"B","date":"2018-04-11T03:44:45.000Z","volume":4000,"label":" ","price":7.97},{"type":"B","date":"2018-04-11T03:45:13.000Z","volume":62000,"label":" ","price":7.97},{"type":"B","date":"2018-04-11T03:45:13.000Z","volume":66000,"label":" ","price":7.96},{"type":"B","date":"2018-04-11T03:45:13.000Z","volume":2000,"label":" ","price":7.97},{"type":"A","date":"2018-04-11T03:45:13.000Z","volume":6000,"label":" ","price":7.98},{"type":"B","date":"2018-04-11T03:45:16.000Z","volume":6000,"label":" ","price":7.97},{"type":"A","date":"2018-04-11T03:45:16.000Z","volume":4000,"label":" ","price":7.97},{"type":"A","date":"2018-04-11T03:45:16.000Z","volume":20000,"label":" ","price":7.98},{"type":"B","date":"2018-04-11T03:45:43.000Z","volume":4000,"label":" ","price":7.97},{"type":"B","date":"2018-04-11T03:46:41.000Z","volume":4000,"label":" ","price":7.97},{"type":"B","date":"2018-04-11T03:47:39.000Z","volume":4000,"label":" ","price":7.97},{"type":"B","date":"2018-04-11T03:48:37.000Z","volume":4000,"label":" ","price":7.97},{"type":"B","date":"2018-04-11T03:49:29.000Z","volume":2000,"label":" ","price":7.98},{"type":"B","date":"2018-04-11T03:49:35.000Z","volume":4000,"label":" ","price":7.97},{"type":"B","date":"2018-04-11T03:50:02.000Z","volume":4000,"label":" ","price":7.98},{"type":"B","date":"2018-04-11T03:50:02.000Z","volume":4000,"label":" ","price":7.98},{"type":"U","date":"2018-04-11T03:50:08.000Z","volume":2000,"label":"X","price":7.975},{"type":"B","date":"2018-04-11T03:50:35.000Z","volume":4000,"label":" ","price":7.97},{"type":"A","date":"2018-04-11T03:50:38.000Z","volume":4000,"label":" ","price":7.98},{"type":"A","date":"2018-04-11T03:51:07.000Z","volume":6000,"label":" ","price":7.98},{"type":"B","date":"2018-04-11T03:51:33.000Z","volume":4000,"label":" ","price":7.97},{"type":"B","date":"2018-04-11T03:52:31.000Z","volume":4000,"label":" ","price":7.97},{"type":"B","date":"2018-04-11T03:52:43.000Z","volume":10000,"label":" ","price":7.97},{"type":"B","date":"2018-04-11T03:53:29.000Z","volume":4000,"label":" ","price":7.97},{"type":"B","date":"2018-04-11T03:54:27.000Z","volume":10000,"label":" ","price":7.97},{"type":"A","date":"2018-04-11T03:54:43.000Z","volume":4000,"label":" ","price":7.97},{"type":"A","date":"2018-04-11T03:55:25.000Z","volume":4000,"label":" ","price":7.97},{"type":"B","date":"2018-04-11T03:55:25.000Z","volume":2000,"label":" ","price":7.96},{"type":"A","date":"2018-04-11T03:55:48.000Z","volume":2000,"label":" ","price":7.97},{"type":"B","date":"2018-04-11T03:56:23.000Z","volume":4000,"label":" ","price":7.96},{"type":"U","date":"2018-04-11T03:56:36.000Z","volume":1101,"label":"D","price":8.04},{"type":"B","date":"2018-04-11T03:57:22.000Z","volume":4000,"label":" ","price":7.96},{"type":"A","date":"2018-04-11T03:57:36.000Z","volume":2000,"label":" ","price":7.97},{"type":"A","date":"2018-04-11T03:58:10.000Z","volume":2000,"label":" ","price":7.97},{"type":"B","date":"2018-04-11T03:58:21.000Z","volume":4000,"label":" ","price":7.96},{"type":"A","date":"2018-04-11T03:58:38.000Z","volume":2000,"label":" ","price":7.97},{"type":"B","date":"2018-04-11T03:59:19.000Z","volume":4000,"label":" ","price":7.96},{"type":"A","date":"2018-04-11T03:59:24.000Z","volume":4000,"label":" ","price":7.97},{"type":"A","date":"2018-04-11T03:59:24.000Z","volume":2000,"label":" ","price":7.98},{"type":"A","date":"2018-04-11T05:00:05.000Z","volume":2000,"label":" ","price":7.98},{"type":"B","date":"2018-04-11T05:00:16.000Z","volume":4000,"label":" ","price":7.96},{"type":"U","date":"2018-04-11T05:00:29.000Z","volume":2000,"label":"X","price":7.97},{"type":"B","date":"2018-04-11T05:00:34.000Z","volume":30000,"label":" ","price":7.97},{"type":"B","date":"2018-04-11T05:00:34.000Z","volume":14000,"label":" ","price":7.97},{"type":"U","date":"2018-04-11T05:00:34.000Z","volume":2000,"label":" ","price":7.97},{"type":"B","date":"2018-04-11T05:00:43.000Z","volume":2000,"label":" ","price":7.97},{"type":"B","date":"2018-04-11T05:01:16.000Z","volume":4000,"label":" ","price":7.97},{"type":"B","date":"2018-04-11T05:01:16.000Z","volume":2000,"label":" ","price":7.97},{"type":"B","date":"2018-04-11T05:02:14.000Z","volume":4000,"label":" ","price":7.97},{"type":"B","date":"2018-04-11T05:02:52.000Z","volume":2000,"label":" ","price":7.97},{"type":"B","date":"2018-04-11T05:03:12.000Z","volume":4000,"label":" ","price":7.97},{"type":"U","date":"2018-04-11T05:04:09.000Z","volume":2000,"label":"X","price":7.97},{"type":"B","date":"2018-04-11T05:04:10.000Z","volume":4000,"label":" ","price":7.97},{"type":"A","date":"2018-04-11T05:04:39.000Z","volume":4000,"label":" ","price":7.98},{"type":"B","date":"2018-04-11T05:05:08.000Z","volume":4000,"label":" ","price":7.97},{"type":"B","date":"2018-04-11T05:06:06.000Z","volume":4000,"label":" ","price":7.97},{"type":"B","date":"2018-04-11T05:07:05.000Z","volume":4000,"label":" ","price":7.97},{"type":"A","date":"2018-04-11T05:07:26.000Z","volume":2000,"label":" ","price":7.98},{"type":"U","date":"2018-04-11T05:07:39.000Z","volume":2000,"label":"X","price":7.97},{"type":"B","date":"2018-04-11T05:08:03.000Z","volume":4000,"label":" ","price":7.97},{"type":"A","date":"2018-04-11T05:08:24.000Z","volume":2000,"label":" ","price":7.98},{"type":"B","date":"2018-04-11T05:09:02.000Z","volume":4000,"label":" ","price":7.97},{"type":"B","date":"2018-04-11T05:09:41.000Z","volume":2000,"label":" ","price":7.97},{"type":"A","date":"2018-04-11T05:09:48.000Z","volume":4000,"label":" ","price":7.98},{"type":"B","date":"2018-04-11T05:10:00.000Z","volume":2000,"label":" ","price":7.97},{"type":"B","date":"2018-04-11T05:10:01.000Z","volume":4000,"label":" ","price":7.97},{"type":"B","date":"2018-04-11T05:10:59.000Z","volume":4000,"label":" ","price":7.97},{"type":"A","date":"2018-04-11T05:11:24.000Z","volume":2000,"label":" ","price":7.98},{"type":"B","date":"2018-04-11T05:11:57.000Z","volume":4000,"label":" ","price":7.97},{"type":"B","date":"2018-04-11T05:12:03.000Z","volume":2000,"label":" ","price":7.97},{"type":"B","date":"2018-04-11T05:12:04.000Z","volume":2000,"label":" ","price":7.97},{"type":"B","date":"2018-04-11T05:12:04.000Z","volume":2000,"label":" ","price":7.97},{"type":"A","date":"2018-04-11T05:12:05.000Z","volume":2000,"label":" ","price":7.98},{"type":"A","date":"2018-04-11T05:12:33.000Z","volume":2000,"label":" ","price":7.98},{"type":"A","date":"2018-04-11T05:12:39.000Z","volume":10000,"label":" ","price":7.98},{"type":"A","date":"2018-04-11T05:12:55.000Z","volume":2000,"label":" ","price":7.98},{"type":"B","date":"2018-04-11T05:12:56.000Z","volume":4000,"label":" ","price":7.97},{"type":"B","date":"2018-04-11T05:13:33.000Z","volume":2000,"label":" ","price":7.97},{"type":"B","date":"2018-04-11T05:13:37.000Z","volume":10000,"label":" ","price":7.97},{"type":"B","date":"2018-04-11T05:13:54.000Z","volume":4000,"label":" ","price":7.97},{"type":"A","date":"2018-04-11T05:13:54.000Z","volume":2000,"label":" ","price":7.98},{"type":"B","date":"2018-04-11T05:14:23.000Z","volume":2000,"label":" ","price":7.97},{"type":"U","date":"2018-04-11T05:14:39.000Z","volume":2000,"label":"X","price":7.97},{"type":"B","date":"2018-04-11T05:14:52.000Z","volume":4000,"label":" ","price":7.97},{"type":"A","date":"2018-04-11T05:14:55.000Z","volume":2000,"label":" ","price":7.98},{"type":"U","date":"2018-04-11T05:15:27.000Z","volume":2000,"label":"X","price":7.97},{"type":"U","date":"2018-04-11T05:15:27.000Z","volume":2000,"label":"X","price":7.97},{"type":"B","date":"2018-04-11T05:15:51.000Z","volume":4000,"label":" ","price":7.97},{"type":"B","date":"2018-04-11T05:16:11.000Z","volume":10000,"label":" ","price":7.97},{"type":"B","date":"2018-04-11T05:16:49.000Z","volume":4000,"label":" ","price":7.97},{"type":"B","date":"2018-04-11T05:16:49.000Z","volume":46000,"label":" ","price":7.97},{"type":"B","date":"2018-04-11T05:16:49.000Z","volume":4000,"label":" ","price":7.97},{"type":"B","date":"2018-04-11T05:17:02.000Z","volume":10000,"label":" ","price":7.97},{"type":"B","date":"2018-04-11T05:17:02.000Z","volume":120000,"label":" ","price":7.96},{"type":"B","date":"2018-04-11T05:17:04.000Z","volume":42000,"label":" ","price":7.95},{"type":"A","date":"2018-04-11T05:17:32.000Z","volume":2000,"label":" ","price":7.95},{"type":"B","date":"2018-04-11T05:17:47.000Z","volume":2000,"label":" ","price":7.94},{"type":"B","date":"2018-04-11T05:18:07.000Z","volume":2000,"label":" ","price":7.94},{"type":"B","date":"2018-04-11T05:18:17.000Z","volume":6000,"label":" ","price":7.94},{"type":"B","date":"2018-04-11T05:18:22.000Z","volume":54000,"label":" ","price":7.94},{"type":"U","date":"2018-04-11T05:18:22.000Z","volume":2000,"label":"X","price":7.94},{"type":"B","date":"2018-04-11T05:18:23.000Z","volume":2000,"label":" ","price":7.94},{"type":"B","date":"2018-04-11T05:18:45.000Z","volume":4000,"label":" ","price":7.93},{"type":"B","date":"2018-04-11T05:19:44.000Z","volume":4000,"label":" ","price":7.93},{"type":"U","date":"2018-04-11T05:20:09.000Z","volume":4000,"label":"X","price":7.93},{"type":"B","date":"2018-04-11T05:20:22.000Z","volume":2000,"label":" ","price":7.93},{"type":"B","date":"2018-04-11T05:20:23.000Z","volume":2000,"label":" ","price":7.93},{"type":"B","date":"2018-04-11T05:20:43.000Z","volume":4000,"label":" ","price":7.93},{"type":"A","date":"2018-04-11T05:21:25.000Z","volume":4000,"label":" ","price":7.95},{"type":"B","date":"2018-04-11T05:21:40.000Z","volume":4000,"label":" ","price":7.93},{"type":"A","date":"2018-04-11T05:22:08.000Z","volume":2000,"label":" ","price":7.94},{"type":"B","date":"2018-04-11T05:22:38.000Z","volume":4000,"label":" ","price":7.93},{"type":"B","date":"2018-04-11T05:23:23.000Z","volume":2000,"label":" ","price":7.93},{"type":"B","date":"2018-04-11T05:23:37.000Z","volume":4000,"label":" ","price":7.93},{"type":"B","date":"2018-04-11T05:23:48.000Z","volume":2000,"label":" ","price":7.93},{"type":"B","date":"2018-04-11T05:24:35.000Z","volume":4000,"label":" ","price":7.93},{"type":"B","date":"2018-04-11T05:24:50.000Z","volume":4000,"label":" ","price":7.93},{"type":"B","date":"2018-04-11T05:25:20.000Z","volume":2000,"label":" ","price":7.93},{"type":"B","date":"2018-04-11T05:25:33.000Z","volume":4000,"label":" ","price":7.93},{"type":"B","date":"2018-04-11T05:25:51.000Z","volume":8000,"label":" ","price":7.93},{"type":"B","date":"2018-04-11T05:26:00.000Z","volume":14000,"label":" ","price":7.93},{"type":"B","date":"2018-04-11T05:26:00.000Z","volume":120000,"label":" ","price":7.93},{"type":"U","date":"2018-04-11T05:26:10.000Z","volume":2000,"label":"X","price":7.93},{"type":"B","date":"2018-04-11T05:26:32.000Z","volume":4000,"label":" ","price":7.92},{"type":"B","date":"2018-04-11T05:27:30.000Z","volume":4000,"label":" ","price":7.92},{"type":"B","date":"2018-04-11T05:27:40.000Z","volume":10000,"label":" ","price":7.92},{"type":"B","date":"2018-04-11T05:27:41.000Z","volume":10000,"label":" ","price":7.92},{"type":"U","date":"2018-04-11T05:27:41.000Z","volume":2000,"label":"X","price":7.92},{"type":"B","date":"2018-04-11T05:28:17.000Z","volume":48000,"label":" ","price":7.92},{"type":"B","date":"2018-04-11T05:28:20.000Z","volume":30000,"label":" ","price":7.91},{"type":"B","date":"2018-04-11T05:28:20.000Z","volume":6000,"label":" ","price":7.91},{"type":"B","date":"2018-04-11T05:28:20.000Z","volume":26000,"label":" ","price":7.9},{"type":"B","date":"2018-04-11T05:28:28.000Z","volume":4000,"label":" ","price":7.9},{"type":"A","date":"2018-04-11T05:29:02.000Z","volume":2000,"label":" ","price":7.91},{"type":"A","date":"2018-04-11T05:29:02.000Z","volume":2000,"label":" ","price":7.91},{"type":"B","date":"2018-04-11T05:29:27.000Z","volume":4000,"label":" ","price":7.9},{"type":"U","date":"2018-04-11T05:29:33.000Z","volume":4000,"label":"X","price":7.9},{"type":"B","date":"2018-04-11T05:30:14.000Z","volume":10000,"label":" ","price":7.9},{"type":"B","date":"2018-04-11T05:30:25.000Z","volume":4000,"label":" ","price":7.9},{"type":"B","date":"2018-04-11T05:30:49.000Z","volume":6000,"label":" ","price":7.9},{"type":"B","date":"2018-04-11T05:31:15.000Z","volume":4000,"label":" ","price":7.9},{"type":"B","date":"2018-04-11T05:31:23.000Z","volume":4000,"label":" ","price":7.9},{"type":"A","date":"2018-04-11T05:31:44.000Z","volume":2000,"label":" ","price":7.91},{"type":"B","date":"2018-04-11T05:32:04.000Z","volume":2000,"label":" ","price":7.9},{"type":"B","date":"2018-04-11T05:32:22.000Z","volume":4000,"label":" ","price":7.9},{"type":"A","date":"2018-04-11T05:32:54.000Z","volume":4000,"label":" ","price":7.91},{"type":"A","date":"2018-04-11T05:33:01.000Z","volume":76000,"label":" ","price":7.91},{"type":"A","date":"2018-04-11T05:33:17.000Z","volume":2000,"label":" ","price":7.92},{"type":"A","date":"2018-04-11T05:33:17.000Z","volume":2000,"label":" ","price":7.92},{"type":"B","date":"2018-04-11T05:33:20.000Z","volume":4000,"label":" ","price":7.91},{"type":"A","date":"2018-04-11T05:33:47.000Z","volume":2000,"label":" ","price":7.92},{"type":"A","date":"2018-04-11T05:33:47.000Z","volume":2000,"label":" ","price":7.92},{"type":"A","date":"2018-04-11T05:33:52.000Z","volume":2000,"label":" ","price":7.92},{"type":"B","date":"2018-04-11T05:34:25.000Z","volume":4000,"label":" ","price":7.91},{"type":"A","date":"2018-04-11T05:34:27.000Z","volume":2000,"label":"Y","price":7.92},{"type":"A","date":"2018-04-11T05:34:47.000Z","volume":2000,"label":" ","price":7.92},{"type":"A","date":"2018-04-11T05:34:59.000Z","volume":2000,"label":" ","price":7.92},{"type":"B","date":"2018-04-11T05:35:17.000Z","volume":4000,"label":" ","price":7.91},{"type":"A","date":"2018-04-11T05:35:24.000Z","volume":2000,"label":" ","price":7.92},{"type":"A","date":"2018-04-11T05:35:30.000Z","volume":2000,"label":" ","price":7.92},{"type":"B","date":"2018-04-11T05:36:04.000Z","volume":10000,"label":" ","price":7.91},{"type":"B","date":"2018-04-11T05:36:15.000Z","volume":4000,"label":" ","price":7.91},{"type":"B","date":"2018-04-11T05:36:15.000Z","volume":14000,"label":" ","price":7.91},{"type":"A","date":"2018-04-11T05:36:34.000Z","volume":4000,"label":" ","price":7.91},{"type":"B","date":"2018-04-11T05:36:53.000Z","volume":46000,"label":" ","price":7.9},{"type":"B","date":"2018-04-11T05:37:13.000Z","volume":4000,"label":" ","price":7.89},{"type":"B","date":"2018-04-11T05:37:19.000Z","volume":2000,"label":" ","price":7.89},{"type":"U","date":"2018-04-11T05:37:36.000Z","volume":4000,"label":"X","price":7.89},{"type":"B","date":"2018-04-11T05:38:12.000Z","volume":4000,"label":" ","price":7.89},{"type":"B","date":"2018-04-11T05:39:10.000Z","volume":4000,"label":" ","price":7.89},{"type":"B","date":"2018-04-11T05:40:08.000Z","volume":4000,"label":" ","price":7.89},{"type":"B","date":"2018-04-11T05:41:06.000Z","volume":4000,"label":" ","price":7.9},{"type":"U","date":"2018-04-11T05:41:17.000Z","volume":4000,"label":"X","price":7.9},{"type":"B","date":"2018-04-11T05:41:50.000Z","volume":4000,"label":" ","price":7.9},{"type":"B","date":"2018-04-11T05:42:04.000Z","volume":4000,"label":" ","price":7.9},{"type":"B","date":"2018-04-11T05:42:18.000Z","volume":10000,"label":" ","price":7.9},{"type":"B","date":"2018-04-11T05:42:35.000Z","volume":2000,"label":" ","price":7.9},{"type":"B","date":"2018-04-11T05:42:36.000Z","volume":4000,"label":" ","price":7.9},{"type":"B","date":"2018-04-11T05:43:02.000Z","volume":4000,"label":" ","price":7.9},{"type":"B","date":"2018-04-11T05:43:56.000Z","volume":2000,"label":" ","price":7.89},{"type":"B","date":"2018-04-11T05:44:01.000Z","volume":4000,"label":" ","price":7.89},{"type":"B","date":"2018-04-11T05:44:09.000Z","volume":2000,"label":" ","price":7.9},{"type":"B","date":"2018-04-11T05:44:17.000Z","volume":2000,"label":" ","price":7.9},{"type":"B","date":"2018-04-11T05:44:17.000Z","volume":2000,"label":"Y","price":7.9},{"type":"A","date":"2018-04-11T05:44:17.000Z","volume":4000,"label":" ","price":7.9},{"type":"B","date":"2018-04-11T05:44:33.000Z","volume":2000,"label":"Y","price":7.89},{"type":"A","date":"2018-04-11T05:44:38.000Z","volume":12000,"label":" ","price":7.9},{"type":"B","date":"2018-04-11T05:44:40.000Z","volume":2000,"label":" ","price":7.89},{"type":"B","date":"2018-04-11T05:45:00.000Z","volume":4000,"label":" ","price":7.89},{"type":"A","date":"2018-04-11T05:45:01.000Z","volume":2000,"label":" ","price":7.9},{"type":"B","date":"2018-04-11T05:45:58.000Z","volume":4000,"label":" ","price":7.89},{"type":"A","date":"2018-04-11T05:46:20.000Z","volume":2000,"label":" ","price":7.9},{"type":"B","date":"2018-04-11T05:46:20.000Z","volume":4000,"label":" ","price":7.89},{"type":"B","date":"2018-04-11T05:46:56.000Z","volume":2000,"label":" ","price":7.89},{"type":"A","date":"2018-04-11T05:47:21.000Z","volume":2000,"label":" ","price":7.9},{"type":"A","date":"2018-04-11T05:47:22.000Z","volume":2000,"label":" ","price":7.9},{"type":"A","date":"2018-04-11T05:47:35.000Z","volume":4000,"label":" ","price":7.9},{"type":"A","date":"2018-04-11T05:47:36.000Z","volume":2000,"label":"Y","price":7.9},{"type":"B","date":"2018-04-11T05:47:54.000Z","volume":4000,"label":" ","price":7.89},{"type":"A","date":"2018-04-11T05:48:28.000Z","volume":2000,"label":" ","price":7.9},{"type":"B","date":"2018-04-11T05:48:53.000Z","volume":4000,"label":" ","price":7.89},{"type":"A","date":"2018-04-11T05:49:33.000Z","volume":2000,"label":" ","price":7.9},{"type":"B","date":"2018-04-11T05:49:50.000Z","volume":4000,"label":" ","price":7.89},{"type":"B","date":"2018-04-11T05:49:51.000Z","volume":4000,"label":" ","price":7.89},{"type":"A","date":"2018-04-11T05:49:51.000Z","volume":2000,"label":"Y","price":7.9},{"type":"A","date":"2018-04-11T05:50:27.000Z","volume":2000,"label":" ","price":7.9},{"type":"B","date":"2018-04-11T05:50:34.000Z","volume":10000,"label":" ","price":7.89},{"type":"B","date":"2018-04-11T05:50:49.000Z","volume":4000,"label":" ","price":7.89},{"type":"A","date":"2018-04-11T05:50:58.000Z","volume":10000,"label":" ","price":7.9},{"type":"B","date":"2018-04-11T05:50:59.000Z","volume":2000,"label":" ","price":7.89},{"type":"A","date":"2018-04-11T05:51:34.000Z","volume":2000,"label":" ","price":7.9},{"type":"A","date":"2018-04-11T05:51:35.000Z","volume":2000,"label":" ","price":7.9},{"type":"B","date":"2018-04-11T05:51:48.000Z","volume":4000,"label":" ","price":7.89},{"type":"A","date":"2018-04-11T05:52:09.000Z","volume":2000,"label":" ","price":7.9},{"type":"A","date":"2018-04-11T05:52:24.000Z","volume":2000,"label":" ","price":7.9},{"type":"A","date":"2018-04-11T05:52:27.000Z","volume":40000,"label":" ","price":7.9},{"type":"B","date":"2018-04-11T05:52:27.000Z","volume":12000,"label":" ","price":7.9},{"type":"A","date":"2018-04-11T05:52:34.000Z","volume":2000,"label":" ","price":7.91},{"type":"B","date":"2018-04-11T05:52:37.000Z","volume":2000,"label":" ","price":7.9},{"type":"B","date":"2018-04-11T05:52:47.000Z","volume":4000,"label":" ","price":7.9},{"type":"B","date":"2018-04-11T05:52:47.000Z","volume":18000,"label":" ","price":7.9},{"type":"A","date":"2018-04-11T05:53:44.000Z","volume":150000,"label":" ","price":7.91},{"type":"A","date":"2018-04-11T05:53:44.000Z","volume":2000,"label":" ","price":7.91},{"type":"B","date":"2018-04-11T05:53:45.000Z","volume":4000,"label":" ","price":7.9},{"type":"B","date":"2018-04-11T05:54:01.000Z","volume":12000,"label":" ","price":7.9},{"type":"B","date":"2018-04-11T05:54:02.000Z","volume":12000,"label":" ","price":7.9},{"type":"B","date":"2018-04-11T05:54:43.000Z","volume":4000,"label":" ","price":7.9},{"type":"A","date":"2018-04-11T05:55:28.000Z","volume":2000,"label":" ","price":7.91},{"type":"B","date":"2018-04-11T05:55:41.000Z","volume":4000,"label":" ","price":7.9},{"type":"A","date":"2018-04-11T05:56:04.000Z","volume":174000,"label":" ","price":7.91},{"type":"A","date":"2018-04-11T05:56:38.000Z","volume":100000,"label":" ","price":7.91},{"type":"A","date":"2018-04-11T05:56:38.000Z","volume":2000,"label":" ","price":7.92},{"type":"B","date":"2018-04-11T05:56:39.000Z","volume":4000,"label":" ","price":7.9},{"type":"B","date":"2018-04-11T05:57:38.000Z","volume":4000,"label":" ","price":7.9},{"type":"A","date":"2018-04-11T05:57:52.000Z","volume":2000,"label":" ","price":7.92},{"type":"B","date":"2018-04-11T05:57:59.000Z","volume":22000,"label":"Y","price":7.9},{"type":"B","date":"2018-04-11T05:57:59.000Z","volume":10000,"label":" ","price":7.9},{"type":"B","date":"2018-04-11T05:58:37.000Z","volume":4000,"label":" ","price":7.9},{"type":"B","date":"2018-04-11T05:58:42.000Z","volume":10000,"label":" ","price":7.9},{"type":"B","date":"2018-04-11T05:58:42.000Z","volume":12000,"label":" ","price":7.9},{"type":"B","date":"2018-04-11T05:58:42.000Z","volume":40000,"label":" ","price":7.89},{"type":"A","date":"2018-04-11T05:59:26.000Z","volume":4000,"label":" ","price":7.9},{"type":"B","date":"2018-04-11T05:59:35.000Z","volume":4000,"label":" ","price":7.88},{"type":"B","date":"2018-04-11T05:59:35.000Z","volume":50000,"label":" ","price":7.88},{"type":"B","date":"2018-04-11T06:00:33.000Z","volume":4000,"label":" ","price":7.87},{"type":"B","date":"2018-04-11T06:01:20.000Z","volume":4000,"label":" ","price":7.87},{"type":"B","date":"2018-04-11T06:01:20.000Z","volume":46000,"label":" ","price":7.87},{"type":"B","date":"2018-04-11T06:01:32.000Z","volume":4000,"label":" ","price":7.86},{"type":"B","date":"2018-04-11T06:02:17.000Z","volume":4000,"label":" ","price":7.87},{"type":"B","date":"2018-04-11T06:02:21.000Z","volume":2000,"label":" ","price":7.86},{"type":"B","date":"2018-04-11T06:02:29.000Z","volume":4000,"label":" ","price":7.86},{"type":"B","date":"2018-04-11T06:02:48.000Z","volume":6000,"label":" ","price":7.87},{"type":"A","date":"2018-04-11T06:02:49.000Z","volume":2000,"label":" ","price":7.87},{"type":"A","date":"2018-04-11T06:03:00.000Z","volume":6000,"label":" ","price":7.87},{"type":"U","date":"2018-04-11T06:03:11.000Z","volume":2000,"label":"X","price":7.87},{"type":"A","date":"2018-04-11T06:03:24.000Z","volume":2000,"label":" ","price":7.87},{"type":"B","date":"2018-04-11T06:03:29.000Z","volume":4000,"label":" ","price":7.86},{"type":"U","date":"2018-04-11T06:03:44.000Z","volume":4000,"label":"X","price":7.86},{"type":"B","date":"2018-04-11T06:04:26.000Z","volume":4000,"label":" ","price":7.86},{"type":"A","date":"2018-04-11T06:04:34.000Z","volume":6000,"label":"Y","price":7.87},{"type":"A","date":"2018-04-11T06:04:34.000Z","volume":28000,"label":" ","price":7.87},{"type":"B","date":"2018-04-11T06:05:25.000Z","volume":4000,"label":" ","price":7.87},{"type":"A","date":"2018-04-11T06:05:28.000Z","volume":4000,"label":" ","price":7.88},{"type":"A","date":"2018-04-11T06:05:28.000Z","volume":2000,"label":" ","price":7.88},{"type":"B","date":"2018-04-11T06:06:23.000Z","volume":4000,"label":" ","price":7.87},{"type":"B","date":"2018-04-11T06:06:45.000Z","volume":30000,"label":" ","price":7.87},{"type":"A","date":"2018-04-11T06:06:56.000Z","volume":4000,"label":" ","price":7.88},{"type":"B","date":"2018-04-11T06:07:21.000Z","volume":4000,"label":" ","price":7.86},{"type":"B","date":"2018-04-11T06:07:53.000Z","volume":2000,"label":" ","price":7.86},{"type":"U","date":"2018-04-11T06:08:07.000Z","volume":2000,"label":" ","price":7.87},{"type":"A","date":"2018-04-11T06:08:17.000Z","volume":2000,"label":" ","price":7.87},{"type":"A","date":"2018-04-11T06:08:17.000Z","volume":2000,"label":" ","price":7.87},{"type":"A","date":"2018-04-11T06:08:18.000Z","volume":4000,"label":" ","price":7.87},{"type":"B","date":"2018-04-11T06:08:20.000Z","volume":4000,"label":" ","price":7.86},{"type":"A","date":"2018-04-11T06:08:48.000Z","volume":4000,"label":" ","price":7.87},{"type":"A","date":"2018-04-11T06:08:53.000Z","volume":2000,"label":" ","price":7.87},{"type":"A","date":"2018-04-11T06:08:58.000Z","volume":4000,"label":" ","price":7.87},{"type":"A","date":"2018-04-11T06:08:58.000Z","volume":2000,"label":" ","price":7.87},{"type":"B","date":"2018-04-11T06:08:59.000Z","volume":2000,"label":" ","price":7.86},{"type":"B","date":"2018-04-11T06:09:18.000Z","volume":4000,"label":" ","price":7.86},{"type":"A","date":"2018-04-11T06:09:58.000Z","volume":2000,"label":" ","price":7.87},{"type":"B","date":"2018-04-11T06:09:59.000Z","volume":2000,"label":" ","price":7.86},{"type":"B","date":"2018-04-11T06:10:10.000Z","volume":40000,"label":" ","price":7.86},{"type":"B","date":"2018-04-11T06:10:10.000Z","volume":52000,"label":" ","price":7.86},{"type":"U","date":"2018-04-11T06:10:15.000Z","volume":4000,"label":" ","price":7.86},{"type":"B","date":"2018-04-11T06:10:17.000Z","volume":4000,"label":" ","price":7.85},{"type":"B","date":"2018-04-11T06:10:37.000Z","volume":2000,"label":" ","price":7.85},{"type":"B","date":"2018-04-11T06:11:11.000Z","volume":2000,"label":" ","price":7.85},{"type":"B","date":"2018-04-11T06:11:16.000Z","volume":4000,"label":" ","price":7.85},{"type":"U","date":"2018-04-11T06:11:24.000Z","volume":4000,"label":"X","price":7.85},{"type":"B","date":"2018-04-11T06:11:25.000Z","volume":2000,"label":" ","price":7.85},{"type":"U","date":"2018-04-11T06:11:44.000Z","volume":4000,"label":"X","price":7.85},{"type":"B","date":"2018-04-11T06:12:14.000Z","volume":4000,"label":" ","price":7.85},{"type":"B","date":"2018-04-11T06:13:09.000Z","volume":12000,"label":" ","price":7.85},{"type":"B","date":"2018-04-11T06:13:12.000Z","volume":4000,"label":" ","price":7.85},{"type":"B","date":"2018-04-11T06:14:10.000Z","volume":4000,"label":" ","price":7.85},{"type":"A","date":"2018-04-11T06:15:02.000Z","volume":2000,"label":" ","price":7.86},{"type":"U","date":"2018-04-11T06:15:06.000Z","volume":2000,"label":"X","price":7.85},{"type":"B","date":"2018-04-11T06:15:06.000Z","volume":2000,"label":" ","price":7.85},{"type":"A","date":"2018-04-11T06:15:07.000Z","volume":2000,"label":" ","price":7.86},{"type":"B","date":"2018-04-11T06:15:08.000Z","volume":4000,"label":" ","price":7.85},{"type":"A","date":"2018-04-11T06:15:39.000Z","volume":2000,"label":" ","price":7.86},{"type":"A","date":"2018-04-11T06:15:40.000Z","volume":4000,"label":" ","price":7.86},{"type":"B","date":"2018-04-11T06:16:06.000Z","volume":2000,"label":" ","price":7.85},{"type":"B","date":"2018-04-11T06:16:06.000Z","volume":2000,"label":" ","price":7.85},{"type":"B","date":"2018-04-11T06:16:16.000Z","volume":4000,"label":" ","price":7.85},{"type":"A","date":"2018-04-11T06:16:42.000Z","volume":10000,"label":" ","price":7.86},{"type":"B","date":"2018-04-11T06:17:05.000Z","volume":4000,"label":" ","price":7.85},{"type":"B","date":"2018-04-11T06:17:05.000Z","volume":80000,"label":" ","price":7.85},{"type":"B","date":"2018-04-11T06:18:03.000Z","volume":4000,"label":" ","price":7.84},{"type":"A","date":"2018-04-11T06:18:04.000Z","volume":2000,"label":" ","price":7.86},{"type":"A","date":"2018-04-11T06:18:17.000Z","volume":2000,"label":" ","price":7.85},{"type":"A","date":"2018-04-11T06:18:46.000Z","volume":2000,"label":" ","price":7.85},{"type":"A","date":"2018-04-11T06:18:51.000Z","volume":2000,"label":" ","price":7.85},{"type":"B","date":"2018-04-11T06:19:02.000Z","volume":4000,"label":" ","price":7.84},{"type":"B","date":"2018-04-11T06:19:02.000Z","volume":56000,"label":" ","price":7.84},{"type":"B","date":"2018-04-11T06:19:05.000Z","volume":26000,"label":" ","price":7.83},{"type":"B","date":"2018-04-11T06:19:05.000Z","volume":20000,"label":" ","price":7.83},{"type":"B","date":"2018-04-11T06:19:09.000Z","volume":14000,"label":" ","price":7.83},{"type":"A","date":"2018-04-11T06:19:39.000Z","volume":8000,"label":" ","price":7.83},{"type":"A","date":"2018-04-11T06:19:52.000Z","volume":4000,"label":" ","price":7.83},{"type":"B","date":"2018-04-11T06:20:00.000Z","volume":4000,"label":" ","price":7.82},{"type":"A","date":"2018-04-11T06:20:24.000Z","volume":14000,"label":" ","price":7.83},{"type":"B","date":"2018-04-11T06:20:43.000Z","volume":8000,"label":" ","price":7.82},{"type":"B","date":"2018-04-11T06:20:52.000Z","volume":2000,"label":" ","price":7.82},{"type":"B","date":"2018-04-11T06:20:53.000Z","volume":2000,"label":" ","price":7.82},{"type":"B","date":"2018-04-11T06:20:58.000Z","volume":4000,"label":" ","price":7.82},{"type":"A","date":"2018-04-11T06:21:00.000Z","volume":14000,"label":" ","price":7.83},{"type":"A","date":"2018-04-11T06:21:02.000Z","volume":14000,"label":" ","price":7.83},{"type":"A","date":"2018-04-11T06:21:15.000Z","volume":10000,"label":" ","price":7.83},{"type":"A","date":"2018-04-11T06:21:18.000Z","volume":14000,"label":" ","price":7.83},{"type":"A","date":"2018-04-11T06:21:47.000Z","volume":2000,"label":"Y","price":7.83},{"type":"A","date":"2018-04-11T06:21:47.000Z","volume":38000,"label":" ","price":7.83},{"type":"U","date":"2018-04-11T06:21:48.000Z","volume":10000,"label":"X","price":7.83},{"type":"B","date":"2018-04-11T06:21:56.000Z","volume":4000,"label":" ","price":7.83},{"type":"A","date":"2018-04-11T06:22:28.000Z","volume":40000,"label":" ","price":7.84},{"type":"A","date":"2018-04-11T06:22:28.000Z","volume":6000,"label":" ","price":7.84},{"type":"A","date":"2018-04-11T06:22:46.000Z","volume":4000,"label":" ","price":7.85},{"type":"B","date":"2018-04-11T06:22:55.000Z","volume":4000,"label":" ","price":7.84},{"type":"A","date":"2018-04-11T06:22:56.000Z","volume":30000,"label":" ","price":7.85},{"type":"A","date":"2018-04-11T06:22:56.000Z","volume":4000,"label":" ","price":7.85},{"type":"A","date":"2018-04-11T06:23:02.000Z","volume":2000,"label":" ","price":7.87},{"type":"U","date":"2018-04-11T06:23:23.000Z","volume":2000,"label":" ","price":7.86},{"type":"B","date":"2018-04-11T06:23:23.000Z","volume":2000,"label":" ","price":7.86},{"type":"B","date":"2018-04-11T06:23:53.000Z","volume":4000,"label":" ","price":7.85},{"type":"U","date":"2018-04-11T06:24:07.000Z","volume":4000,"label":"X","price":7.85},{"type":"B","date":"2018-04-11T06:24:51.000Z","volume":4000,"label":" ","price":7.85},{"type":"B","date":"2018-04-11T06:24:52.000Z","volume":6000,"label":" ","price":7.85},{"type":"B","date":"2018-04-11T06:25:19.000Z","volume":10000,"label":" ","price":7.84},{"type":"B","date":"2018-04-11T06:25:50.000Z","volume":4000,"label":" ","price":7.83},{"type":"B","date":"2018-04-11T06:26:48.000Z","volume":4000,"label":" ","price":7.83},{"type":"B","date":"2018-04-11T06:27:05.000Z","volume":2000,"label":" ","price":7.83},{"type":"B","date":"2018-04-11T06:27:46.000Z","volume":4000,"label":" ","price":7.83},{"type":"A","date":"2018-04-11T06:28:19.000Z","volume":14000,"label":" ","price":7.85},{"type":"A","date":"2018-04-11T06:28:19.000Z","volume":16000,"label":" ","price":7.86},{"type":"A","date":"2018-04-11T06:28:19.000Z","volume":18000,"label":" ","price":7.87},{"type":"A","date":"2018-04-11T06:28:19.000Z","volume":26000,"label":" ","price":7.88},{"type":"A","date":"2018-04-11T06:28:19.000Z","volume":126000,"label":" ","price":7.9},{"type":"A","date":"2018-04-11T06:28:39.000Z","volume":2000,"label":" ","price":7.87},{"type":"A","date":"2018-04-11T06:28:39.000Z","volume":2000,"label":" ","price":7.87},{"type":"B","date":"2018-04-11T06:28:45.000Z","volume":4000,"label":" ","price":7.85},{"type":"B","date":"2018-04-11T06:28:45.000Z","volume":4000,"label":" ","price":7.85},{"type":"A","date":"2018-04-11T06:28:47.000Z","volume":2000,"label":" ","price":7.87},{"type":"B","date":"2018-04-11T06:28:51.000Z","volume":14000,"label":" ","price":7.85},{"type":"A","date":"2018-04-11T06:28:53.000Z","volume":4000,"label":" ","price":7.87},{"type":"A","date":"2018-04-11T06:29:28.000Z","volume":10000,"label":" ","price":7.87},{"type":"B","date":"2018-04-11T06:29:28.000Z","volume":2000,"label":" ","price":7.85},{"type":"U","date":"2018-04-11T06:29:28.000Z","volume":2000,"label":"X","price":7.85},{"type":"B","date":"2018-04-11T06:29:44.000Z","volume":4000,"label":" ","price":7.85},{"type":"B","date":"2018-04-11T06:30:22.000Z","volume":2000,"label":" ","price":7.85},{"type":"B","date":"2018-04-11T06:30:42.000Z","volume":4000,"label":" ","price":7.85},{"type":"U","date":"2018-04-11T06:30:51.000Z","volume":8000,"label":"X","price":7.85},{"type":"B","date":"2018-04-11T06:30:51.000Z","volume":2000,"label":" ","price":7.85},{"type":"B","date":"2018-04-11T06:31:22.000Z","volume":4000,"label":" ","price":7.85},{"type":"B","date":"2018-04-11T06:31:40.000Z","volume":4000,"label":" ","price":7.85},{"type":"B","date":"2018-04-11T06:31:51.000Z","volume":14000,"label":" ","price":7.85},{"type":"B","date":"2018-04-11T06:31:51.000Z","volume":6000,"label":" ","price":7.85},{"type":"B","date":"2018-04-11T06:31:51.000Z","volume":4000,"label":" ","price":7.85},{"type":"B","date":"2018-04-11T06:31:51.000Z","volume":6000,"label":" ","price":7.85},{"type":"U","date":"2018-04-11T06:31:51.000Z","volume":4000,"label":"X","price":7.85},{"type":"B","date":"2018-04-11T06:31:51.000Z","volume":4000,"label":" ","price":7.84},{"type":"B","date":"2018-04-11T06:31:51.000Z","volume":6000,"label":" ","price":7.84},{"type":"B","date":"2018-04-11T06:32:01.000Z","volume":28000,"label":" ","price":7.84},{"type":"B","date":"2018-04-11T06:32:22.000Z","volume":2000,"label":" ","price":7.83},{"type":"B","date":"2018-04-11T06:32:38.000Z","volume":4000,"label":" ","price":7.83},{"type":"B","date":"2018-04-11T06:33:22.000Z","volume":2000,"label":" ","price":7.83},{"type":"B","date":"2018-04-11T06:33:36.000Z","volume":4000,"label":" ","price":7.83},{"type":"U","date":"2018-04-11T06:34:01.000Z","volume":2000,"label":"X","price":7.84},{"type":"B","date":"2018-04-11T06:34:02.000Z","volume":4000,"label":" ","price":7.84},{"type":"B","date":"2018-04-11T06:34:23.000Z","volume":4000,"label":" ","price":7.83},{"type":"U","date":"2018-04-11T06:34:32.000Z","volume":2000,"label":"X","price":7.83},{"type":"U","date":"2018-04-11T06:34:32.000Z","volume":2000,"label":"X","price":7.83},{"type":"U","date":"2018-04-11T06:34:32.000Z","volume":2000,"label":"X","price":7.83},{"type":"B","date":"2018-04-11T06:34:32.000Z","volume":2000,"label":" ","price":7.83},{"type":"B","date":"2018-04-11T06:34:32.000Z","volume":6000,"label":" ","price":7.83},{"type":"B","date":"2018-04-11T06:34:32.000Z","volume":4000,"label":" ","price":7.83},{"type":"B","date":"2018-04-11T06:34:32.000Z","volume":6000,"label":" ","price":7.83},{"type":"B","date":"2018-04-11T06:34:32.000Z","volume":4000,"label":" ","price":7.83},{"type":"B","date":"2018-04-11T06:34:32.000Z","volume":6000,"label":" ","price":7.83},{"type":"B","date":"2018-04-11T06:34:34.000Z","volume":4000,"label":" ","price":7.83},{"type":"U","date":"2018-04-11T06:34:35.000Z","volume":4000,"label":" ","price":7.84},{"type":"B","date":"2018-04-11T06:34:47.000Z","volume":4000,"label":" ","price":7.83},{"type":"B","date":"2018-04-11T06:35:24.000Z","volume":2000,"label":"Y","price":7.84},{"type":"B","date":"2018-04-11T06:35:33.000Z","volume":4000,"label":"Y","price":7.84},{"type":"B","date":"2018-04-11T06:35:47.000Z","volume":2000,"label":"Y","price":7.84},{"type":"A","date":"2018-04-11T06:35:59.000Z","volume":2000,"label":" ","price":7.85},{"type":"B","date":"2018-04-11T06:36:18.000Z","volume":2000,"label":" ","price":7.84},{"type":"B","date":"2018-04-11T06:36:24.000Z","volume":2000,"label":" ","price":7.84},{"type":"B","date":"2018-04-11T06:36:32.000Z","volume":4000,"label":" ","price":7.84},{"type":"U","date":"2018-04-11T06:36:41.000Z","volume":4000,"label":"X","price":7.84},{"type":"B","date":"2018-04-11T06:37:03.000Z","volume":14000,"label":" ","price":7.84},{"type":"B","date":"2018-04-11T06:37:03.000Z","volume":4000,"label":" ","price":7.84},{"type":"B","date":"2018-04-11T06:37:03.000Z","volume":4000,"label":" ","price":7.84},{"type":"B","date":"2018-04-11T06:37:03.000Z","volume":2000,"label":" ","price":7.83},{"type":"B","date":"2018-04-11T06:37:03.000Z","volume":6000,"label":" ","price":7.83},{"type":"B","date":"2018-04-11T06:37:03.000Z","volume":4000,"label":" ","price":7.83},{"type":"A","date":"2018-04-11T06:37:03.000Z","volume":2000,"label":" ","price":7.85},{"type":"B","date":"2018-04-11T06:37:24.000Z","volume":2000,"label":" ","price":7.83},{"type":"A","date":"2018-04-11T06:37:26.000Z","volume":18000,"label":" ","price":7.85},{"type":"A","date":"2018-04-11T06:37:26.000Z","volume":2000,"label":" ","price":7.85},{"type":"B","date":"2018-04-11T06:37:30.000Z","volume":4000,"label":" ","price":7.83},{"type":"A","date":"2018-04-11T06:37:50.000Z","volume":8000,"label":" ","price":7.86},{"type":"B","date":"2018-04-11T06:38:20.000Z","volume":2000,"label":" ","price":7.83},{"type":"B","date":"2018-04-11T06:38:24.000Z","volume":4000,"label":" ","price":7.83},{"type":"B","date":"2018-04-11T06:38:28.000Z","volume":4000,"label":" ","price":7.83},{"type":"B","date":"2018-04-11T06:39:02.000Z","volume":4000,"label":" ","price":7.84},{"type":"B","date":"2018-04-11T06:39:02.000Z","volume":2000,"label":" ","price":7.84},{"type":"B","date":"2018-04-11T06:39:24.000Z","volume":2000,"label":" ","price":7.83},{"type":"B","date":"2018-04-11T06:39:26.000Z","volume":4000,"label":" ","price":7.83},{"type":"B","date":"2018-04-11T06:39:46.000Z","volume":14000,"label":" ","price":7.83},{"type":"B","date":"2018-04-11T06:39:46.000Z","volume":6000,"label":" ","price":7.83},{"type":"B","date":"2018-04-11T06:39:46.000Z","volume":4000,"label":" ","price":7.83},{"type":"B","date":"2018-04-11T06:39:46.000Z","volume":8000,"label":" ","price":7.83},{"type":"B","date":"2018-04-11T06:39:46.000Z","volume":2000,"label":" ","price":7.83},{"type":"B","date":"2018-04-11T06:40:24.000Z","volume":4000,"label":" ","price":7.83},{"type":"B","date":"2018-04-11T06:40:26.000Z","volume":2000,"label":" ","price":7.83},{"type":"B","date":"2018-04-11T06:41:00.000Z","volume":10000,"label":" ","price":7.85},{"type":"A","date":"2018-04-11T06:41:02.000Z","volume":8000,"label":" ","price":7.85},{"type":"A","date":"2018-04-11T06:41:03.000Z","volume":2000,"label":" ","price":7.85},{"type":"B","date":"2018-04-11T06:41:22.000Z","volume":4000,"label":" ","price":7.84},{"type":"B","date":"2018-04-11T06:41:26.000Z","volume":4000,"label":" ","price":7.84},{"type":"A","date":"2018-04-11T06:41:54.000Z","volume":4000,"label":" ","price":7.85},{"type":"A","date":"2018-04-11T06:41:55.000Z","volume":4000,"label":" ","price":7.85},{"type":"U","date":"2018-04-11T06:42:17.000Z","volume":4000,"label":"X","price":7.84},{"type":"B","date":"2018-04-11T06:42:17.000Z","volume":12000,"label":" ","price":7.84},{"type":"B","date":"2018-04-11T06:42:17.000Z","volume":4000,"label":" ","price":7.84},{"type":"B","date":"2018-04-11T06:42:17.000Z","volume":6000,"label":" ","price":7.84},{"type":"B","date":"2018-04-11T06:42:17.000Z","volume":4000,"label":" ","price":7.84},{"type":"B","date":"2018-04-11T06:42:17.000Z","volume":6000,"label":" ","price":7.84},{"type":"B","date":"2018-04-11T06:42:21.000Z","volume":4000,"label":" ","price":7.84},{"type":"B","date":"2018-04-11T06:42:26.000Z","volume":2000,"label":" ","price":7.84},{"type":"A","date":"2018-04-11T06:43:02.000Z","volume":6000,"label":" ","price":7.85},{"type":"B","date":"2018-04-11T06:43:20.000Z","volume":4000,"label":" ","price":7.84},{"type":"B","date":"2018-04-11T06:43:27.000Z","volume":2000,"label":" ","price":7.84},{"type":"B","date":"2018-04-11T06:43:27.000Z","volume":2000,"label":" ","price":7.84},{"type":"B","date":"2018-04-11T06:43:56.000Z","volume":2000,"label":" ","price":7.83},{"type":"A","date":"2018-04-11T06:44:02.000Z","volume":2000,"label":" ","price":7.86},{"type":"B","date":"2018-04-11T06:44:18.000Z","volume":4000,"label":" ","price":7.84},{"type":"B","date":"2018-04-11T06:44:27.000Z","volume":4000,"label":" ","price":7.84},{"type":"A","date":"2018-04-11T06:44:27.000Z","volume":4000,"label":" ","price":7.84},{"type":"B","date":"2018-04-11T06:44:37.000Z","volume":4000,"label":" ","price":7.84},{"type":"U","date":"2018-04-11T06:44:39.000Z","volume":4000,"label":"X","price":7.84},{"type":"B","date":"2018-04-11T06:44:39.000Z","volume":10000,"label":" ","price":7.84},{"type":"B","date":"2018-04-11T06:44:39.000Z","volume":4000,"label":" ","price":7.84},{"type":"B","date":"2018-04-11T06:44:39.000Z","volume":6000,"label":" ","price":7.84},{"type":"B","date":"2018-04-11T06:44:39.000Z","volume":4000,"label":" ","price":7.84},{"type":"B","date":"2018-04-11T06:44:39.000Z","volume":6000,"label":" ","price":7.83},{"type":"B","date":"2018-04-11T06:44:40.000Z","volume":4000,"label":" ","price":7.84},{"type":"U","date":"2018-04-11T06:44:45.000Z","volume":4000,"label":"X","price":7.84},{"type":"B","date":"2018-04-11T06:45:16.000Z","volume":2000,"label":" ","price":7.84},{"type":"B","date":"2018-04-11T06:45:17.000Z","volume":2000,"label":" ","price":7.84},{"type":"B","date":"2018-04-11T06:45:17.000Z","volume":2000,"label":" ","price":7.84},{"type":"B","date":"2018-04-11T06:45:17.000Z","volume":2000,"label":" ","price":7.84},{"type":"B","date":"2018-04-11T06:45:27.000Z","volume":2000,"label":" ","price":7.84},{"type":"B","date":"2018-04-11T06:46:15.000Z","volume":4000,"label":" ","price":7.84},{"type":"B","date":"2018-04-11T06:46:19.000Z","volume":2000,"label":" ","price":7.84},{"type":"B","date":"2018-04-11T06:46:27.000Z","volume":2000,"label":" ","price":7.84},{"type":"A","date":"2018-04-11T06:46:57.000Z","volume":8000,"label":" ","price":7.85},{"type":"A","date":"2018-04-11T06:46:57.000Z","volume":4000,"label":" ","price":7.85},{"type":"B","date":"2018-04-11T06:47:00.000Z","volume":6000,"label":" ","price":7.84},{"type":"B","date":"2018-04-11T06:47:00.000Z","volume":2000,"label":" ","price":7.84},{"type":"B","date":"2018-04-11T06:47:00.000Z","volume":2000,"label":" ","price":7.84},{"type":"B","date":"2018-04-11T06:47:00.000Z","volume":4000,"label":" ","price":7.84},{"type":"B","date":"2018-04-11T06:47:00.000Z","volume":6000,"label":" ","price":7.84},{"type":"B","date":"2018-04-11T06:47:00.000Z","volume":4000,"label":" ","price":7.84},{"type":"B","date":"2018-04-11T06:47:00.000Z","volume":6000,"label":" ","price":7.84},{"type":"B","date":"2018-04-11T06:47:00.000Z","volume":4000,"label":" ","price":7.84},{"type":"B","date":"2018-04-11T06:47:02.000Z","volume":6000,"label":"Y","price":7.84},{"type":"B","date":"2018-04-11T06:47:02.000Z","volume":2000,"label":" ","price":7.84},{"type":"B","date":"2018-04-11T06:47:12.000Z","volume":4000,"label":" ","price":7.84},{"type":"B","date":"2018-04-11T06:47:14.000Z","volume":2000,"label":" ","price":7.84},{"type":"B","date":"2018-04-11T06:47:28.000Z","volume":4000,"label":" ","price":7.83},{"type":"B","date":"2018-04-11T06:48:12.000Z","volume":4000,"label":" ","price":7.83},{"type":"B","date":"2018-04-11T06:48:29.000Z","volume":2000,"label":" ","price":7.83},{"type":"B","date":"2018-04-11T06:49:01.000Z","volume":2000,"label":" ","price":7.83},{"type":"B","date":"2018-04-11T06:49:10.000Z","volume":4000,"label":" ","price":7.83},{"type":"B","date":"2018-04-11T06:49:22.000Z","volume":14000,"label":" ","price":7.83},{"type":"B","date":"2018-04-11T06:49:22.000Z","volume":4000,"label":" ","price":7.83},{"type":"B","date":"2018-04-11T06:49:22.000Z","volume":6000,"label":" ","price":7.83},{"type":"B","date":"2018-04-11T06:49:22.000Z","volume":6000,"label":" ","price":7.83},{"type":"B","date":"2018-04-11T06:49:22.000Z","volume":4000,"label":" ","price":7.83},{"type":"B","date":"2018-04-11T06:49:29.000Z","volume":2000,"label":" ","price":7.83},{"type":"B","date":"2018-04-11T06:49:33.000Z","volume":4000,"label":" ","price":7.84},{"type":"B","date":"2018-04-11T06:49:36.000Z","volume":10000,"label":" ","price":7.84},{"type":"B","date":"2018-04-11T06:50:08.000Z","volume":4000,"label":" ","price":7.83},{"type":"A","date":"2018-04-11T06:50:25.000Z","volume":2000,"label":" ","price":7.84},{"type":"A","date":"2018-04-11T06:50:26.000Z","volume":18000,"label":" ","price":7.84},{"type":"A","date":"2018-04-11T06:50:28.000Z","volume":4000,"label":" ","price":7.84},{"type":"B","date":"2018-04-11T06:50:29.000Z","volume":4000,"label":" ","price":7.83},{"type":"A","date":"2018-04-11T06:50:32.000Z","volume":20000,"label":" ","price":7.84},{"type":"A","date":"2018-04-11T06:50:32.000Z","volume":8000,"label":" ","price":7.84},{"type":"A","date":"2018-04-11T06:50:52.000Z","volume":24000,"label":" ","price":7.85},{"type":"B","date":"2018-04-11T06:50:53.000Z","volume":2000,"label":" ","price":7.84},{"type":"B","date":"2018-04-11T06:51:06.000Z","volume":4000,"label":" ","price":7.84},{"type":"B","date":"2018-04-11T06:51:29.000Z","volume":2000,"label":" ","price":7.85},{"type":"B","date":"2018-04-11T06:51:35.000Z","volume":2000,"label":" ","price":7.85},{"type":"B","date":"2018-04-11T06:51:35.000Z","volume":24000,"label":" ","price":7.85},{"type":"B","date":"2018-04-11T06:52:04.000Z","volume":4000,"label":" ","price":7.84},{"type":"B","date":"2018-04-11T06:52:30.000Z","volume":2000,"label":" ","price":7.84},{"type":"B","date":"2018-04-11T06:53:02.000Z","volume":4000,"label":" ","price":7.84},{"type":"U","date":"2018-04-11T06:53:07.000Z","volume":6000,"label":"X","price":7.85},{"type":"B","date":"2018-04-11T06:53:14.000Z","volume":12000,"label":" ","price":7.85},{"type":"B","date":"2018-04-11T06:53:14.000Z","volume":2000,"label":" ","price":7.84},{"type":"B","date":"2018-04-11T06:53:14.000Z","volume":6000,"label":" ","price":7.84},{"type":"B","date":"2018-04-11T06:53:14.000Z","volume":4000,"label":" ","price":7.84},{"type":"B","date":"2018-04-11T06:53:14.000Z","volume":6000,"label":" ","price":7.84},{"type":"B","date":"2018-04-11T06:53:14.000Z","volume":4000,"label":" ","price":7.84},{"type":"A","date":"2018-04-11T06:53:16.000Z","volume":2000,"label":" ","price":7.85},{"type":"A","date":"2018-04-11T06:53:16.000Z","volume":2000,"label":" ","price":7.85},{"type":"A","date":"2018-04-11T06:53:16.000Z","volume":2000,"label":" ","price":7.85},{"type":"A","date":"2018-04-11T06:53:17.000Z","volume":2000,"label":" ","price":7.85},{"type":"A","date":"2018-04-11T06:53:24.000Z","volume":2000,"label":" ","price":7.86},{"type":"A","date":"2018-04-11T06:53:30.000Z","volume":2000,"label":" ","price":7.86},{"type":"B","date":"2018-04-11T06:53:31.000Z","volume":4000,"label":" ","price":7.84},{"type":"B","date":"2018-04-11T06:54:01.000Z","volume":4000,"label":" ","price":7.84},{"type":"A","date":"2018-04-11T06:54:02.000Z","volume":28000,"label":" ","price":7.85},{"type":"A","date":"2018-04-11T06:54:02.000Z","volume":12000,"label":" ","price":7.85},{"type":"A","date":"2018-04-11T06:54:02.000Z","volume":2000,"label":"Y","price":7.85},{"type":"A","date":"2018-04-11T06:54:17.000Z","volume":2000,"label":" ","price":7.86},{"type":"B","date":"2018-04-11T06:54:31.000Z","volume":2000,"label":" ","price":7.84},{"type":"B","date":"2018-04-11T06:54:58.000Z","volume":2000,"label":" ","price":7.84},{"type":"B","date":"2018-04-11T06:54:59.000Z","volume":4000,"label":" ","price":7.84},{"type":"B","date":"2018-04-11T06:55:00.000Z","volume":4000,"label":" ","price":7.84},{"type":"B","date":"2018-04-11T06:55:31.000Z","volume":2000,"label":" ","price":7.83},{"type":"B","date":"2018-04-11T06:55:44.000Z","volume":16000,"label":" ","price":7.83},{"type":"B","date":"2018-04-11T06:55:44.000Z","volume":2000,"label":" ","price":7.83},{"type":"B","date":"2018-04-11T06:55:44.000Z","volume":8000,"label":" ","price":7.83},{"type":"B","date":"2018-04-11T06:55:44.000Z","volume":4000,"label":" ","price":7.83},{"type":"B","date":"2018-04-11T06:55:44.000Z","volume":6000,"label":" ","price":7.83},{"type":"B","date":"2018-04-11T06:55:58.000Z","volume":4000,"label":" ","price":7.83},{"type":"B","date":"2018-04-11T06:56:31.000Z","volume":4000,"label":" ","price":7.83},{"type":"A","date":"2018-04-11T06:56:33.000Z","volume":18000,"label":" ","price":7.85},{"type":"B","date":"2018-04-11T06:56:56.000Z","volume":4000,"label":" ","price":7.83},{"type":"B","date":"2018-04-11T06:57:20.000Z","volume":2000,"label":" ","price":7.83},{"type":"A","date":"2018-04-11T06:57:22.000Z","volume":2000,"label":" ","price":7.86},{"type":"B","date":"2018-04-11T06:57:32.000Z","volume":2000,"label":" ","price":7.83},{"type":"B","date":"2018-04-11T06:57:54.000Z","volume":4000,"label":" ","price":7.83},{"type":"B","date":"2018-04-11T06:58:32.000Z","volume":2000,"label":" ","price":7.83},{"type":"B","date":"2018-04-11T06:58:35.000Z","volume":14000,"label":" ","price":7.83},{"type":"B","date":"2018-04-11T06:58:35.000Z","volume":4000,"label":" ","price":7.83},{"type":"B","date":"2018-04-11T06:58:35.000Z","volume":6000,"label":" ","price":7.83},{"type":"B","date":"2018-04-11T06:58:35.000Z","volume":4000,"label":" ","price":7.83},{"type":"B","date":"2018-04-11T06:58:35.000Z","volume":6000,"label":" ","price":7.83},{"type":"A","date":"2018-04-11T06:58:52.000Z","volume":2000,"label":" ","price":7.85},{"type":"A","date":"2018-04-11T06:58:52.000Z","volume":2000,"label":" ","price":7.85},{"type":"B","date":"2018-04-11T06:58:52.000Z","volume":4000,"label":" ","price":7.83},{"type":"A","date":"2018-04-11T06:58:57.000Z","volume":4000,"label":" ","price":7.85},{"type":"B","date":"2018-04-11T06:59:33.000Z","volume":2000,"label":" ","price":7.83},{"type":"U","date":"2018-04-11T06:59:40.000Z","volume":18000,"label":" ","price":7.84},{"type":"A","date":"2018-04-11T06:59:40.000Z","volume":2000,"label":" ","price":7.84},{"type":"A","date":"2018-04-11T06:59:41.000Z","volume":6000,"label":" ","price":7.84},{"type":"A","date":"2018-04-11T06:59:42.000Z","volume":2000,"label":" ","price":7.84},{"type":"A","date":"2018-04-11T06:59:42.000Z","volume":2000,"label":" ","price":7.84},{"type":"A","date":"2018-04-11T06:59:48.000Z","volume":2000,"label":" ","price":7.85},{"type":"B","date":"2018-04-11T06:59:50.000Z","volume":4000,"label":" ","price":7.83},{"type":"A","date":"2018-04-11T07:00:02.000Z","volume":2000,"label":" ","price":7.85},{"type":"A","date":"2018-04-11T07:00:02.000Z","volume":2000,"label":" ","price":7.85},{"type":"B","date":"2018-04-11T07:00:02.000Z","volume":4000,"label":" ","price":7.85},{"type":"A","date":"2018-04-11T07:00:11.000Z","volume":4000,"label":" ","price":7.86},{"type":"B","date":"2018-04-11T07:00:33.000Z","volume":2000,"label":" ","price":7.83},{"type":"B","date":"2018-04-11T07:00:33.000Z","volume":4000,"label":" ","price":7.83},{"type":"B","date":"2018-04-11T07:00:49.000Z","volume":4000,"label":" ","price":7.83},{"type":"A","date":"2018-04-11T07:00:52.000Z","volume":2000,"label":" ","price":7.86},{"type":"A","date":"2018-04-11T07:00:52.000Z","volume":2000,"label":" ","price":7.86},{"type":"U","date":"2018-04-11T07:01:07.000Z","volume":4000,"label":"X","price":7.83},{"type":"U","date":"2018-04-11T07:01:07.000Z","volume":2000,"label":"X","price":7.83},{"type":"B","date":"2018-04-11T07:01:07.000Z","volume":8000,"label":" ","price":7.83},{"type":"B","date":"2018-04-11T07:01:07.000Z","volume":4000,"label":" ","price":7.83},{"type":"B","date":"2018-04-11T07:01:07.000Z","volume":6000,"label":" ","price":7.83},{"type":"B","date":"2018-04-11T07:01:07.000Z","volume":4000,"label":" ","price":7.83},{"type":"B","date":"2018-04-11T07:01:07.000Z","volume":6000,"label":" ","price":7.83},{"type":"A","date":"2018-04-11T07:01:08.000Z","volume":2000,"label":" ","price":7.86},{"type":"B","date":"2018-04-11T07:01:34.000Z","volume":2000,"label":" ","price":7.83},{"type":"B","date":"2018-04-11T07:01:48.000Z","volume":4000,"label":" ","price":7.83},{"type":"B","date":"2018-04-11T07:01:52.000Z","volume":2000,"label":" ","price":7.84},{"type":"A","date":"2018-04-11T07:02:07.000Z","volume":2000,"label":" ","price":7.86},{"type":"A","date":"2018-04-11T07:02:07.000Z","volume":2000,"label":" ","price":7.86},{"type":"B","date":"2018-04-11T07:02:34.000Z","volume":4000,"label":" ","price":7.84},{"type":"B","date":"2018-04-11T07:02:46.000Z","volume":4000,"label":" ","price":7.84},{"type":"A","date":"2018-04-11T07:02:49.000Z","volume":2000,"label":" ","price":7.86},{"type":"A","date":"2018-04-11T07:02:51.000Z","volume":4000,"label":" ","price":7.86},{"type":"A","date":"2018-04-11T07:03:11.000Z","volume":2000,"label":" ","price":7.86},{"type":"A","date":"2018-04-11T07:03:13.000Z","volume":2000,"label":" ","price":7.86},{"type":"B","date":"2018-04-11T07:03:34.000Z","volume":2000,"label":" ","price":7.84},{"type":"A","date":"2018-04-11T07:03:35.000Z","volume":4000,"label":" ","price":7.86},{"type":"A","date":"2018-04-11T07:03:37.000Z","volume":2000,"label":"Y","price":7.86},{"type":"A","date":"2018-04-11T07:03:37.000Z","volume":2000,"label":"Y","price":7.86},{"type":"B","date":"2018-04-11T07:03:37.000Z","volume":4000,"label":"Y","price":7.85},{"type":"B","date":"2018-04-11T07:03:44.000Z","volume":4000,"label":" ","price":7.84},{"type":"A","date":"2018-04-11T07:04:08.000Z","volume":4000,"label":" ","price":7.86},{"type":"B","date":"2018-04-11T07:04:28.000Z","volume":14000,"label":" ","price":7.84},{"type":"B","date":"2018-04-11T07:04:28.000Z","volume":2000,"label":" ","price":7.84},{"type":"B","date":"2018-04-11T07:04:28.000Z","volume":8000,"label":" ","price":7.84},{"type":"B","date":"2018-04-11T07:04:28.000Z","volume":4000,"label":" ","price":7.84},{"type":"B","date":"2018-04-11T07:04:28.000Z","volume":6000,"label":" ","price":7.84},{"type":"U","date":"2018-04-11T07:04:29.000Z","volume":600,"label":"D","price":7.78},{"type":"B","date":"2018-04-11T07:04:34.000Z","volume":2000,"label":" ","price":7.84},{"type":"A","date":"2018-04-11T07:04:37.000Z","volume":2000,"label":" ","price":7.85},{"type":"B","date":"2018-04-11T07:04:42.000Z","volume":4000,"label":" ","price":7.85},{"type":"B","date":"2018-04-11T07:04:42.000Z","volume":18000,"label":" ","price":7.85},{"type":"B","date":"2018-04-11T07:04:42.000Z","volume":2000,"label":" ","price":7.85},{"type":"B","date":"2018-04-11T07:04:42.000Z","volume":2000,"label":" ","price":7.85},{"type":"B","date":"2018-04-11T07:04:43.000Z","volume":2000,"label":" ","price":7.85},{"type":"B","date":"2018-04-11T07:04:43.000Z","volume":2000,"label":" ","price":7.85},{"type":"A","date":"2018-04-11T07:04:59.000Z","volume":2000,"label":" ","price":7.85},{"type":"A","date":"2018-04-11T07:05:04.000Z","volume":6000,"label":"Y","price":7.85},{"type":"A","date":"2018-04-11T07:05:04.000Z","volume":46000,"label":" ","price":7.85},{"type":"A","date":"2018-04-11T07:05:18.000Z","volume":2000,"label":" ","price":7.86},{"type":"A","date":"2018-04-11T07:05:24.000Z","volume":2000,"label":" ","price":7.86},{"type":"B","date":"2018-04-11T07:05:34.000Z","volume":2000,"label":" ","price":7.84},{"type":"A","date":"2018-04-11T07:05:35.000Z","volume":2000,"label":" ","price":7.85},{"type":"A","date":"2018-04-11T07:05:35.000Z","volume":2000,"label":" ","price":7.85},{"type":"B","date":"2018-04-11T07:05:40.000Z","volume":4000,"label":" ","price":7.84},{"type":"B","date":"2018-04-11T07:06:36.000Z","volume":4000,"label":" ","price":7.84},{"type":"B","date":"2018-04-11T07:06:39.000Z","volume":4000,"label":" ","price":7.84},{"type":"B","date":"2018-04-11T07:07:36.000Z","volume":2000,"label":" ","price":7.84},{"type":"B","date":"2018-04-11T07:07:39.000Z","volume":4000,"label":" ","price":7.84},{"type":"B","date":"2018-04-11T07:07:49.000Z","volume":18000,"label":" ","price":7.84},{"type":"B","date":"2018-04-11T07:07:49.000Z","volume":2000,"label":" ","price":7.84},{"type":"B","date":"2018-04-11T07:07:49.000Z","volume":4000,"label":" ","price":7.84},{"type":"B","date":"2018-04-11T07:07:49.000Z","volume":6000,"label":" ","price":7.84},{"type":"B","date":"2018-04-11T07:07:49.000Z","volume":4000,"label":" ","price":7.84},{"type":"A","date":"2018-04-11T07:08:17.000Z","volume":30000,"label":" ","price":7.85},{"type":"B","date":"2018-04-11T07:08:36.000Z","volume":2000,"label":" ","price":7.85},{"type":"B","date":"2018-04-11T07:08:37.000Z","volume":4000,"label":" ","price":7.85},{"type":"A","date":"2018-04-11T07:09:34.000Z","volume":2000,"label":" ","price":7.86},{"type":"A","date":"2018-04-11T07:09:34.000Z","volume":2000,"label":" ","price":7.86},{"type":"A","date":"2018-04-11T07:09:34.000Z","volume":2000,"label":" ","price":7.86},{"type":"B","date":"2018-04-11T07:09:35.000Z","volume":4000,"label":" ","price":7.85},{"type":"B","date":"2018-04-11T07:09:36.000Z","volume":4000,"label":" ","price":7.85},{"type":"B","date":"2018-04-11T07:10:33.000Z","volume":4000,"label":" ","price":7.85},{"type":"B","date":"2018-04-11T07:10:36.000Z","volume":2000,"label":" ","price":7.85},{"type":"A","date":"2018-04-11T07:10:40.000Z","volume":12000,"label":" ","price":7.86},{"type":"A","date":"2018-04-11T07:11:03.000Z","volume":2000,"label":" ","price":7.86},{"type":"A","date":"2018-04-11T07:11:05.000Z","volume":2000,"label":" ","price":7.86},{"type":"A","date":"2018-04-11T07:11:10.000Z","volume":4000,"label":" ","price":7.86},{"type":"B","date":"2018-04-11T07:11:31.000Z","volume":4000,"label":" ","price":7.85},{"type":"B","date":"2018-04-11T07:11:37.000Z","volume":2000,"label":" ","price":7.85},{"type":"B","date":"2018-04-11T07:11:40.000Z","volume":14000,"label":" ","price":7.85},{"type":"B","date":"2018-04-11T07:11:40.000Z","volume":4000,"label":" ","price":7.85},{"type":"B","date":"2018-04-11T07:11:40.000Z","volume":6000,"label":" ","price":7.85},{"type":"B","date":"2018-04-11T07:11:40.000Z","volume":6000,"label":" ","price":7.85},{"type":"B","date":"2018-04-11T07:11:40.000Z","volume":4000,"label":" ","price":7.85},{"type":"B","date":"2018-04-11T07:11:53.000Z","volume":2000,"label":" ","price":7.85},{"type":"B","date":"2018-04-11T07:12:29.000Z","volume":4000,"label":" ","price":7.85},{"type":"B","date":"2018-04-11T07:12:38.000Z","volume":8000,"label":"Y","price":7.85},{"type":"B","date":"2018-04-11T07:12:38.000Z","volume":4000,"label":" ","price":7.85},{"type":"B","date":"2018-04-11T07:12:38.000Z","volume":28000,"label":" ","price":7.85},{"type":"B","date":"2018-04-11T07:12:38.000Z","volume":18000,"label":" ","price":7.85},{"type":"A","date":"2018-04-11T07:12:38.000Z","volume":4000,"label":" ","price":7.85},{"type":"A","date":"2018-04-11T07:12:39.000Z","volume":2000,"label":" ","price":7.85},{"type":"B","date":"2018-04-11T07:13:29.000Z","volume":4000,"label":" ","price":7.84},{"type":"A","date":"2018-04-11T07:13:30.000Z","volume":2000,"label":" ","price":7.85},{"type":"B","date":"2018-04-11T07:13:38.000Z","volume":2000,"label":" ","price":7.84},{"type":"A","date":"2018-04-11T07:14:05.000Z","volume":20000,"label":" ","price":7.85},{"type":"A","date":"2018-04-11T07:14:09.000Z","volume":2000,"label":"Y","price":7.85},{"type":"B","date":"2018-04-11T07:14:27.000Z","volume":2000,"label":" ","price":7.84},{"type":"B","date":"2018-04-11T07:14:38.000Z","volume":2000,"label":" ","price":7.84},{"type":"B","date":"2018-04-11T07:14:39.000Z","volume":38000,"label":" ","price":7.84},{"type":"U","date":"2018-04-11T07:14:42.000Z","volume":2000,"label":"X","price":7.84},{"type":"B","date":"2018-04-11T07:14:51.000Z","volume":14000,"label":" ","price":7.84},{"type":"B","date":"2018-04-11T07:14:51.000Z","volume":8000,"label":" ","price":7.84},{"type":"B","date":"2018-04-11T07:14:51.000Z","volume":2000,"label":" ","price":7.84},{"type":"B","date":"2018-04-11T07:14:51.000Z","volume":4000,"label":" ","price":7.84},{"type":"B","date":"2018-04-11T07:14:51.000Z","volume":6000,"label":" ","price":7.84},{"type":"B","date":"2018-04-11T07:14:53.000Z","volume":2000,"label":"Y","price":7.84},{"type":"B","date":"2018-04-11T07:15:25.000Z","volume":4000,"label":"Y","price":7.84},{"type":"B","date":"2018-04-11T07:15:53.000Z","volume":4000,"label":"Y","price":7.84},{"type":"A","date":"2018-04-11T07:16:02.000Z","volume":4000,"label":" ","price":7.85},{"type":"B","date":"2018-04-11T07:16:23.000Z","volume":4000,"label":"Y","price":7.84},{"type":"B","date":"2018-04-11T07:16:46.000Z","volume":20000,"label":" ","price":7.84},{"type":"A","date":"2018-04-11T07:16:48.000Z","volume":2000,"label":" ","price":7.85},{"type":"B","date":"2018-04-11T07:16:49.000Z","volume":4000,"label":" ","price":7.84},{"type":"B","date":"2018-04-11T07:16:54.000Z","volume":2000,"label":" ","price":7.84},{"type":"B","date":"2018-04-11T07:17:12.000Z","volume":10000,"label":" ","price":7.84},{"type":"B","date":"2018-04-11T07:17:16.000Z","volume":10000,"label":" ","price":7.84},{"type":"B","date":"2018-04-11T07:17:21.000Z","volume":4000,"label":" ","price":7.84},{"type":"B","date":"2018-04-11T07:17:53.000Z","volume":20000,"label":" ","price":7.84},{"type":"B","date":"2018-04-11T07:17:54.000Z","volume":2000,"label":" ","price":7.84},{"type":"B","date":"2018-04-11T07:18:07.000Z","volume":2000,"label":" ","price":7.84},{"type":"B","date":"2018-04-11T07:18:08.000Z","volume":2000,"label":" ","price":7.84},{"type":"B","date":"2018-04-11T07:18:19.000Z","volume":4000,"label":" ","price":7.84},{"type":"B","date":"2018-04-11T07:18:42.000Z","volume":20000,"label":" ","price":7.84},{"type":"B","date":"2018-04-11T07:18:44.000Z","volume":16000,"label":" ","price":7.84},{"type":"B","date":"2018-04-11T07:18:44.000Z","volume":6000,"label":" ","price":7.84},{"type":"B","date":"2018-04-11T07:18:44.000Z","volume":4000,"label":" ","price":7.84},{"type":"B","date":"2018-04-11T07:18:44.000Z","volume":4000,"label":" ","price":7.84}