[{"type":"A","date":"2018-04-04T01:48:20.000Z","volume":20000,"label":" ","price":0.28},{"type":"A","date":"2018-04-04T01:59:32.000Z","volume":100000,"label":" ","price":0.28},{"type":"A","date":"2018-04-04T01:59:55.000Z","volume":40000,"label":" ","price":0.28},{"type":"U","date":"2018-04-04T02:07:03.000Z","volume":5000,"label":"D","price":0.26},{"type":"A","date":"2018-04-04T03:02:02.000Z","volume":80000,"label":" ","price":0.28},{"type":"A","date":"2018-04-04T03:02:02.000Z","volume":100000,"label":" ","price":0.28},{"type":"B","date":"2018-04-04T03:44:23.000Z","volume":20000,"label":"Y","price":0.275},{"type":"B","date":"2018-04-04T03:44:23.000Z","volume":40000,"label":" ","price":0.275},{"type":"B","date":"2018-04-04T03:44:23.000Z","volume":140000,"label":" ","price":0.275},{"type":"B","date":"2018-04-04T05:06:06.000Z","volume":3000000,"label":" ","price":0.275},{"type":"B","date":"2018-04-04T05:07:32.000Z","volume":3000000,"label":" ","price":0.275},{"type":"B","date":"2018-04-04T05:08:07.000Z","volume":4000000,"label":" ","price":0.275},{"type":"B","date":"2018-04-04T05:09:18.000Z","volume":4000000,"label":" ","price":0.275},{"type":"B","date":"2018-04-04T05:10:08.000Z","volume":4000000,"label":" ","price":0.275},{"type":"B","date":"2018-04-04T05:10:46.000Z","volume":3000000,"label":" ","price":0.275},{"type":"B","date":"2018-04-04T05:12:46.000Z","volume":3000000,"label":" ","price":0.275},{"type":"B","date":"2018-04-04T05:13:27.000Z","volume":5000000,"label":" ","price":0.275},{"type":"B","date":"2018-04-04T05:14:51.000Z","volume":6000000,"label":" ","price":0.275},{"type":"B","date":"2018-04-04T05:15:16.000Z","volume":100000,"label":" ","price":0.275},{"type":"A","date":"2018-04-04T05:36:38.000Z","volume":80000,"label":" ","price":0.275},{"type":"A","date":"2018-04-04T05:36:49.000Z","volume":200000,"label":" ","price":0.275},{"type":"A","date":"2018-04-04T05:36:49.000Z","volume":160000,"label":" ","price":0.275},{"type":"B","date":"2018-04-04T05:38:00.000Z","volume":100000,"label":" ","price":0.275},{"type":"A","date":"2018-04-04T05:39:27.000Z","volume":40000,"label":" ","price":0.275},{"type":"A","date":"2018-04-04T05:40:35.000Z","volume":360000,"label":" ","price":0.275},{"type":"A","date":"2018-04-04T05:40:35.000Z","volume":20000,"label":"Y","price":0.28},{"type":"A","date":"2018-04-04T05:40:35.000Z","volume":300000,"label":" ","price":0.28},{"type":"A","date":"2018-04-04T05:40:35.000Z","volume":1320000,"label":" ","price":0.285},{"type":"A","date":"2018-04-04T05:41:18.000Z","volume":600000,"label":" ","price":0.285},{"type":"A","date":"2018-04-04T05:43:49.000Z","volume":120000,"label":" ","price":0.28},{"type":"A","date":"2018-04-04T05:46:17.000Z","volume":40000,"label":" ","price":0.28},{"type":"A","date":"2018-04-04T05:47:17.000Z","volume":20000,"label":" ","price":0.28},{"type":"A","date":"2018-04-04T05:51:45.000Z","volume":20000,"label":" ","price":0.28},{"type":"A","date":"2018-04-04T05:57:15.000Z","volume":40000,"label":" ","price":0.28},{"type":"A","date":"2018-04-04T06:00:53.000Z","volume":40000,"label":" ","price":0.28},{"type":"B","date":"2018-04-04T06:17:03.000Z","volume":400000,"label":" ","price":0.275},{"type":"A","date":"2018-04-04T06:17:08.000Z","volume":20000,"label":" ","price":0.28},{"type":"A","date":"2018-04-04T06:37:02.000Z","volume":80000,"label":" ","price":0.275},{"type":"A","date":"2018-04-04T06:38:15.000Z","volume":120000,"label":" ","price":0.275},{"type":"A","date":"2018-04-04T06:52:01.000Z","volume":40000,"label":" ","price":0.275},{"type":"A","date":"2018-04-04T06:55:54.000Z","volume":400000,"label":" ","price":0.275},{"type":"A","date":"2018-04-04T06:55:54.000Z","volume":40000,"label":" ","price":0.275},{"type":"A","date":"2018-04-04T06:57:31.000Z","volume":180000,"label":" ","price":0.275},{"type":"A","date":"2018-04-04T06:57:39.000Z","volume":60000,"label":" ","price":0.275},{"type":"A","date":"2018-04-04T07:10:17.000Z","volume":60000,"label":" ","price":0.275},{"type":"A","date":"2018-04-04T07:10:17.000Z","volume":20000,"label":" ","price":0.28},{"type":"B","date":"2018-04-04T07:12:08.000Z","volume":800000,"label":" ","price":0.27},{"type":"B","date":"2018-04-04T07:19:15.000Z","volume":80000,"label":"Y","price":0.27},{"type":"B","date":"2018-04-04T07:19:15.000Z","volume":440000,"label":" ","price":0.27},{"type":"B","date":"2018-04-04T07:37:19.000Z","volume":20000,"label":" ","price":0.27},{"type":"B","date":"2018-04-04T07:37:19.000Z","volume":20000,"label":" ","price":0.265},{"type":"A","date":"2018-04-04T07:39:36.000Z","volume":20000,"label":" ","price":0.27},{"type":"A","date":"2018-04-04T07:39:36.000Z","volume":20000,"label":" ","price":0.275},{"type":"A","date":"2018-04-04T07:59:04.000Z","volume":20000,"label":" ","price":0.275}]