[{"type":"U","date":"2018-05-03T01:02:07.000Z","volume":80000,"label":"P","price":6.4},{"type":"U","date":"2018-05-03T01:05:01.000Z","volume":79000,"label":"P","price":6.409},{"type":"U","date":"2018-05-03T01:20:00.000Z","volume":147000,"label":"U","price":6.38},{"type":"B","date":"2018-05-03T01:30:00.000Z","volume":1000,"label":" ","price":6.37},{"type":"B","date":"2018-05-03T01:30:00.000Z","volume":6000,"label":" ","price":6.37},{"type":"B","date":"2018-05-03T01:30:00.000Z","volume":2000,"label":" ","price":6.36},{"type":"B","date":"2018-05-03T01:30:01.000Z","volume":3000,"label":" ","price":6.37},{"type":"B","date":"2018-05-03T01:30:01.000Z","volume":13000,"label":"Y","price":6.37},{"type":"B","date":"2018-05-03T01:30:01.000Z","volume":2000,"label":" ","price":6.37},{"type":"B","date":"2018-05-03T01:30:01.000Z","volume":12000,"label":" ","price":6.37},{"type":"B","date":"2018-05-03T01:30:01.000Z","volume":3000,"label":" ","price":6.37},{"type":"B","date":"2018-05-03T01:30:01.000Z","volume":2000,"label":" ","price":6.37},{"type":"B","date":"2018-05-03T01:30:01.000Z","volume":2000,"label":" ","price":6.37},{"type":"B","date":"2018-05-03T01:30:01.000Z","volume":2000,"label":" ","price":6.37},{"type":"B","date":"2018-05-03T01:30:02.000Z","volume":2000,"label":" ","price":6.35},{"type":"U","date":"2018-05-03T01:30:02.000Z","volume":2000,"label":" ","price":6.37},{"type":"B","date":"2018-05-03T01:30:02.000Z","volume":2000,"label":" ","price":6.37},{"type":"B","date":"2018-05-03T01:30:02.000Z","volume":2000,"label":" ","price":6.37},{"type":"B","date":"2018-05-03T01:30:03.000Z","volume":2000,"label":" ","price":6.37},{"type":"B","date":"2018-05-03T01:30:04.000Z","volume":3000,"label":" ","price":6.37},{"type":"B","date":"2018-05-03T01:30:04.000Z","volume":6000,"label":" ","price":6.37},{"type":"B","date":"2018-05-03T01:30:04.000Z","volume":1000,"label":"Y","price":6.37},{"type":"B","date":"2018-05-03T01:30:04.000Z","volume":1000,"label":" ","price":6.37},{"type":"B","date":"2018-05-03T01:30:06.000Z","volume":5000,"label":" ","price":6.37},{"type":"U","date":"2018-05-03T01:30:06.000Z","volume":1000,"label":"X","price":6.375},{"type":"B","date":"2018-05-03T01:30:07.000Z","volume":1000,"label":" ","price":6.37},{"type":"U","date":"2018-05-03T01:30:07.000Z","volume":1000,"label":"X","price":6.375},{"type":"B","date":"2018-05-03T01:30:07.000Z","volume":9000,"label":" ","price":6.37},{"type":"B","date":"2018-05-03T01:30:07.000Z","volume":23000,"label":" ","price":6.37},{"type":"B","date":"2018-05-03T01:30:07.000Z","volume":3000,"label":" ","price":6.36},{"type":"B","date":"2018-05-03T01:30:07.000Z","volume":2000,"label":" ","price":6.36},{"type":"B","date":"2018-05-03T01:30:07.000Z","volume":3000,"label":" ","price":6.37},{"type":"B","date":"2018-05-03T01:30:07.000Z","volume":2000,"label":" ","price":6.36},{"type":"B","date":"2018-05-03T01:30:07.000Z","volume":3000,"label":" ","price":6.37},{"type":"B","date":"2018-05-03T01:30:07.000Z","volume":17000,"label":" ","price":6.37},{"type":"B","date":"2018-05-03T01:30:07.000Z","volume":3000,"label":" ","price":6.37},{"type":"B","date":"2018-05-03T01:30:07.000Z","volume":3000,"label":" ","price":6.37},{"type":"U","date":"2018-05-03T01:30:07.000Z","volume":1000,"label":" ","price":6.37},{"type":"A","date":"2018-05-03T01:30:08.000Z","volume":2000,"label":" ","price":6.37},{"type":"B","date":"2018-05-03T01:30:09.000Z","volume":7000,"label":" ","price":6.36},{"type":"A","date":"2018-05-03T01:30:11.000Z","volume":5000,"label":" ","price":6.37},{"type":"A","date":"2018-05-03T01:30:16.000Z","volume":2000,"label":" ","price":6.37},{"type":"U","date":"2018-05-03T01:30:16.000Z","volume":2000,"label":"X","price":6.37},{"type":"B","date":"2018-05-03T01:30:19.000Z","volume":10000,"label":" ","price":6.36},{"type":"A","date":"2018-05-03T01:30:19.000Z","volume":1000,"label":" ","price":6.37},{"type":"B","date":"2018-05-03T01:30:20.000Z","volume":4000,"label":" ","price":6.36},{"type":"A","date":"2018-05-03T01:30:20.000Z","volume":1000,"label":"Y","price":6.37},{"type":"B","date":"2018-05-03T01:30:24.000Z","volume":6000,"label":" ","price":6.36},{"type":"B","date":"2018-05-03T01:30:25.000Z","volume":25000,"label":" ","price":6.36},{"type":"B","date":"2018-05-03T01:30:25.000Z","volume":25000,"label":" ","price":6.36},{"type":"B","date":"2018-05-03T01:30:25.000Z","volume":7000,"label":" ","price":6.36},{"type":"B","date":"2018-05-03T01:30:25.000Z","volume":3000,"label":" ","price":6.36},{"type":"B","date":"2018-05-03T01:30:25.000Z","volume":4000,"label":" ","price":6.35},{"type":"U","date":"2018-05-03T01:30:26.000Z","volume":3000,"label":"X","price":6.36},{"type":"U","date":"2018-05-03T01:30:26.000Z","volume":7000,"label":"X","price":6.36},{"type":"B","date":"2018-05-03T01:30:32.000Z","volume":4000,"label":" ","price":6.35},{"type":"B","date":"2018-05-03T01:30:32.000Z","volume":3000,"label":" ","price":6.35},{"type":"A","date":"2018-05-03T01:30:34.000Z","volume":15000,"label":" ","price":6.36},{"type":"U","date":"2018-05-03T01:30:36.000Z","volume":4000,"label":"X","price":6.35},{"type":"U","date":"2018-05-03T01:30:37.000Z","volume":3000,"label":"X","price":6.36},{"type":"B","date":"2018-05-03T01:30:48.000Z","volume":1000,"label":" ","price":6.35},{"type":"B","date":"2018-05-03T01:30:48.000Z","volume":25000,"label":" ","price":6.35},{"type":"B","date":"2018-05-03T01:30:49.000Z","volume":6000,"label":" ","price":6.35},{"type":"B","date":"2018-05-03T01:31:11.000Z","volume":1000,"label":" ","price":6.35},{"type":"B","date":"2018-05-03T01:31:13.000Z","volume":2000,"label":" ","price":6.35},{"type":"B","date":"2018-05-03T01:31:15.000Z","volume":100000,"label":" ","price":6.35},{"type":"B","date":"2018-05-03T01:31:15.000Z","volume":57000,"label":" ","price":6.35},{"type":"B","date":"2018-05-03T01:31:16.000Z","volume":2000,"label":" ","price":6.35},{"type":"B","date":"2018-05-03T01:31:16.000Z","volume":18000,"label":" ","price":6.35},{"type":"B","date":"2018-05-03T01:31:16.000Z","volume":12000,"label":" ","price":6.35},{"type":"B","date":"2018-05-03T01:31:17.000Z","volume":9000,"label":" ","price":6.35},{"type":"B","date":"2018-05-03T01:31:18.000Z","volume":5000,"label":" ","price":6.35},{"type":"B","date":"2018-05-03T01:31:41.000Z","volume":20000,"label":" ","price":6.35},{"type":"B","date":"2018-05-03T01:31:41.000Z","volume":7000,"label":" ","price":6.35},{"type":"B","date":"2018-05-03T01:32:05.000Z","volume":122000,"label":" ","price":6.35},{"type":"B","date":"2018-05-03T01:32:06.000Z","volume":10000,"label":" ","price":6.35},{"type":"B","date":"2018-05-03T01:32:06.000Z","volume":14000,"label":" ","price":6.35},{"type":"B","date":"2018-05-03T01:32:07.000Z","volume":120000,"label":" ","price":6.35},{"type":"A","date":"2018-05-03T01:32:07.000Z","volume":24000,"label":" ","price":6.35},{"type":"B","date":"2018-05-03T01:32:07.000Z","volume":22000,"label":" ","price":6.34},{"type":"A","date":"2018-05-03T01:32:10.000Z","volume":16000,"label":" ","price":6.35},{"type":"U","date":"2018-05-03T01:32:17.000Z","volume":1000,"label":"X","price":6.35},{"type":"B","date":"2018-05-03T01:32:22.000Z","volume":8000,"label":" ","price":6.34},{"type":"B","date":"2018-05-03T01:32:22.000Z","volume":224000,"label":" ","price":6.34},{"type":"B","date":"2018-05-03T01:32:22.000Z","volume":32000,"label":" ","price":6.33},{"type":"U","date":"2018-05-03T01:32:22.000Z","volume":117000,"label":" ","price":6.34},{"type":"A","date":"2018-05-03T01:32:22.000Z","volume":36000,"label":" ","price":6.35},{"type":"B","date":"2018-05-03T01:32:22.000Z","volume":49000,"label":" ","price":6.34},{"type":"A","date":"2018-05-03T01:32:22.000Z","volume":8000,"label":"Y","price":6.35},{"type":"B","date":"2018-05-03T01:32:23.000Z","volume":119000,"label":" ","price":6.34},{"type":"B","date":"2018-05-03T01:32:23.000Z","volume":137000,"label":" ","price":6.33},{"type":"A","date":"2018-05-03T01:32:23.000Z","volume":3000,"label":"Y","price":6.35},{"type":"B","date":"2018-05-03T01:32:23.000Z","volume":51000,"label":" ","price":6.34},{"type":"A","date":"2018-05-03T01:32:25.000Z","volume":2000,"label":" ","price":6.35},{"type":"A","date":"2018-05-03T01:32:25.000Z","volume":3000,"label":" ","price":6.35},{"type":"B","date":"2018-05-03T01:32:26.000Z","volume":23000,"label":" ","price":6.34},{"type":"B","date":"2018-05-03T01:32:28.000Z","volume":124000,"label":" ","price":6.34},{"type":"B","date":"2018-05-03T01:32:42.000Z","volume":133000,"label":" ","price":6.34},{"type":"B","date":"2018-05-03T01:32:42.000Z","volume":36000,"label":" ","price":6.34},{"type":"B","date":"2018-05-03T01:32:53.000Z","volume":2000,"label":" ","price":6.34},{"type":"B","date":"2018-05-03T01:32:57.000Z","volume":70000,"label":" ","price":6.34},{"type":"B","date":"2018-05-03T01:32:58.000Z","volume":14000,"label":" ","price":6.34},{"type":"B","date":"2018-05-03T01:33:00.000Z","volume":10000,"label":" ","price":6.34},{"type":"B","date":"2018-05-03T01:33:12.000Z","volume":42000,"label":" ","price":6.34},{"type":"B","date":"2018-05-03T01:33:12.000Z","volume":26000,"label":" ","price":6.34},{"type":"B","date":"2018-05-03T01:33:12.000Z","volume":11000,"label":" ","price":6.34},{"type":"B","date":"2018-05-03T01:33:12.000Z","volume":15000,"label":" ","price":6.34},{"type":"B","date":"2018-05-03T01:33:13.000Z","volume":10000,"label":" ","price":6.34},{"type":"B","date":"2018-05-03T01:33:14.000Z","volume":35000,"label":" ","price":6.34},{"type":"B","date":"2018-05-03T01:33:15.000Z","volume":17000,"label":" ","price":6.34},{"type":"B","date":"2018-05-03T01:33:16.000Z","volume":10000,"label":" ","price":6.34},{"type":"B","date":"2018-05-03T01:33:17.000Z","volume":2000,"label":" ","price":6.34},{"type":"B","date":"2018-05-03T01:33:21.000Z","volume":6000,"label":" ","price":6.34},{"type":"B","date":"2018-05-03T01:33:28.000Z","volume":10000,"label":" ","price":6.34},{"type":"B","date":"2018-05-03T01:33:33.000Z","volume":1000,"label":" ","price":6.34},{"type":"B","date":"2018-05-03T01:34:05.000Z","volume":10000,"label":" ","price":6.34},{"type":"B","date":"2018-05-03T01:34:11.000Z","volume":5000,"label":" ","price":6.34},{"type":"B","date":"2018-05-03T01:34:21.000Z","volume":3000,"label":" ","price":6.34},{"type":"B","date":"2018-05-03T01:34:22.000Z","volume":20000,"label":" ","price":6.34},{"type":"B","date":"2018-05-03T01:34:25.000Z","volume":10000,"label":" ","price":6.34},{"type":"A","date":"2018-05-03T01:34:31.000Z","volume":156000,"label":" ","price":6.35},{"type":"A","date":"2018-05-03T01:34:36.000Z","volume":14000,"label":" ","price":6.35},{"type":"A","date":"2018-05-03T01:34:38.000Z","volume":28000,"label":" ","price":6.35},{"type":"B","date":"2018-05-03T01:34:44.000Z","volume":10000,"label":" ","price":6.34},{"type":"B","date":"2018-05-03T01:35:12.000Z","volume":12000,"label":" ","price":6.34},{"type":"B","date":"2018-05-03T01:35:16.000Z","volume":6000,"label":" ","price":6.34},{"type":"B","date":"2018-05-03T01:35:16.000Z","volume":191000,"label":" ","price":6.34},{"type":"B","date":"2018-05-03T01:35:16.000Z","volume":12000,"label":" ","price":6.34},{"type":"B","date":"2018-05-03T01:35:27.000Z","volume":200000,"label":" ","price":6.34},{"type":"B","date":"2018-05-03T01:35:27.000Z","volume":11000,"label":" ","price":6.34},{"type":"B","date":"2018-05-03T01:35:27.000Z","volume":1000,"label":" ","price":6.34},{"type":"B","date":"2018-05-03T01:35:37.000Z","volume":189000,"label":" ","price":6.34},{"type":"B","date":"2018-05-03T01:35:38.000Z","volume":42000,"label":" ","price":6.34},{"type":"B","date":"2018-05-03T01:35:47.000Z","volume":60000,"label":" ","price":6.34},{"type":"B","date":"2018-05-03T01:35:48.000Z","volume":4000,"label":" ","price":6.34},{"type":"B","date":"2018-05-03T01:35:48.000Z","volume":1000,"label":" ","price":6.34},{"type":"B","date":"2018-05-03T01:35:51.000Z","volume":50000,"label":" ","price":6.34},{"type":"B","date":"2018-05-03T01:36:02.000Z","volume":2000,"label":" ","price":6.34},{"type":"B","date":"2018-05-03T01:36:23.000Z","volume":11000,"label":" ","price":6.34},{"type":"B","date":"2018-05-03T01:36:24.000Z","volume":41000,"label":" ","price":6.34},{"type":"B","date":"2018-05-03T01:36:24.000Z","volume":5000,"label":" ","price":6.34},{"type":"B","date":"2018-05-03T01:36:24.000Z","volume":1000,"label":" ","price":6.34},{"type":"B","date":"2018-05-03T01:37:01.000Z","volume":42000,"label":" ","price":6.33},{"type":"B","date":"2018-05-03T01:37:01.000Z","volume":1000,"label":" ","price":6.33},{"type":"B","date":"2018-05-03T01:37:19.000Z","volume":2000,"label":" ","price":6.32},{"type":"B","date":"2018-05-03T01:37:31.000Z","volume":20000,"label":" ","price":6.32},{"type":"B","date":"2018-05-03T01:37:44.000Z","volume":3000,"label":" ","price":6.32},{"type":"A","date":"2018-05-03T01:37:45.000Z","volume":1000,"label":" ","price":6.33},{"type":"B","date":"2018-05-03T01:37:57.000Z","volume":3000,"label":" ","price":6.32},{"type":"B","date":"2018-05-03T01:38:03.000Z","volume":1000,"label":" ","price":6.32},{"type":"A","date":"2018-05-03T01:38:15.000Z","volume":4000,"label":" ","price":6.33},{"type":"A","date":"2018-05-03T01:38:31.000Z","volume":164000,"label":" ","price":6.33},{"type":"U","date":"2018-05-03T01:38:33.000Z","volume":50000,"label":" ","price":6.33},{"type":"A","date":"2018-05-03T01:38:35.000Z","volume":120000,"label":" ","price":6.34},{"type":"B","date":"2018-05-03T01:38:38.000Z","volume":3000,"label":" ","price":6.33},{"type":"B","date":"2018-05-03T01:38:48.000Z","volume":40000,"label":" ","price":6.34},{"type":"B","date":"2018-05-03T01:38:51.000Z","volume":10000,"label":" ","price":6.34},{"type":"A","date":"2018-05-03T01:39:01.000Z","volume":57000,"label":" ","price":6.35},{"type":"A","date":"2018-05-03T01:39:01.000Z","volume":39000,"label":" ","price":6.35},{"type":"A","date":"2018-05-03T01:39:01.000Z","volume":4000,"label":" ","price":6.36},{"type":"B","date":"2018-05-03T01:39:01.000Z","volume":31000,"label":" ","price":6.34},{"type":"U","date":"2018-05-03T01:40:04.000Z","volume":500,"label":"D","price":6.28},{"type":"B","date":"2018-05-03T01:40:14.000Z","volume":2000,"label":" ","price":6.35},{"type":"A","date":"2018-05-03T01:40:16.000Z","volume":3000,"label":" ","price":6.36},{"type":"B","date":"2018-05-03T01:40:25.000Z","volume":10000,"label":" ","price":6.35},{"type":"B","date":"2018-05-03T01:40:37.000Z","volume":1000,"label":" ","price":6.35},{"type":"B","date":"2018-05-03T01:40:43.000Z","volume":1000,"label":" ","price":6.35},{"type":"B","date":"2018-05-03T01:41:08.000Z","volume":10000,"label":" ","price":6.35},{"type":"B","date":"2018-05-03T01:41:08.000Z","volume":164000,"label":" ","price":6.35},{"type":"B","date":"2018-05-03T01:41:08.000Z","volume":107000,"label":" ","price":6.35},{"type":"B","date":"2018-05-03T01:41:08.000Z","volume":98000,"label":" ","price":6.34},{"type":"B","date":"2018-05-03T01:41:08.000Z","volume":28000,"label":" ","price":6.34},{"type":"B","date":"2018-05-03T01:41:08.000Z","volume":1000,"label":" ","price":6.34},{"type":"B","date":"2018-05-03T01:42:30.000Z","volume":17000,"label":" ","price":6.33},{"type":"B","date":"2018-05-03T01:42:38.000Z","volume":110000,"label":" ","price":6.33},{"type":"A","date":"2018-05-03T01:42:38.000Z","volume":1000,"label":" ","price":6.33},{"type":"A","date":"2018-05-03T01:42:38.000Z","volume":21000,"label":" ","price":6.33},{"type":"B","date":"2018-05-03T01:42:48.000Z","volume":2000,"label":" ","price":6.32},{"type":"A","date":"2018-05-03T01:42:50.000Z","volume":2000,"label":" ","price":6.33},{"type":"B","date":"2018-05-03T01:42:51.000Z","volume":2000,"label":" ","price":6.32},{"type":"B","date":"2018-05-03T01:43:27.000Z","volume":30000,"label":" ","price":6.32},{"type":"B","date":"2018-05-03T01:44:02.000Z","volume":1000,"label":" ","price":6.32},{"type":"A","date":"2018-05-03T01:44:20.000Z","volume":1000,"label":" ","price":6.33},{"type":"B","date":"2018-05-03T01:44:31.000Z","volume":10000,"label":" ","price":6.32},{"type":"B","date":"2018-05-03T01:44:38.000Z","volume":8000,"label":" ","price":6.32},{"type":"B","date":"2018-05-03T01:44:42.000Z","volume":5000,"label":" ","price":6.32},{"type":"B","date":"2018-05-03T01:44:49.000Z","volume":152000,"label":" ","price":6.32},{"type":"B","date":"2018-05-03T01:44:49.000Z","volume":12000,"label":" ","price":6.31},{"type":"B","date":"2018-05-03T01:44:49.000Z","volume":25000,"label":" ","price":6.31},{"type":"B","date":"2018-05-03T01:44:49.000Z","volume":5000,"label":" ","price":6.31},{"type":"B","date":"2018-05-03T01:44:49.000Z","volume":1000,"label":" ","price":6.31},{"type":"B","date":"2018-05-03T01:44:49.000Z","volume":1000,"label":" ","price":6.31},{"type":"B","date":"2018-05-03T01:45:22.000Z","volume":10000,"label":" ","price":6.3},{"type":"B","date":"2018-05-03T01:45:23.000Z","volume":2000,"label":" ","price":6.3},{"type":"B","date":"2018-05-03T01:45:24.000Z","volume":20000,"label":" ","price":6.3},{"type":"A","date":"2018-05-03T01:45:24.000Z","volume":3000,"label":" ","price":6.31},{"type":"B","date":"2018-05-03T01:45:36.000Z","volume":8000,"label":" ","price":6.3},{"type":"A","date":"2018-05-03T01:45:36.000Z","volume":2000,"label":" ","price":6.31},{"type":"A","date":"2018-05-03T01:45:43.000Z","volume":1000,"label":" ","price":6.31},{"type":"B","date":"2018-05-03T01:45:49.000Z","volume":3000,"label":" ","price":6.3},{"type":"A","date":"2018-05-03T01:45:51.000Z","volume":6000,"label":" ","price":6.31},{"type":"A","date":"2018-05-03T01:45:53.000Z","volume":4000,"label":" ","price":6.31},{"type":"B","date":"2018-05-03T01:46:28.000Z","volume":25000,"label":" ","price":6.3},{"type":"A","date":"2018-05-03T01:46:28.000Z","volume":4000,"label":" ","price":6.31},{"type":"A","date":"2018-05-03T01:46:29.000Z","volume":1000,"label":" ","price":6.31},{"type":"A","date":"2018-05-03T01:46:29.000Z","volume":1000,"label":" ","price":6.31},{"type":"A","date":"2018-05-03T01:46:40.000Z","volume":4000,"label":" ","price":6.31},{"type":"B","date":"2018-05-03T01:47:09.000Z","volume":2000,"label":" ","price":6.3},{"type":"A","date":"2018-05-03T01:47:25.000Z","volume":5000,"label":" ","price":6.31},{"type":"A","date":"2018-05-03T01:48:19.000Z","volume":3000,"label":" ","price":6.31},{"type":"B","date":"2018-05-03T01:48:36.000Z","volume":10000,"label":" ","price":6.3},{"type":"B","date":"2018-05-03T01:48:40.000Z","volume":10000,"label":" ","price":6.3},{"type":"A","date":"2018-05-03T01:48:42.000Z","volume":1000,"label":" ","price":6.31},{"type":"A","date":"2018-05-03T01:48:59.000Z","volume":1000,"label":"Y","price":6.31},{"type":"A","date":"2018-05-03T01:49:01.000Z","volume":4000,"label":" ","price":6.31},{"type":"B","date":"2018-05-03T01:49:02.000Z","volume":30000,"label":" ","price":6.3},{"type":"A","date":"2018-05-03T01:49:37.000Z","volume":1000,"label":"Y","price":6.31},{"type":"B","date":"2018-05-03T01:49:51.000Z","volume":20000,"label":" ","price":6.3},{"type":"B","date":"2018-05-03T01:49:51.000Z","volume":253000,"label":" ","price":6.3},{"type":"B","date":"2018-05-03T01:49:51.000Z","volume":87000,"label":" ","price":6.29},{"type":"B","date":"2018-05-03T01:49:51.000Z","volume":31000,"label":" ","price":6.28},{"type":"B","date":"2018-05-03T01:49:51.000Z","volume":25000,"label":" ","price":6.27},{"type":"B","date":"2018-05-03T01:49:51.000Z","volume":108000,"label":" ","price":6.28},{"type":"B","date":"2018-05-03T01:49:51.000Z","volume":108000,"label":" ","price":6.3},{"type":"A","date":"2018-05-03T01:49:51.000Z","volume":108000,"label":" ","price":6.3},{"type":"A","date":"2018-05-03T01:49:51.000Z","volume":114000,"label":" ","price":6.3},{"type":"U","date":"2018-05-03T01:49:52.000Z","volume":5000,"label":" ","price":6.3},{"type":"A","date":"2018-05-03T01:49:53.000Z","volume":14000,"label":"Y","price":6.31},{"type":"A","date":"2018-05-03T01:49:53.000Z","volume":81000,"label":" ","price":6.31},{"type":"A","date":"2018-05-03T01:49:53.000Z","volume":4000,"label":" ","price":6.3},{"type":"A","date":"2018-05-03T01:49:53.000Z","volume":3000,"label":" ","price":6.3},{"type":"A","date":"2018-05-03T01:49:54.000Z","volume":2000,"label":" ","price":6.3},{"type":"A","date":"2018-05-03T01:49:55.000Z","volume":1000,"label":" ","price":6.3},{"type":"A","date":"2018-05-03T01:49:56.000Z","volume":29000,"label":" ","price":6.31},{"type":"A","date":"2018-05-03T01:49:56.000Z","volume":1000,"label":" ","price":6.3},{"type":"A","date":"2018-05-03T01:49:58.000Z","volume":15000,"label":" ","price":6.31},{"type":"U","date":"2018-05-03T01:50:00.000Z","volume":23000,"label":" ","price":6.3},{"type":"U","date":"2018-05-03T01:50:00.000Z","volume":1000,"label":" ","price":6.3},{"type":"U","date":"2018-05-03T01:50:00.000Z","volume":23000,"label":" ","price":6.3},{"type":"U","date":"2018-05-03T01:50:00.000Z","volume":12000,"label":" ","price":6.3},{"type":"U","date":"2018-05-03T01:50:00.000Z","volume":52000,"label":" ","price":6.3},{"type":"U","date":"2018-05-03T01:50:00.000Z","volume":80000,"label":" ","price":6.3},{"type":"A","date":"2018-05-03T01:50:00.000Z","volume":24000,"label":" ","price":6.31},{"type":"A","date":"2018-05-03T01:50:00.000Z","volume":19000,"label":"Y","price":6.31},{"type":"A","date":"2018-05-03T01:50:00.000Z","volume":28000,"label":" ","price":6.31},{"type":"A","date":"2018-05-03T01:50:01.000Z","volume":17000,"label":" ","price":6.31},{"type":"A","date":"2018-05-03T01:50:03.000Z","volume":5000,"label":" ","price":6.31},{"type":"A","date":"2018-05-03T01:50:05.000Z","volume":6000,"label":" ","price":6.31},{"type":"B","date":"2018-05-03T01:50:07.000Z","volume":30000,"label":" ","price":6.3},{"type":"A","date":"2018-05-03T01:50:07.000Z","volume":6000,"label":" ","price":6.31},{"type":"A","date":"2018-05-03T01:50:09.000Z","volume":4000,"label":"Y","price":6.31},{"type":"A","date":"2018-05-03T01:50:09.000Z","volume":1000,"label":" ","price":6.31},{"type":"B","date":"2018-05-03T01:50:09.000Z","volume":10000,"label":" ","price":6.3},{"type":"B","date":"2018-05-03T01:50:57.000Z","volume":10000,"label":" ","price":6.3},{"type":"B","date":"2018-05-03T01:51:04.000Z","volume":30000,"label":" ","price":6.3},{"type":"A","date":"2018-05-03T01:51:05.000Z","volume":6000,"label":"Y","price":6.31},{"type":"A","date":"2018-05-03T01:51:08.000Z","volume":4000,"label":"Y","price":6.31},{"type":"B","date":"2018-05-03T01:51:33.000Z","volume":10000,"label":" ","price":6.3},{"type":"A","date":"2018-05-03T01:52:01.000Z","volume":49000,"label":" ","price":6.31},{"type":"A","date":"2018-05-03T01:52:01.000Z","volume":19000,"label":" ","price":6.31},{"type":"A","date":"2018-05-03T01:52:04.000Z","volume":1000,"label":"Y","price":6.32},{"type":"A","date":"2018-05-03T01:52:04.000Z","volume":12000,"label":" ","price":6.32},{"type":"A","date":"2018-05-03T01:52:07.000Z","volume":1000,"label":"Y","price":6.33},{"type":"A","date":"2018-05-03T01:52:07.000Z","volume":4000,"label":" ","price":6.33},{"type":"B","date":"2018-05-03T01:52:16.000Z","volume":36000,"label":" ","price":6.32},{"type":"A","date":"2018-05-03T01:52:38.000Z","volume":13000,"label":" ","price":6.32},{"type":"A","date":"2018-05-03T01:52:39.000Z","volume":2000,"label":" ","price":6.32},{"type":"B","date":"2018-05-03T01:52:46.000Z","volume":16000,"label":" ","price":6.32},{"type":"A","date":"2018-05-03T01:52:59.000Z","volume":9000,"label":" ","price":6.32},{"type":"A","date":"2018-05-03T01:53:31.000Z","volume":36000,"label":" ","price":6.32},{"type":"B","date":"2018-05-03T01:53:39.000Z","volume":107000,"label":" ","price":6.32},{"type":"A","date":"2018-05-03T01:53:39.000Z","volume":13000,"label":" ","price":6.32},{"type":"A","date":"2018-05-03T01:53:39.000Z","volume":31000,"label":" ","price":6.32},{"type":"B","date":"2018-05-03T01:53:45.000Z","volume":2000,"label":" ","price":6.32},{"type":"B","date":"2018-05-03T01:54:47.000Z","volume":1000,"label":" ","price":6.31},{"type":"A","date":"2018-05-03T01:55:12.000Z","volume":1000,"label":" ","price":6.32},{"type":"A","date":"2018-05-03T01:55:29.000Z","volume":60000,"label":" ","price":6.32},{"type":"A","date":"2018-05-03T01:55:29.000Z","volume":21000,"label":" ","price":6.32},{"type":"B","date":"2018-05-03T01:55:33.000Z","volume":91000,"label":" ","price":6.32},{"type":"A","date":"2018-05-03T01:55:33.000Z","volume":2000,"label":" ","price":6.32},{"type":"A","date":"2018-05-03T01:55:34.000Z","volume":3000,"label":"Y","price":6.32},{"type":"A","date":"2018-05-03T01:55:34.000Z","volume":7000,"label":" ","price":6.32},{"type":"A","date":"2018-05-03T01:56:39.000Z","volume":5000,"label":" ","price":6.32},{"type":"B","date":"2018-05-03T01:56:53.000Z","volume":208000,"label":" ","price":6.31},{"type":"A","date":"2018-05-03T01:56:53.000Z","volume":1000,"label":" ","price":6.31},{"type":"A","date":"2018-05-03T01:56:53.000Z","volume":2000,"label":" ","price":6.31},{"type":"A","date":"2018-05-03T01:57:20.000Z","volume":14000,"label":" ","price":6.31},{"type":"A","date":"2018-05-03T01:58:05.000Z","volume":75000,"label":" ","price":6.31},{"type":"A","date":"2018-05-03T01:58:06.000Z","volume":10000,"label":" ","price":6.32},{"type":"A","date":"2018-05-03T01:58:09.000Z","volume":4000,"label":" ","price":6.32},{"type":"U","date":"2018-05-03T01:58:11.000Z","volume":9000,"label":" ","price":6.31},{"type":"A","date":"2018-05-03T01:58:13.000Z","volume":5000,"label":" ","price":6.32},{"type":"A","date":"2018-05-03T01:58:31.000Z","volume":8000,"label":" ","price":6.32},{"type":"A","date":"2018-05-03T01:58:43.000Z","volume":1000,"label":" ","price":6.32},{"type":"A","date":"2018-05-03T01:58:44.000Z","volume":5000,"label":" ","price":6.32},{"type":"A","date":"2018-05-03T01:58:44.000Z","volume":3000,"label":" ","price":6.32},{"type":"A","date":"2018-05-03T01:58:44.000Z","volume":18000,"label":" ","price":6.32},{"type":"A","date":"2018-05-03T01:58:44.000Z","volume":2000,"label":"Y","price":6.33},{"type":"A","date":"2018-05-03T01:58:44.000Z","volume":3000,"label":" ","price":6.33},{"type":"A","date":"2018-05-03T01:58:44.000Z","volume":2000,"label":" ","price":6.33},{"type":"A","date":"2018-05-03T01:58:56.000Z","volume":2000,"label":" ","price":6.33},{"type":"B","date":"2018-05-03T01:59:02.000Z","volume":38000,"label":" ","price":6.33},{"type":"B","date":"2018-05-03T02:00:01.000Z","volume":20000,"label":" ","price":6.32},{"type":"A","date":"2018-05-03T02:00:07.000Z","volume":22000,"label":" ","price":6.33},{"type":"B","date":"2018-05-03T02:00:19.000Z","volume":10000,"label":" ","price":6.32},{"type":"A","date":"2018-05-03T02:00:31.000Z","volume":4000,"label":" ","price":6.33},{"type":"B","date":"2018-05-03T02:00:35.000Z","volume":53000,"label":" ","price":6.32},{"type":"A","date":"2018-05-03T02:00:35.000Z","volume":14000,"label":" ","price":6.33},{"type":"B","date":"2018-05-03T02:01:03.000Z","volume":8000,"label":"Y","price":6.32},{"type":"B","date":"2018-05-03T02:01:03.000Z","volume":42000,"label":" ","price":6.32},{"type":"A","date":"2018-05-03T02:01:04.000Z","volume":1000,"label":" ","price":6.33},{"type":"A","date":"2018-05-03T02:01:28.000Z","volume":1000,"label":" ","price":6.33},{"type":"A","date":"2018-05-03T02:02:00.000Z","volume":1000,"label":" ","price":6.33},{"type":"B","date":"2018-05-03T02:02:02.000Z","volume":2000,"label":" ","price":6.32},{"type":"B","date":"2018-05-03T02:02:25.000Z","volume":50000,"label":" ","price":6.32},{"type":"B","date":"2018-05-03T02:02:28.000Z","volume":83000,"label":" ","price":6.32},{"type":"U","date":"2018-05-03T02:02:28.000Z","volume":2000,"label":" ","price":6.32},{"type":"U","date":"2018-05-03T02:02:28.000Z","volume":1000,"label":" ","price":6.32},{"type":"B","date":"2018-05-03T02:04:13.000Z","volume":15000,"label":" ","price":6.32},{"type":"B","date":"2018-05-03T02:04:19.000Z","volume":25000,"label":" ","price":6.32},{"type":"B","date":"2018-05-03T02:04:19.000Z","volume":64000,"label":" ","price":6.32},{"type":"B","date":"2018-05-03T02:04:19.000Z","volume":1000,"label":" ","price":6.32},{"type":"B","date":"2018-05-03T02:04:25.000Z","volume":21000,"label":" ","price":6.32},{"type":"B","date":"2018-05-03T02:04:25.000Z","volume":5000,"label":" ","price":6.32},{"type":"B","date":"2018-05-03T02:04:32.000Z","volume":3000,"label":" ","price":6.32},{"type":"B","date":"2018-05-03T02:04:33.000Z","volume":2000,"label":" ","price":6.32},{"type":"B","date":"2018-05-03T02:04:33.000Z","volume":2000,"label":" ","price":6.32},{"type":"B","date":"2018-05-03T02:04:34.000Z","volume":3000,"label":" ","price":6.32},{"type":"B","date":"2018-05-03T02:04:41.000Z","volume":10000,"label":" ","price":6.32},{"type":"B","date":"2018-05-03T02:05:11.000Z","volume":3000,"label":" ","price":6.32},{"type":"B","date":"2018-05-03T02:05:58.000Z","volume":5000,"label":" ","price":6.32},{"type":"B","date":"2018-05-03T02:06:27.000Z","volume":10000,"label":" ","price":6.32},{"type":"B","date":"2018-05-03T02:06:34.000Z","volume":3000,"label":" ","price":6.32},{"type":"B","date":"2018-05-03T02:07:08.000Z","volume":20000,"label":" ","price":6.32},{"type":"A","date":"2018-05-03T02:07:09.000Z","volume":1000,"label":" ","price":6.33},{"type":"B","date":"2018-05-03T02:07:11.000Z","volume":20000,"label":" ","price":6.32},{"type":"B","date":"2018-05-03T02:07:35.000Z","volume":10000,"label":" ","price":6.32},{"type":"B","date":"2018-05-03T02:07:46.000Z","volume":10000,"label":" ","price":6.32},{"type":"B","date":"2018-05-03T02:08:23.000Z","volume":10000,"label":" ","price":6.32},{"type":"A","date":"2018-05-03T02:08:27.000Z","volume":1000,"label":" ","price":6.33},{"type":"B","date":"2018-05-03T02:08:46.000Z","volume":10000,"label":" ","price":6.32},{"type":"A","date":"2018-05-03T02:09:03.000Z","volume":2000,"label":" ","price":6.33},{"type":"A","date":"2018-05-03T02:09:33.000Z","volume":7000,"label":" ","price":6.33},{"type":"A","date":"2018-05-03T02:10:30.000Z","volume":1000,"label":" ","price":6.33},{"type":"B","date":"2018-05-03T02:10:50.000Z","volume":6000,"label":" ","price":6.32},{"type":"B","date":"2018-05-03T02:11:09.000Z","volume":3000,"label":" ","price":6.32},{"type":"B","date":"2018-05-03T02:11:10.000Z","volume":10000,"label":" ","price":6.32},{"type":"A","date":"2018-05-03T02:11:43.000Z","volume":3000,"label":"Y","price":6.33},{"type":"A","date":"2018-05-03T02:11:53.000Z","volume":3000,"label":"Y","price":6.33},{"type":"A","date":"2018-05-03T02:11:56.000Z","volume":1000,"label":"Y","price":6.33},{"type":"A","date":"2018-05-03T02:11:57.000Z","volume":1000,"label":" ","price":6.33},{"type":"A","date":"2018-05-03T02:12:03.000Z","volume":1000,"label":"Y","price":6.33},{"type":"A","date":"2018-05-03T02:12:03.000Z","volume":1000,"label":" ","price":6.33},{"type":"B","date":"2018-05-03T02:12:08.000Z","volume":1000,"label":" ","price":6.32},{"type":"A","date":"2018-05-03T02:12:13.000Z","volume":2000,"label":" ","price":6.33},{"type":"B","date":"2018-05-03T02:12:16.000Z","volume":10000,"label":" ","price":6.32},{"type":"A","date":"2018-05-03T02:12:22.000Z","volume":1000,"label":" ","price":6.33},{"type":"A","date":"2018-05-03T02:12:22.000Z","volume":2000,"label":" ","price":6.33},{"type":"A","date":"2018-05-03T02:12:24.000Z","volume":1000,"label":" ","price":6.33},{"type":"A","date":"2018-05-03T02:12:30.000Z","volume":3000,"label":" ","price":6.33},{"type":"A","date":"2018-05-03T02:12:33.000Z","volume":2000,"label":" ","price":6.33},{"type":"A","date":"2018-05-03T02:12:35.000Z","volume":20000,"label":" ","price":6.33},{"type":"A","date":"2018-05-03T02:12:43.000Z","volume":2000,"label":" ","price":6.33},{"type":"A","date":"2018-05-03T02:12:43.000Z","volume":2000,"label":" ","price":6.33},{"type":"A","date":"2018-05-03T02:12:49.000Z","volume":1000,"label":" ","price":6.33},{"type":"A","date":"2018-05-03T02:12:52.000Z","volume":2000,"label":"Y","price":6.33},{"type":"A","date":"2018-05-03T02:13:18.000Z","volume":4000,"label":"Y","price":6.33},{"type":"A","date":"2018-05-03T02:13:24.000Z","volume":1000,"label":"Y","price":6.33},{"type":"A","date":"2018-05-03T02:13:34.000Z","volume":1000,"label":"Y","price":6.33},{"type":"B","date":"2018-05-03T02:13:37.000Z","volume":1000,"label":" ","price":6.32},{"type":"A","date":"2018-05-03T02:13:48.000Z","volume":3000,"label":"Y","price":6.33},{"type":"B","date":"2018-05-03T02:13:51.000Z","volume":1000,"label":" ","price":6.32},{"type":"A","date":"2018-05-03T02:14:01.000Z","volume":10000,"label":" ","price":6.33},{"type":"A","date":"2018-05-03T02:14:03.000Z","volume":2000,"label":" ","price":6.33},{"type":"A","date":"2018-05-03T02:14:04.000Z","volume":1000,"label":" ","price":6.33},{"type":"A","date":"2018-05-03T02:14:18.000Z","volume":2000,"label":" ","price":6.33},{"type":"A","date":"2018-05-03T02:14:31.000Z","volume":3000,"label":" ","price":6.33},{"type":"A","date":"2018-05-03T02:14:33.000Z","volume":2000,"label":" ","price":6.33},{"type":"A","date":"2018-05-03T02:14:40.000Z","volume":1000,"label":" ","price":6.33},{"type":"A","date":"2018-05-03T02:14:48.000Z","volume":1000,"label":" ","price":6.33},{"type":"A","date":"2018-05-03T02:14:48.000Z","volume":1000,"label":"Y","price":6.33},{"type":"A","date":"2018-05-03T02:14:48.000Z","volume":1000,"label":" ","price":6.33},{"type":"A","date":"2018-05-03T02:15:03.000Z","volume":2000,"label":"Y","price":6.33},{"type":"A","date":"2018-05-03T02:15:03.000Z","volume":1000,"label":"Y","price":6.33},{"type":"A","date":"2018-05-03T02:15:32.000Z","volume":3000,"label":" ","price":6.33},{"type":"A","date":"2018-05-03T02:15:33.000Z","volume":1000,"label":" ","price":6.33},{"type":"A","date":"2018-05-03T02:15:41.000Z","volume":1000,"label":"Y","price":6.33},{"type":"A","date":"2018-05-03T02:15:41.000Z","volume":3000,"label":"Y","price":6.33},{"type":"A","date":"2018-05-03T02:15:41.000Z","volume":22000,"label":" ","price":6.33},{"type":"B","date":"2018-05-03T02:16:03.000Z","volume":2000,"label":" ","price":6.32},{"type":"A","date":"2018-05-03T02:16:03.000Z","volume":2000,"label":"Y","price":6.33},{"type":"A","date":"2018-05-03T02:16:03.000Z","volume":20000,"label":" ","price":6.33},{"type":"A","date":"2018-05-03T02:16:05.000Z","volume":1000,"label":" ","price":6.33},{"type":"A","date":"2018-05-03T02:16:18.000Z","volume":2000,"label":" ","price":6.33},{"type":"A","date":"2018-05-03T02:16:18.000Z","volume":18000,"label":" ","price":6.33},{"type":"A","date":"2018-05-03T02:16:20.000Z","volume":1000,"label":" ","price":6.33},{"type":"A","date":"2018-05-03T02:16:24.000Z","volume":1000,"label":" ","price":6.33},{"type":"A","date":"2018-05-03T02:16:31.000Z","volume":2000,"label":" ","price":6.33},{"type":"A","date":"2018-05-03T02:16:31.000Z","volume":12000,"label":" ","price":6.33},{"type":"A","date":"2018-05-03T02:16:31.000Z","volume":1000,"label":"Y","price":6.33},{"type":"A","date":"2018-05-03T02:16:31.000Z","volume":1000,"label":" ","price":6.33},{"type":"A","date":"2018-05-03T02:16:43.000Z","volume":1000,"label":"Y","price":6.33},{"type":"A","date":"2018-05-03T02:16:43.000Z","volume":2000,"label":"Y","price":6.33},{"type":"A","date":"2018-05-03T02:16:57.000Z","volume":2000,"label":"Y","price":6.33},{"type":"B","date":"2018-05-03T02:16:59.000Z","volume":20000,"label":" ","price":6.32},{"type":"A","date":"2018-05-03T02:17:26.000Z","volume":11000,"label":" ","price":6.33},{"type":"U","date":"2018-05-03T02:17:26.000Z","volume":3000,"label":"X","price":6.33},{"type":"B","date":"2018-05-03T02:17:41.000Z","volume":8000,"label":" ","price":6.32},{"type":"A","date":"2018-05-03T02:17:56.000Z","volume":10000,"label":" ","price":6.33},{"type":"B","date":"2018-05-03T02:18:06.000Z","volume":1000,"label":" ","price":6.32},{"type":"B","date":"2018-05-03T02:18:15.000Z","volume":256000,"label":" ","price":6.32},{"type":"A","date":"2018-05-03T02:18:15.000Z","volume":2000,"label":" ","price":6.32},{"type":"A","date":"2018-05-03T02:18:15.000Z","volume":2000,"label":" ","price":6.32},{"type":"B","date":"2018-05-03T02:18:18.000Z","volume":2000,"label":" ","price":6.31},{"type":"B","date":"2018-05-03T02:18:18.000Z","volume":2000,"label":" ","price":6.31},{"type":"B","date":"2018-05-03T02:18:39.000Z","volume":4000,"label":" ","price":6.31},{"type":"B","date":"2018-05-03T02:18:46.000Z","volume":75000,"label":" ","price":6.31},{"type":"A","date":"2018-05-03T02:18:46.000Z","volume":2000,"label":" ","price":6.31},{"type":"B","date":"2018-05-03T02:18:49.000Z","volume":100000,"label":" ","price":6.3},{"type":"A","date":"2018-05-03T02:18:50.000Z","volume":7000,"label":" ","price":6.31},{"type":"A","date":"2018-05-03T02:18:52.000Z","volume":5000,"label":" ","price":6.31},{"type":"B","date":"2018-05-03T02:19:18.000Z","volume":5000,"label":" ","price":6.3},{"type":"B","date":"2018-05-03T02:19:19.000Z","volume":10000,"label":" ","price":6.3},{"type":"B","date":"2018-05-03T02:19:24.000Z","volume":5000,"label":" ","price":6.3},{"type":"B","date":"2018-05-03T02:20:10.000Z","volume":1000,"label":" ","price":6.3},{"type":"B","date":"2018-05-03T02:20:12.000Z","volume":6000,"label":" ","price":6.3},{"type":"B","date":"2018-05-03T02:20:26.000Z","volume":10000,"label":" ","price":6.3},{"type":"A","date":"2018-05-03T02:20:26.000Z","volume":1000,"label":" ","price":6.31},{"type":"A","date":"2018-05-03T02:22:11.000Z","volume":1000,"label":" ","price":6.31},{"type":"B","date":"2018-05-03T02:23:30.000Z","volume":4000,"label":" ","price":6.3},{"type":"B","date":"2018-05-03T02:24:25.000Z","volume":2000,"label":" ","price":6.3},{"type":"A","date":"2018-05-03T02:24:26.000Z","volume":1000,"label":" ","price":6.31},{"type":"A","date":"2018-05-03T02:25:03.000Z","volume":4000,"label":" ","price":6.31},{"type":"A","date":"2018-05-03T02:25:09.000Z","volume":1000,"label":" ","price":6.31},{"type":"A","date":"2018-05-03T02:25:13.000Z","volume":3000,"label":" ","price":6.31},{"type":"A","date":"2018-05-03T02:25:21.000Z","volume":3000,"label":"Y","price":6.31},{"type":"A","date":"2018-05-03T02:25:24.000Z","volume":1000,"label":"Y","price":6.31},{"type":"A","date":"2018-05-03T02:25:27.000Z","volume":2000,"label":"Y","price":6.31},{"type":"B","date":"2018-05-03T02:25:32.000Z","volume":1000,"label":" ","price":6.3},{"type":"A","date":"2018-05-03T02:25:33.000Z","volume":2000,"label":"Y","price":6.31},{"type":"A","date":"2018-05-03T02:25:38.000Z","volume":1000,"label":"Y","price":6.31},{"type":"A","date":"2018-05-03T02:25:39.000Z","volume":1000,"label":"Y","price":6.31},{"type":"A","date":"2018-05-03T02:25:43.000Z","volume":2000,"label":"Y","price":6.31},{"type":"A","date":"2018-05-03T02:25:53.000Z","volume":3000,"label":"Y","price":6.31},{"type":"A","date":"2018-05-03T02:25:54.000Z","volume":1000,"label":"Y","price":6.31},{"type":"U","date":"2018-05-03T02:25:59.000Z","volume":440,"label":"D","price":6.3},{"type":"A","date":"2018-05-03T02:26:01.000Z","volume":2000,"label":" ","price":6.31},{"type":"A","date":"2018-05-03T02:26:01.000Z","volume":3000,"label":"Y","price":6.31},{"type":"A","date":"2018-05-03T02:26:05.000Z","volume":9000,"label":" ","price":6.31},{"type":"U","date":"2018-05-03T02:26:05.000Z","volume":5000,"label":"X","price":6.31},{"type":"A","date":"2018-05-03T02:26:13.000Z","volume":2000,"label":"Y","price":6.31},{"type":"A","date":"2018-05-03T02:26:33.000Z","volume":2000,"label":"Y","price":6.31},{"type":"A","date":"2018-05-03T02:26:39.000Z","volume":1000,"label":"Y","price":6.31},{"type":"A","date":"2018-05-03T02:26:44.000Z","volume":1000,"label":"Y","price":6.31},{"type":"A","date":"2018-05-03T02:26:53.000Z","volume":2000,"label":"Y","price":6.31},{"type":"A","date":"2018-05-03T02:27:06.000Z","volume":2000,"label":"Y","price":6.31},{"type":"A","date":"2018-05-03T02:27:13.000Z","volume":1000,"label":"Y","price":6.31},{"type":"A","date":"2018-05-03T02:27:13.000Z","volume":17000,"label":" ","price":6.31},{"type":"A","date":"2018-05-03T02:27:13.000Z","volume":4000,"label":" ","price":6.31},{"type":"A","date":"2018-05-03T02:27:13.000Z","volume":1000,"label":" ","price":6.31},{"type":"A","date":"2018-05-03T02:27:18.000Z","volume":3000,"label":"Y","price":6.31},{"type":"B","date":"2018-05-03T02:27:26.000Z","volume":100000,"label":" ","price":6.3},{"type":"A","date":"2018-05-03T02:27:27.000Z","volume":7000,"label":" ","price":6.31},{"type":"A","date":"2018-05-03T02:27:29.000Z","volume":5000,"label":" ","price":6.31},{"type":"A","date":"2018-05-03T02:27:36.000Z","volume":2000,"label":" ","price":6.31},{"type":"A","date":"2018-05-03T02:27:56.000Z","volume":1000,"label":" ","price":6.31},{"type":"B","date":"2018-05-03T02:28:02.000Z","volume":10000,"label":" ","price":6.3},{"type":"B","date":"2018-05-03T02:28:30.000Z","volume":200000,"label":" ","price":6.3},{"type":"B","date":"2018-05-03T02:28:30.000Z","volume":22000,"label":" ","price":6.3},{"type":"A","date":"2018-05-03T02:28:31.000Z","volume":13000,"label":" ","price":6.31},{"type":"A","date":"2018-05-03T02:28:32.000Z","volume":2000,"label":"Y","price":6.31},{"type":"A","date":"2018-05-03T02:28:32.000Z","volume":2000,"label":" ","price":6.31},{"type":"A","date":"2018-05-03T02:28:39.000Z","volume":3000,"label":" ","price":6.3},{"type":"B","date":"2018-05-03T02:28:42.000Z","volume":3000,"label":" ","price":6.29},{"type":"B","date":"2018-05-03T02:28:50.000Z","volume":5000,"label":" ","price":6.29},{"type":"A","date":"2018-05-03T02:28:50.000Z","volume":5000,"label":" ","price":6.3},{"type":"B","date":"2018-05-03T02:29:02.000Z","volume":100000,"label":" ","price":6.29},{"type":"B","date":"2018-05-03T02:29:02.000Z","volume":42000,"label":" ","price":6.29},{"type":"B","date":"2018-05-03T02:29:38.000Z","volume":5000,"label":" ","price":6.28},{"type":"B","date":"2018-05-03T02:29:50.000Z","volume":1000,"label":" ","price":6.28},{"type":"B","date":"2018-05-03T02:29:58.000Z","volume":20000,"label":" ","price":6.28},{"type":"A","date":"2018-05-03T02:30:01.000Z","volume":4000,"label":" ","price":6.29},{"type":"B","date":"2018-05-03T02:30:08.000Z","volume":20000,"label":" ","price":6.28},{"type":"B","date":"2018-05-03T02:30:17.000Z","volume":97000,"label":" ","price":6.28},{"type":"B","date":"2018-05-03T02:30:18.000Z","volume":2000,"label":" ","price":6.27},{"type":"B","date":"2018-05-03T02:30:18.000Z","volume":1000,"label":"Y","price":6.27},{"type":"B","date":"2018-05-03T02:30:18.000Z","volume":1000,"label":" ","price":6.27},{"type":"B","date":"2018-05-03T02:31:19.000Z","volume":4000,"label":" ","price":6.27},{"type":"B","date":"2018-05-03T02:31:35.000Z","volume":46000,"label":" ","price":6.27},{"type":"B","date":"2018-05-03T02:31:35.000Z","volume":35000,"label":" ","price":6.27},{"type":"B","date":"2018-05-03T02:33:06.000Z","volume":1000,"label":" ","price":6.27},{"type":"B","date":"2018-05-03T02:33:12.000Z","volume":20000,"label":" ","price":6.27},{"type":"B","date":"2018-05-03T02:33:26.000Z","volume":26000,"label":" ","price":6.27},{"type":"B","date":"2018-05-03T02:33:27.000Z","volume":38000,"label":"Y","price":6.27},{"type":"B","date":"2018-05-03T02:33:27.000Z","volume":5000,"label":" ","price":6.27},{"type":"B","date":"2018-05-03T02:33:28.000Z","volume":2000,"label":" ","price":6.27},{"type":"A","date":"2018-05-03T02:33:32.000Z","volume":8000,"label":" ","price":6.28},{"type":"B","date":"2018-05-03T02:34:02.000Z","volume":10000,"label":" ","price":6.27},{"type":"A","date":"2018-05-03T02:34:12.000Z","volume":1000,"label":" ","price":6.28},{"type":"B","date":"2018-05-03T02:34:13.000Z","volume":2000,"label":" ","price":6.27},{"type":"B","date":"2018-05-03T02:34:31.000Z","volume":8000,"label":" ","price":6.27},{"type":"B","date":"2018-05-03T02:35:01.000Z","volume":15000,"label":" ","price":6.27},{"type":"B","date":"2018-05-03T02:35:01.000Z","volume":26000,"label":" ","price":6.27},{"type":"B","date":"2018-05-03T02:35:01.000Z","volume":1000,"label":" ","price":6.27},{"type":"A","date":"2018-05-03T02:35:24.000Z","volume":1000,"label":" ","price":6.28},{"type":"B","date":"2018-05-03T02:35:34.000Z","volume":10000,"label":" ","price":6.27},{"type":"B","date":"2018-05-03T02:36:19.000Z","volume":75000,"label":"Y","price":6.27},{"type":"B","date":"2018-05-03T02:36:19.000Z","volume":22000,"label":" ","price":6.27},{"type":"A","date":"2018-05-03T02:36:20.000Z","volume":5000,"label":" ","price":6.28},{"type":"B","date":"2018-05-03T02:36:25.000Z","volume":10000,"label":" ","price":6.27},{"type":"A","date":"2018-05-03T02:36:28.000Z","volume":4000,"label":" ","price":6.28},{"type":"B","date":"2018-05-03T02:37:14.000Z","volume":3000,"label":" ","price":6.27},{"type":"B","date":"2018-05-03T02:37:19.000Z","volume":22000,"label":" ","price":6.27},{"type":"B","date":"2018-05-03T02:37:22.000Z","volume":1000,"label":" ","price":6.27},{"type":"B","date":"2018-05-03T02:37:22.000Z","volume":100000,"label":" ","price":6.27},{"type":"B","date":"2018-05-03T02:37:22.000Z","volume":26000,"label":" ","price":6.27},{"type":"A","date":"2018-05-03T02:37:22.000Z","volume":2000,"label":" ","price":6.27},{"type":"A","date":"2018-05-03T02:37:22.000Z","volume":1000,"label":" ","price":6.27},{"type":"A","date":"2018-05-03T02:37:22.000Z","volume":206000,"label":" ","price":6.27},{"type":"A","date":"2018-05-03T02:37:22.000Z","volume":47000,"label":" ","price":6.27},{"type":"A","date":"2018-05-03T02:37:23.000Z","volume":28000,"label":" ","price":6.28},{"type":"A","date":"2018-05-03T02:37:26.000Z","volume":11000,"label":" ","price":6.28},{"type":"A","date":"2018-05-03T02:37:28.000Z","volume":6000,"label":" ","price":6.28},{"type":"A","date":"2018-05-03T02:37:31.000Z","volume":5000,"label":" ","price":6.27},{"type":"B","date":"2018-05-03T02:37:40.000Z","volume":1000,"label":" ","price":6.26},{"type":"A","date":"2018-05-03T02:38:03.000Z","volume":20000,"label":" ","price":6.27},{"type":"A","date":"2018-05-03T02:38:03.000Z","volume":5000,"label":" ","price":6.27},{"type":"B","date":"2018-05-03T02:38:33.000Z","volume":10000,"label":" ","price":6.26},{"type":"B","date":"2018-05-03T02:38:46.000Z","volume":1000,"label":"Y","price":6.26},{"type":"B","date":"2018-05-03T02:38:46.000Z","volume":99000,"label":" ","price":6.26},{"type":"B","date":"2018-05-03T02:38:46.000Z","volume":8000,"label":" ","price":6.26},{"type":"B","date":"2018-05-03T02:39:35.000Z","volume":4000,"label":" ","price":6.25},{"type":"B","date":"2018-05-03T02:39:35.000Z","volume":2000,"label":" ","price":6.25},{"type":"B","date":"2018-05-03T02:39:38.000Z","volume":10000,"label":" ","price":6.25},{"type":"B","date":"2018-05-03T02:40:00.000Z","volume":5000,"label":" ","price":6.25},{"type":"U","date":"2018-05-03T02:40:02.000Z","volume":10000,"label":" ","price":6.26},{"type":"B","date":"2018-05-03T02:40:03.000Z","volume":145000,"label":" ","price":6.25},{"type":"A","date":"2018-05-03T02:40:08.000Z","volume":53000,"label":" ","price":6.25},{"type":"B","date":"2018-05-03T02:40:22.000Z","volume":46000,"label":" ","price":6.25},{"type":"B","date":"2018-05-03T02:40:33.000Z","volume":2000,"label":" ","price":6.25},{"type":"B","date":"2018-05-03T02:40:33.000Z","volume":2000,"label":" ","price":6.25},{"type":"B","date":"2018-05-03T02:40:43.000Z","volume":30000,"label":" ","price":6.25},{"type":"B","date":"2018-05-03T02:41:14.000Z","volume":1000,"label":"Y","price":6.25},{"type":"B","date":"2018-05-03T02:41:14.000Z","volume":2000,"label":" ","price":6.25},{"type":"B","date":"2018-05-03T02:41:20.000Z","volume":4000,"label":" ","price":6.25},{"type":"B","date":"2018-05-03T02:41:27.000Z","volume":1000,"label":" ","price":6.25},{"type":"B","date":"2018-05-03T02:41:37.000Z","volume":200000,"label":" ","price":6.25},{"type":"B","date":"2018-05-03T02:41:37.000Z","volume":48000,"label":" ","price":6.25},{"type":"A","date":"2018-05-03T02:41:41.000Z","volume":6000,"label":" ","price":6.26},{"type":"U","date":"2018-05-03T02:41:42.000Z","volume":1000,"label":" ","price":6.25},{"type":"U","date":"2018-05-03T02:42:33.000Z","volume":14000,"label":"X","price":6.255},{"type":"A","date":"2018-05-03T02:42:50.000Z","volume":40000,"label":" ","price":6.26},{"type":"A","date":"2018-05-03T02:42:50.000Z","volume":59000,"label":" ","price":6.26},{"type":"A","date":"2018-05-03T02:42:50.000Z","volume":131000,"label":" ","price":6.26},{"type":"A","date":"2018-05-03T02:42:50.000Z","volume":104000,"label":" ","price":6.26},{"type":"A","date":"2018-05-03T02:42:50.000Z","volume":9000,"label":" ","price":6.26},{"type":"A","date":"2018-05-03T02:42:50.000Z","volume":1000,"label":" ","price":6.27},{"type":"A","date":"2018-05-03T02:42:51.000Z","volume":1000,"label":"Y","price":6.27},{"type":"A","date":"2018-05-03T02:42:51.000Z","volume":7000,"label":" ","price":6.27},{"type":"A","date":"2018-05-03T02:42:51.000Z","volume":13000,"label":" ","price":6.27},{"type":"A","date":"2018-05-03T02:42:52.000Z","volume":40000,"label":" ","price":6.27},{"type":"B","date":"2018-05-03T02:42:53.000Z","volume":14000,"label":" ","price":6.25},{"type":"A","date":"2018-05-03T02:42:53.000Z","volume":11000,"label":" ","price":6.27},{"type":"A","date":"2018-05-03T02:42:55.000Z","volume":7000,"label":" ","price":6.27},{"type":"A","date":"2018-05-03T02:42:58.000Z","volume":6000,"label":" ","price":6.27},{"type":"A","date":"2018-05-03T02:43:00.000Z","volume":5000,"label":" ","price":6.27},{"type":"A","date":"2018-05-03T02:43:00.000Z","volume":4000,"label":" ","price":6.27},{"type":"A","date":"2018-05-03T02:43:02.000Z","volume":6000,"label":" ","price":6.27},{"type":"A","date":"2018-05-03T02:43:05.000Z","volume":3000,"label":"Y","price":6.27},{"type":"A","date":"2018-05-03T02:43:05.000Z","volume":2000,"label":" ","price":6.27},{"type":"A","date":"2018-05-03T02:43:34.000Z","volume":1000,"label":" ","price":6.27},{"type":"A","date":"2018-05-03T02:44:00.000Z","volume":1000,"label":"Y","price":6.27},{"type":"A","date":"2018-05-03T02:44:00.000Z","volume":4000,"label":" ","price":6.27},{"type":"A","date":"2018-05-03T02:44:01.000Z","volume":2000,"label":" ","price":6.27},{"type":"A","date":"2018-05-03T02:44:03.000Z","volume":1000,"label":"Y","price":6.27},{"type":"A","date":"2018-05-03T02:44:03.000Z","volume":1000,"label":" ","price":6.27},{"type":"A","date":"2018-05-03T02:44:16.000Z","volume":2000,"label":"Y","price":6.27},{"type":"A","date":"2018-05-03T02:44:16.000Z","volume":2000,"label":" ","price":6.27},{"type":"A","date":"2018-05-03T02:44:34.000Z","volume":3000,"label":" ","price":6.27},{"type":"A","date":"2018-05-03T02:44:35.000Z","volume":5000,"label":"Y","price":6.27},{"type":"A","date":"2018-05-03T02:44:38.000Z","volume":4000,"label":"Y","price":6.27},{"type":"A","date":"2018-05-03T02:44:39.000Z","volume":4000,"label":" ","price":6.27},{"type":"A","date":"2018-05-03T02:44:41.000Z","volume":4000,"label":"Y","price":6.27},{"type":"A","date":"2018-05-03T02:44:41.000Z","volume":1000,"label":" ","price":6.27},{"type":"A","date":"2018-05-03T02:46:11.000Z","volume":1000,"label":" ","price":6.27},{"type":"B","date":"2018-05-03T02:46:38.000Z","volume":2000,"label":" ","price":6.26},{"type":"A","date":"2018-05-03T02:46:51.000Z","volume":7000,"label":" ","price":6.27},{"type":"U","date":"2018-05-03T02:46:51.000Z","volume":7000,"label":"X","price":6.27},{"type":"A","date":"2018-05-03T02:47:14.000Z","volume":3000,"label":" ","price":6.27},{"type":"A","date":"2018-05-03T02:47:49.000Z","volume":15000,"label":" ","price":6.27},{"type":"A","date":"2018-05-03T02:47:49.000Z","volume":1000,"label":" ","price":6.27},{"type":"A","date":"2018-05-03T02:47:49.000Z","volume":4000,"label":" ","price":6.27},{"type":"A","date":"2018-05-03T02:47:49.000Z","volume":11000,"label":"Y","price":6.27},{"type":"A","date":"2018-05-03T02:47:49.000Z","volume":9000,"label":" ","price":6.27},{"type":"A","date":"2018-05-03T02:47:50.000Z","volume":8000,"label":" ","price":6.27},{"type":"A","date":"2018-05-03T02:47:53.000Z","volume":5000,"label":" ","price":6.27},{"type":"A","date":"2018-05-03T02:47:56.000Z","volume":5000,"label":" ","price":6.27},{"type":"A","date":"2018-05-03T02:47:58.000Z","volume":5000,"label":" ","price":6.27},{"type":"A","date":"2018-05-03T02:47:59.000Z","volume":5000,"label":" ","price":6.27},{"type":"A","date":"2018-05-03T02:47:59.000Z","volume":1000,"label":" ","price":6.27},{"type":"A","date":"2018-05-03T02:48:07.000Z","volume":1000,"label":" ","price":6.27},{"type":"B","date":"2018-05-03T02:48:23.000Z","volume":100000,"label":" ","price":6.27},{"type":"A","date":"2018-05-03T02:48:23.000Z","volume":2000,"label":" ","price":6.28},{"type":"B","date":"2018-05-03T02:48:26.000Z","volume":57000,"label":" ","price":6.27},{"type":"A","date":"2018-05-03T02:48:26.000Z","volume":6000,"label":" ","price":6.27},{"type":"A","date":"2018-05-03T02:48:28.000Z","volume":2000,"label":" ","price":6.27},{"type":"A","date":"2018-05-03T02:48:45.000Z","volume":6000,"label":" ","price":6.27},{"type":"B","date":"2018-05-03T02:49:05.000Z","volume":33000,"label":" ","price":6.26},{"type":"B","date":"2018-05-03T02:51:09.000Z","volume":100000,"label":" ","price":6.26},{"type":"A","date":"2018-05-03T02:51:14.000Z","volume":4000,"label":" ","price":6.27},{"type":"A","date":"2018-05-03T02:51:14.000Z","volume":2000,"label":" ","price":6.27},{"type":"U","date":"2018-05-03T02:51:37.000Z","volume":2000,"label":"X","price":6.27},{"type":"B","date":"2018-05-03T02:51:51.000Z","volume":5000,"label":" ","price":6.26},{"type":"B","date":"2018-05-03T02:52:38.000Z","volume":99000,"label":" ","price":6.26},{"type":"A","date":"2018-05-03T02:52:38.000Z","volume":1000,"label":" ","price":6.27},{"type":"B","date":"2018-05-03T02:52:39.000Z","volume":17000,"label":" ","price":6.26},{"type":"A","date":"2018-05-03T02:52:40.000Z","volume":1000,"label":" ","price":6.27},{"type":"B","date":"2018-05-03T02:54:13.000Z","volume":40000,"label":" ","price":6.26},{"type":"A","date":"2018-05-03T02:55:22.000Z","volume":1000,"label":" ","price":6.27},{"type":"A","date":"2018-05-03T02:57:11.000Z","volume":1000,"label":" ","price":6.27},{"type":"A","date":"2018-05-03T02:57:28.000Z","volume":2000,"label":" ","price":6.27},{"type":"A","date":"2018-05-03T02:58:08.000Z","volume":3000,"label":" ","price":6.27},{"type":"A","date":"2018-05-03T02:58:18.000Z","volume":2000,"label":" ","price":6.27},{"type":"A","date":"2018-05-03T02:58:24.000Z","volume":1000,"label":" ","price":6.27},{"type":"A","date":"2018-05-03T02:58:28.000Z","volume":2000,"label":" ","price":6.27},{"type":"A","date":"2018-05-03T02:58:48.000Z","volume":3000,"label":" ","price":6.27},{"type":"A","date":"2018-05-03T02:58:48.000Z","volume":21000,"label":" ","price":6.27},{"type":"A","date":"2018-05-03T02:58:50.000Z","volume":12000,"label":" ","price":6.27},{"type":"U","date":"2018-05-03T02:58:50.000Z","volume":2000,"label":"X","price":6.27},{"type":"A","date":"2018-05-03T02:58:59.000Z","volume":1000,"label":" ","price":6.27},{"type":"A","date":"2018-05-03T02:58:59.000Z","volume":18000,"label":" ","price":6.27},{"type":"A","date":"2018-05-03T02:59:12.000Z","volume":3000,"label":" ","price":6.27},{"type":"A","date":"2018-05-03T02:59:12.000Z","volume":18000,"label":" ","price":6.27},{"type":"A","date":"2018-05-03T02:59:23.000Z","volume":2000,"label":"Y","price":6.27},{"type":"A","date":"2018-05-03T02:59:23.000Z","volume":16000,"label":" ","price":6.27},{"type":"A","date":"2018-05-03T02:59:23.000Z","volume":6000,"label":" ","price":6.27},{"type":"A","date":"2018-05-03T02:59:23.000Z","volume":4000,"label":" ","price":6.27},{"type":"A","date":"2018-05-03T02:59:24.000Z","volume":1000,"label":" ","price":6.27},{"type":"A","date":"2018-05-03T02:59:34.000Z","volume":2000,"label":" ","price":6.27},{"type":"A","date":"2018-05-03T02:59:34.000Z","volume":16000,"label":" ","price":6.27},{"type":"A","date":"2018-05-03T02:59:34.000Z","volume":1000,"label":" ","price":6.27},{"type":"A","date":"2018-05-03T02:59:34.000Z","volume":2000,"label":" ","price":6.27},{"type":"A","date":"2018-05-03T02:59:34.000Z","volume":5000,"label":" ","price":6.27},{"type":"A","date":"2018-05-03T02:59:43.000Z","volume":50000,"label":" ","price":6.27},{"type":"A","date":"2018-05-03T02:59:44.000Z","volume":3000,"label":" ","price":6.27},{"type":"A","date":"2018-05-03T02:59:44.000Z","volume":7000,"label":" ","price":6.27},{"type":"A","date":"2018-05-03T02:59:55.000Z","volume":3000,"label":" ","price":6.27},{"type":"A","date":"2018-05-03T02:59:55.000Z","volume":13000,"label":" ","price":6.27},{"type":"A","date":"2018-05-03T03:00:01.000Z","volume":1000,"label":" ","price":6.27},{"type":"A","date":"2018-05-03T03:00:09.000Z","volume":2000,"label":" ","price":6.27},{"type":"A","date":"2018-05-03T03:00:09.000Z","volume":11000,"label":" ","price":6.27},{"type":"A","date":"2018-05-03T03:00:12.000Z","volume":1000,"label":" ","price":6.27},{"type":"A","date":"2018-05-03T03:00:18.000Z","volume":3000,"label":" ","price":6.27},{"type":"A","date":"2018-05-03T03:00:18.000Z","volume":3000,"label":"Y","price":6.27},{"type":"A","date":"2018-05-03T03:00:18.000Z","volume":3000,"label":" ","price":6.27},{"type":"A","date":"2018-05-03T03:00:18.000Z","volume":13000,"label":"Y","price":6.27},{"type":"A","date":"2018-05-03T03:00:18.000Z","volume":15000,"label":" ","price":6.27},{"type":"A","date":"2018-05-03T03:00:19.000Z","volume":6000,"label":" ","price":6.27},{"type":"A","date":"2018-05-03T03:00:20.000Z","volume":7000,"label":" ","price":6.27},{"type":"A","date":"2018-05-03T03:00:20.000Z","volume":2000,"label":" ","price":6.27},{"type":"A","date":"2018-05-03T03:00:23.000Z","volume":4000,"label":" ","price":6.27},{"type":"A","date":"2018-05-03T03:00:24.000Z","volume":2000,"label":" ","price":6.27},{"type":"A","date":"2018-05-03T03:00:26.000Z","volume":6000,"label":" ","price":6.27},{"type":"B","date":"2018-05-03T03:00:26.000Z","volume":8000,"label":" ","price":6.27},{"type":"A","date":"2018-05-03T03:01:08.000Z","volume":3000,"label":" ","price":6.28},{"type":"A","date":"2018-05-03T03:01:24.000Z","volume":1000,"label":" ","price":6.28},{"type":"U","date":"2018-05-03T03:01:30.000Z","volume":779,"label":"D","price":6.28},{"type":"B","date":"2018-05-03T03:01:50.000Z","volume":170000,"label":" ","price":6.27},{"type":"B","date":"2018-05-03T03:01:50.000Z","volume":5000,"label":" ","price":6.27},{"type":"B","date":"2018-05-03T03:01:50.000Z","volume":3000,"label":" ","price":6.27},{"type":"B","date":"2018-05-03T03:01:50.000Z","volume":1000,"label":" ","price":6.27},{"type":"B","date":"2018-05-03T03:01:50.000Z","volume":1000,"label":" ","price":6.27},{"type":"B","date":"2018-05-03T03:01:50.000Z","volume":3000,"label":" ","price":6.27},{"type":"B","date":"2018-05-03T03:04:00.000Z","volume":20000,"label":" ","price":6.27},{"type":"B","date":"2018-05-03T03:05:15.000Z","volume":2000,"label":" ","price":6.27},{"type":"A","date":"2018-05-03T03:05:51.000Z","volume":1000,"label":" ","price":6.28},{"type":"A","date":"2018-05-03T03:06:16.000Z","volume":4000,"label":" ","price":6.28},{"type":"A","date":"2018-05-03T03:07:03.000Z","volume":1000,"label":" ","price":6.28},{"type":"A","date":"2018-05-03T03:07:28.000Z","volume":3000,"label":" ","price":6.28},{"type":"A","date":"2018-05-03T03:07:38.000Z","volume":2000,"label":" ","price":6.28},{"type":"A","date":"2018-05-03T03:07:52.000Z","volume":3000,"label":" ","price":6.28},{"type":"A","date":"2018-05-03T03:08:03.000Z","volume":3000,"label":" ","price":6.28},{"type":"A","date":"2018-05-03T03:08:05.000Z","volume":1000,"label":" ","price":6.28},{"type":"U","date":"2018-05-03T03:08:07.000Z","volume":1000,"label":"X","price":6.275},{"type":"A","date":"2018-05-03T03:08:30.000Z","volume":3000,"label":" ","price":6.28},{"type":"A","date":"2018-05-03T03:08:48.000Z","volume":2000,"label":" ","price":6.28},{"type":"A","date":"2018-05-03T03:08:56.000Z","volume":4000,"label":" ","price":6.28},{"type":"A","date":"2018-05-03T03:09:03.000Z","volume":2000,"label":" ","price":6.28},{"type":"A","date":"2018-05-03T03:09:33.000Z","volume":3000,"label":" ","price":6.28},{"type":"A","date":"2018-05-03T03:09:44.000Z","volume":1000,"label":" ","price":6.28},{"type":"A","date":"2018-05-03T03:09:48.000Z","volume":2000,"label":" ","price":6.28},{"type":"A","date":"2018-05-03T03:10:03.000Z","volume":2000,"label":" ","price":6.28},{"type":"A","date":"2018-05-03T03:10:24.000Z","volume":1000,"label":" ","price":6.28},{"type":"A","date":"2018-05-03T03:10:27.000Z","volume":3000,"label":" ","price":6.28},{"type":"A","date":"2018-05-03T03:10:40.000Z","volume":2000,"label":" ","price":6.28},{"type":"A","date":"2018-05-03T03:10:49.000Z","volume":1000,"label":" ","price":6.28},{"type":"A","date":"2018-05-03T03:10:50.000Z","volume":1000,"label":" ","price":6.28},{"type":"A","date":"2018-05-03T03:11:04.000Z","volume":1000,"label":" ","price":6.28},{"type":"A","date":"2018-05-03T03:11:08.000Z","volume":3000,"label":" ","price":6.28},{"type":"A","date":"2018-05-03T03:11:08.000Z","volume":1000,"label":" ","price":6.28},{"type":"A","date":"2018-05-03T03:11:21.000Z","volume":2000,"label":" ","price":6.28},{"type":"A","date":"2018-05-03T03:11:34.000Z","volume":2000,"label":" ","price":6.28},{"type":"A","date":"2018-05-03T03:11:49.000Z","volume":2000,"label":" ","price":6.28},{"type":"A","date":"2018-05-03T03:12:02.000Z","volume":10000,"label":" ","price":6.28},{"type":"A","date":"2018-05-03T03:12:02.000Z","volume":3000,"label":" ","price":6.28},{"type":"A","date":"2018-05-03T03:12:18.000Z","volume":2000,"label":" ","price":6.28},{"type":"B","date":"2018-05-03T03:12:32.000Z","volume":3000,"label":" ","price":6.27},{"type":"A","date":"2018-05-03T03:12:38.000Z","volume":1000,"label":" ","price":6.28},{"type":"B","date":"2018-05-03T03:12:48.000Z","volume":3000,"label":" ","price":6.27},{"type":"A","date":"2018-05-03T03:12:48.000Z","volume":1000,"label":" ","price":6.28},{"type":"A","date":"2018-05-03T03:12:49.000Z","volume":2000,"label":" ","price":6.28},{"type":"U","date":"2018-05-03T03:12:55.000Z","volume":775,"label":"D","price":6.2},{"type":"A","date":"2018-05-03T03:13:08.000Z","volume":2000,"label":" ","price":6.28},{"type":"A","date":"2018-05-03T03:13:28.000Z","volume":2000,"label":" ","price":6.28},{"type":"A","date":"2018-05-03T03:13:32.000Z","volume":1000,"label":" ","price":6.28},{"type":"A","date":"2018-05-03T03:13:48.000Z","volume":2000,"label":" ","price":6.28},{"type":"A","date":"2018-05-03T03:14:06.000Z","volume":1000,"label":" ","price":6.28},{"type":"A","date":"2018-05-03T03:14:14.000Z","volume":1000,"label":" ","price":6.28},{"type":"A","date":"2018-05-03T03:14:14.000Z","volume":3000,"label":" ","price":6.28},{"type":"A","date":"2018-05-03T03:14:26.000Z","volume":2000,"label":" ","price":6.28},{"type":"A","date":"2018-05-03T03:14:27.000Z","volume":1000,"label":" ","price":6.28},{"type":"A","date":"2018-05-03T03:14:38.000Z","volume":2000,"label":" ","price":6.28},{"type":"A","date":"2018-05-03T03:14:49.000Z","volume":1000,"label":" ","price":6.28},{"type":"A","date":"2018-05-03T03:15:02.000Z","volume":3000,"label":" ","price":6.28},{"type":"A","date":"2018-05-03T03:15:12.000Z","volume":2000,"label":" ","price":6.28},{"type":"A","date":"2018-05-03T03:15:22.000Z","volume":1000,"label":" ","price":6.28},{"type":"A","date":"2018-05-03T03:15:33.000Z","volume":3000,"label":" ","price":6.28},{"type":"A","date":"2018-05-03T03:15:41.000Z","volume":1000,"label":" ","price":6.28},{"type":"A","date":"2018-05-03T03:15:45.000Z","volume":2000,"label":" ","price":6.28},{"type":"A","date":"2018-05-03T03:15:54.000Z","volume":1000,"label":" ","price":6.28},{"type":"A","date":"2018-05-03T03:15:57.000Z","volume":2000,"label":" ","price":6.28},{"type":"B","date":"2018-05-03T03:16:10.000Z","volume":1000,"label":" ","price":6.27},{"type":"A","date":"2018-05-03T03:16:16.000Z","volume":2000,"label":" ","price":6.28},{"type":"A","date":"2018-05-03T03:16:16.000Z","volume":1000,"label":" ","price":6.28},{"type":"A","date":"2018-05-03T03:16:24.000Z","volume":1000,"label":" ","price":6.28},{"type":"A","date":"2018-05-03T03:16:24.000Z","volume":2000,"label":" ","price":6.28},{"type":"A","date":"2018-05-03T03:16:33.000Z","volume":2000,"label":" ","price":6.28},{"type":"A","date":"2018-05-03T03:16:42.000Z","volume":1000,"label":" ","price":6.28},{"type":"A","date":"2018-05-03T03:16:43.000Z","volume":2000,"label":" ","price":6.28},{"type":"B","date":"2018-05-03T03:16:48.000Z","volume":2000,"label":" ","price":6.27},{"type":"A","date":"2018-05-03T03:16:50.000Z","volume":1000,"label":" ","price":6.28},{"type":"A","date":"2018-05-03T03:16:52.000Z","volume":4000,"label":" ","price":6.28},{"type":"A","date":"2018-05-03T03:17:03.000Z","volume":3000,"label":" ","price":6.28},{"type":"B","date":"2018-05-03T03:17:04.000Z","volume":2000,"label":" ","price":6.27},{"type":"A","date":"2018-05-03T03:17:26.000Z","volume":2000,"label":" ","price":6.28},{"type":"A","date":"2018-05-03T03:17:49.000Z","volume":1000,"label":" ","price":6.28},{"type":"A","date":"2018-05-03T03:18:13.000Z","volume":3000,"label":" ","price":6.28},{"type":"A","date":"2018-05-03T03:18:34.000Z","volume":2000,"label":" ","price":6.28},{"type":"A","date":"2018-05-03T03:18:36.000Z","volume":1000,"label":" ","price":6.28},{"type":"A","date":"2018-05-03T03:18:48.000Z","volume":1000,"label":" ","price":6.28},{"type":"A","date":"2018-05-03T03:18:50.000Z","volume":5000,"label":" ","price":6.28},{"type":"A","date":"2018-05-03T03:18:59.000Z","volume":1000,"label":" ","price":6.28},{"type":"A","date":"2018-05-03T03:18:59.000Z","volume":1000,"label":" ","price":6.28},{"type":"A","date":"2018-05-03T03:19:16.000Z","volume":3000,"label":" ","price":6.28},{"type":"A","date":"2018-05-03T03:19:25.000Z","volume":8000,"label":" ","price":6.28},{"type":"A","date":"2018-05-03T03:19:33.000Z","volume":2000,"label":" ","price":6.28},{"type":"A","date":"2018-05-03T03:19:48.000Z","volume":2000,"label":" ","price":6.28},{"type":"A","date":"2018-05-03T03:19:48.000Z","volume":1000,"label":" ","price":6.28},{"type":"A","date":"2018-05-03T03:20:15.000Z","volume":1000,"label":" ","price":6.28},{"type":"A","date":"2018-05-03T03:20:18.000Z","volume":3000,"label":" ","price":6.28},{"type":"A","date":"2018-05-03T03:20:20.000Z","volume":5000,"label":" ","price":6.28},{"type":"U","date":"2018-05-03T03:20:31.000Z","volume":666,"label":"D","price":6.29},{"type":"A","date":"2018-05-03T03:20:37.000Z","volume":5000,"label":" ","price":6.28},{"type":"A","date":"2018-05-03T03:20:37.000Z","volume":1000,"label":" ","price":6.28},{"type":"A","date":"2018-05-03T03:20:37.000Z","volume":1000,"label":" ","price":6.28},{"type":"B","date":"2018-05-03T03:20:47.000Z","volume":11000,"label":" ","price":6.27},{"type":"A","date":"2018-05-03T03:20:48.000Z","volume":3000,"label":" ","price":6.28},{"type":"A","date":"2018-05-03T03:21:04.000Z","volume":2000,"label":" ","price":6.28},{"type":"B","date":"2018-05-03T03:21:20.000Z","volume":3000,"label":" ","price":6.27},{"type":"A","date":"2018-05-03T03:21:32.000Z","volume":4000,"label":" ","price":6.28},{"type":"A","date":"2018-05-03T03:21:34.000Z","volume":1000,"label":" ","price":6.28},{"type":"A","date":"2018-05-03T03:21:43.000Z","volume":1000,"label":" ","price":6.28},{"type":"A","date":"2018-05-03T03:21:52.000Z","volume":3000,"label":" ","price":6.28},{"type":"A","date":"2018-05-03T03:21:59.000Z","volume":1000,"label":" ","price":6.28},{"type":"A","date":"2018-05-03T03:22:13.000Z","volume":2000,"label":" ","price":6.28},{"type":"B","date":"2018-05-03T03:22:20.000Z","volume":4000,"label":" ","price":6.27},{"type":"A","date":"2018-05-03T03:22:29.000Z","volume":1000,"label":" ","price":6.28},{"type":"A","date":"2018-05-03T03:22:39.000Z","volume":1000,"label":" ","price":6.28},{"type":"A","date":"2018-05-03T03:22:43.000Z","volume":2000,"label":" ","price":6.28},{"type":"A","date":"2018-05-03T03:23:16.000Z","volume":3000,"label":" ","price":6.28},{"type":"A","date":"2018-05-03T03:23:24.000Z","volume":1000,"label":" ","price":6.28},{"type":"A","date":"2018-05-03T03:23:38.000Z","volume":2000,"label":" ","price":6.28},{"type":"A","date":"2018-05-03T03:23:39.000Z","volume":2000,"label":" ","price":6.28},{"type":"A","date":"2018-05-03T03:24:16.000Z","volume":3000,"label":" ","price":6.28},{"type":"B","date":"2018-05-03T03:24:17.000Z","volume":4000,"label":" ","price":6.27},{"type":"A","date":"2018-05-03T03:24:22.000Z","volume":1000,"label":" ","price":6.28},{"type":"A","date":"2018-05-03T03:24:23.000Z","volume":1000,"label":" ","price":6.28},{"type":"A","date":"2018-05-03T03:24:26.000Z","volume":1000,"label":" ","price":6.28},{"type":"A","date":"2018-05-03T03:24:39.000Z","volume":1000,"label":" ","price":6.28},{"type":"B","date":"2018-05-03T03:24:51.000Z","volume":2000,"label":" ","price":6.27},{"type":"A","date":"2018-05-03T03:25:19.000Z","volume":1000,"label":" ","price":6.28},{"type":"A","date":"2018-05-03T03:25:34.000Z","volume":3000,"label":" ","price":6.28},{"type":"A","date":"2018-05-03T03:25:35.000Z","volume":1000,"label":" ","price":6.28},{"type":"A","date":"2018-05-03T03:25:58.000Z","volume":2000,"label":" ","price":6.28},{"type":"A","date":"2018-05-03T03:25:58.000Z","volume":3000,"label":" ","price":6.28},{"type":"A","date":"2018-05-03T03:26:28.000Z","volume":1000,"label":" ","price":6.28},{"type":"A","date":"2018-05-03T03:26:43.000Z","volume":3000,"label":" ","price":6.28},{"type":"B","date":"2018-05-03T03:27:02.000Z","volume":407000,"label":" ","price":6.27},{"type":"B","date":"2018-05-03T03:27:02.000Z","volume":292000,"label":" ","price":6.26},{"type":"U","date":"2018-05-03T03:27:02.000Z","volume":8000,"label":" ","price":6.26},{"type":"A","date":"2018-05-03T03:27:03.000Z","volume":28000,"label":" ","price":6.26},{"type":"A","date":"2018-05-03T03:27:15.000Z","volume":1000,"label":" ","price":6.26},{"type":"B","date":"2018-05-03T03:27:17.000Z","volume":4000,"label":" ","price":6.25},{"type":"B","date":"2018-05-03T03:27:17.000Z","volume":2000,"label":" ","price":6.25},{"type":"B","date":"2018-05-03T03:28:36.000Z","volume":26000,"label":" ","price":6.25},{"type":"B","date":"2018-05-03T03:28:54.000Z","volume":3000,"label":" ","price":6.25},{"type":"B","date":"2018-05-03T03:28:56.000Z","volume":90000,"label":" ","price":6.25},{"type":"B","date":"2018-05-03T03:29:07.000Z","volume":198000,"label":" ","price":6.24},{"type":"B","date":"2018-05-03T03:29:07.000Z","volume":2000,"label":" ","price":6.24},{"type":"A","date":"2018-05-03T03:29:14.000Z","volume":132000,"label":" ","price":6.24},{"type":"B","date":"2018-05-03T03:29:35.000Z","volume":4000,"label":" ","price":6.23},{"type":"B","date":"2018-05-03T03:30:32.000Z","volume":1000,"label":" ","price":6.23},{"type":"U","date":"2018-05-03T03:30:38.000Z","volume":5000,"label":"X","price":6.23},{"type":"B","date":"2018-05-03T03:31:02.000Z","volume":187000,"label":" ","price":6.23},{"type":"B","date":"2018-05-03T03:31:02.000Z","volume":7000,"label":" ","price":6.23},{"type":"A","date":"2018-05-03T03:31:02.000Z","volume":1000,"label":" ","price":6.23},{"type":"A","date":"2018-05-03T03:31:03.000Z","volume":13000,"label":" ","price":6.23},{"type":"A","date":"2018-05-03T03:31:03.000Z","volume":2000,"label":" ","price":6.23},{"type":"A","date":"2018-05-03T03:31:08.000Z","volume":10000,"label":" ","price":6.23},{"type":"B","date":"2018-05-03T03:31:11.000Z","volume":171000,"label":" ","price":6.22},{"type":"B","date":"2018-05-03T03:31:11.000Z","volume":1000,"label":" ","price":6.22},{"type":"A","date":"2018-05-03T03:31:13.000Z","volume":10000,"label":" ","price":6.22},{"type":"A","date":"2018-05-03T03:31:19.000Z","volume":5000,"label":" ","price":6.22},{"type":"B","date":"2018-05-03T03:31:24.000Z","volume":10000,"label":" ","price":6.21},{"type":"A","date":"2018-05-03T03:31:36.000Z","volume":1000,"label":"Y","price":6.22},{"type":"A","date":"2018-05-03T03:31:36.000Z","volume":213000,"label":" ","price":6.22},{"type":"B","date":"2018-05-03T03:32:13.000Z","volume":45000,"label":" ","price":6.22},{"type":"B","date":"2018-05-03T03:32:25.000Z","volume":24000,"label":" ","price":6.21},{"type":"A","date":"2018-05-03T03:32:40.000Z","volume":160000,"label":" ","price":6.22},{"type":"A","date":"2018-05-03T03:32:40.000Z","volume":12000,"label":" ","price":6.22},{"type":"A","date":"2018-05-03T03:32:40.000Z","volume":2000,"label":" ","price":6.22},{"type":"A","date":"2018-05-03T03:32:40.000Z","volume":2000,"label":"Y","price":6.23},{"type":"A","date":"2018-05-03T03:32:40.000Z","volume":2000,"label":" ","price":6.23},{"type":"A","date":"2018-05-03T03:32:42.000Z","volume":7000,"label":"Y","price":6.23},{"type":"A","date":"2018-05-03T03:32:42.000Z","volume":3000,"label":" ","price":6.23},{"type":"A","date":"2018-05-03T03:32:44.000Z","volume":10000,"label":"Y","price":6.23},{"type":"A","date":"2018-05-03T03:32:44.000Z","volume":2000,"label":" ","price":6.23},{"type":"B","date":"2018-05-03T03:32:46.000Z","volume":27000,"label":" ","price":6.22},{"type":"A","date":"2018-05-03T03:32:52.000Z","volume":1000,"label":" ","price":6.22},{"type":"A","date":"2018-05-03T03:32:59.000Z","volume":6000,"label":" ","price":6.22},{"type":"A","date":"2018-05-03T03:33:12.000Z","volume":1000,"label":"Y","price":6.22},{"type":"A","date":"2018-05-03T03:33:12.000Z","volume":85000,"label":" ","price":6.22},{"type":"A","date":"2018-05-03T03:33:12.000Z","volume":3000,"label":" ","price":6.23},{"type":"A","date":"2018-05-03T03:33:13.000Z","volume":5000,"label":"Y","price":6.23},{"type":"A","date":"2018-05-03T03:33:13.000Z","volume":11000,"label":" ","price":6.23},{"type":"A","date":"2018-05-03T03:33:16.000Z","volume":3000,"label":" ","price":6.24},{"type":"A","date":"2018-05-03T03:33:16.000Z","volume":4000,"label":" ","price":6.24},{"type":"A","date":"2018-05-03T03:33:19.000Z","volume":4000,"label":"Y","price":6.24},{"type":"A","date":"2018-05-03T03:33:19.000Z","volume":1000,"label":" ","price":6.24},{"type":"B","date":"2018-05-03T03:33:24.000Z","volume":169000,"label":" ","price":6.23},{"type":"A","date":"2018-05-03T03:33:24.000Z","volume":7000,"label":" ","price":6.23},{"type":"B","date":"2018-05-03T03:33:27.000Z","volume":10000,"label":" ","price":6.22},{"type":"B","date":"2018-05-03T03:33:31.000Z","volume":100000,"label":" ","price":6.22},{"type":"B","date":"2018-05-03T03:33:34.000Z","volume":20000,"label":" ","price":6.22},{"type":"A","date":"2018-05-03T03:33:38.000Z","volume":1000,"label":" ","price":6.23},{"type":"A","date":"2018-05-03T03:33:43.000Z","volume":34000,"label":" ","price":6.23},{"type":"A","date":"2018-05-03T03:33:43.000Z","volume":1000,"label":"Y","price":6.23},{"type":"A","date":"2018-05-03T03:33:43.000Z","volume":4000,"label":" ","price":6.23},{"type":"B","date":"2018-05-03T03:33:47.000Z","volume":27000,"label":" ","price":6.23},{"type":"A","date":"2018-05-03T03:34:19.000Z","volume":20000,"label":" ","price":6.23},{"type":"A","date":"2018-05-03T03:34:20.000Z","volume":8000,"label":" ","price":6.23},{"type":"U","date":"2018-05-03T03:34:20.000Z","volume":6000,"label":"X","price":6.23},{"type":"U","date":"2018-05-03T03:35:08.000Z","volume":3000,"label":"X","price":6.22},{"type":"U","date":"2018-05-03T03:35:08.000Z","volume":2000,"label":"X","price":6.22},{"type":"U","date":"2018-05-03T03:35:08.000Z","volume":1000,"label":"X","price":6.22},{"type":"A","date":"2018-05-03T03:35:43.000Z","volume":113000,"label":" ","price":6.23},{"type":"A","date":"2018-05-03T03:35:44.000Z","volume":1000,"label":" ","price":6.24},{"type":"A","date":"2018-05-03T03:35:44.000Z","volume":1000,"label":" ","price":6.24},{"type":"A","date":"2018-05-03T03:35:53.000Z","volume":2000,"label":" ","price":6.24},{"type":"A","date":"2018-05-03T03:36:01.000Z","volume":1000,"label":" ","price":6.24},{"type":"A","date":"2018-05-03T03:36:06.000Z","volume":1000,"label":" ","price":6.24},{"type":"A","date":"2018-05-03T03:36:25.000Z","volume":5000,"label":" ","price":6.24},{"type":"A","date":"2018-05-03T03:36:47.000Z","volume":1000,"label":" ","price":6.24},{"type":"A","date":"2018-05-03T03:36:48.000Z","volume":7000,"label":" ","price":6.24},{"type":"U","date":"2018-05-03T03:37:08.000Z","volume":1000,"label":"X","price":6.24},{"type":"U","date":"2018-05-03T03:37:08.000Z","volume":3000,"label":"X","price":6.235},{"type":"U","date":"2018-05-03T03:37:08.000Z","volume":2000,"label":"X","price":6.23},{"type":"A","date":"2018-05-03T03:37:09.000Z","volume":2000,"label":" ","price":6.24},{"type":"A","date":"2018-05-03T03:37:37.000Z","volume":1000,"label":" ","price":6.24},{"type":"A","date":"2018-05-03T03:37:45.000Z","volume":6000,"label":" ","price":6.24},{"type":"B","date":"2018-05-03T03:38:01.000Z","volume":1000,"label":" ","price":6.23},{"type":"U","date":"2018-05-03T03:38:06.000Z","volume":5000,"label":"X","price":6.23},{"type":"A","date":"2018-05-03T03:38:17.000Z","volume":1000,"label":" ","price":6.24},{"type":"A","date":"2018-05-03T03:39:07.000Z","volume":1000,"label":" ","price":6.24},{"type":"U","date":"2018-05-03T03:39:08.000Z","volume":6000,"label":"X","price":6.23},{"type":"A","date":"2018-05-03T03:39:47.000Z","volume":1000,"label":" ","price":6.24},{"type":"B","date":"2018-05-03T03:40:03.000Z","volume":5000,"label":" ","price":6.23},{"type":"A","date":"2018-05-03T03:40:38.000Z","volume":1000,"label":" ","price":6.24},{"type":"B","date":"2018-05-03T03:41:02.000Z","volume":4000,"label":" ","price":6.23},{"type":"U","date":"2018-05-03T03:41:09.000Z","volume":1000,"label":"X","price":6.23},{"type":"U","date":"2018-05-03T03:41:09.000Z","volume":1000,"label":"X","price":6.23},{"type":"A","date":"2018-05-03T03:41:18.000Z","volume":1000,"label":" ","price":6.24},{"type":"A","date":"2018-05-03T03:41:42.000Z","volume":43000,"label":" ","price":6.24},{"type":"A","date":"2018-05-03T03:41:43.000Z","volume":3000,"label":" ","price":6.24},{"type":"A","date":"2018-05-03T03:41:44.000Z","volume":2000,"label":" ","price":6.24},{"type":"A","date":"2018-05-03T03:41:58.000Z","volume":1000,"label":" ","price":6.24},{"type":"A","date":"2018-05-03T03:41:58.000Z","volume":17000,"label":" ","price":6.24},{"type":"B","date":"2018-05-03T03:41:58.000Z","volume":4000,"label":" ","price":6.23},{"type":"A","date":"2018-05-03T03:41:59.000Z","volume":5000,"label":" ","price":6.24},{"type":"U","date":"2018-05-03T03:42:09.000Z","volume":2000,"label":"X","price":6.23},{"type":"A","date":"2018-05-03T03:42:15.000Z","volume":1000,"label":" ","price":6.24},{"type":"A","date":"2018-05-03T03:42:33.000Z","volume":2000,"label":"Y","price":6.24},{"type":"A","date":"2018-05-03T03:42:43.000Z","volume":37000,"label":" ","price":6.24},{"type":"A","date":"2018-05-03T03:42:48.000Z","volume":1000,"label":" ","price":6.24},{"type":"A","date":"2018-05-03T03:42:48.000Z","volume":2000,"label":" ","price":6.24},{"type":"B","date":"2018-05-03T03:43:03.000Z","volume":3000,"label":" ","price":6.23},{"type":"U","date":"2018-05-03T03:43:09.000Z","volume":1000,"label":"X","price":6.23},{"type":"U","date":"2018-05-03T03:43:09.000Z","volume":2000,"label":"X","price":6.23},{"type":"A","date":"2018-05-03T03:43:28.000Z","volume":1000,"label":" ","price":6.24},{"type":"A","date":"2018-05-03T03:43:28.000Z","volume":2000,"label":"Y","price":6.24},{"type":"A","date":"2018-05-03T03:43:28.000Z","volume":1000,"label":" ","price":6.24},{"type":"A","date":"2018-05-03T03:43:32.000Z","volume":4000,"label":" ","price":6.24},{"type":"B","date":"2018-05-03T03:43:38.000Z","volume":1000,"label":" ","price":6.23},{"type":"A","date":"2018-05-03T03:43:53.000Z","volume":1000,"label":"Y","price":6.24},{"type":"A","date":"2018-05-03T03:43:53.000Z","volume":1000,"label":" ","price":6.24},{"type":"U","date":"2018-05-03T03:44:09.000Z","volume":5000,"label":"X","price":6.23},{"type":"U","date":"2018-05-03T03:44:09.000Z","volume":1000,"label":"X","price":6.23},{"type":"A","date":"2018-05-03T03:44:13.000Z","volume":2000,"label":"Y","price":6.24},{"type":"A","date":"2018-05-03T03:44:18.000Z","volume":1000,"label":" ","price":6.24},{"type":"A","date":"2018-05-03T03:44:53.000Z","volume":1000,"label":"Y","price":6.24},{"type":"A","date":"2018-05-03T03:44:53.000Z","volume":2000,"label":" ","price":6.24},{"type":"A","date":"2018-05-03T03:44:58.000Z","volume":1000,"label":" ","price":6.24},{"type":"A","date":"2018-05-03T03:44:58.000Z","volume":2000,"label":" ","price":6.24},{"type":"A","date":"2018-05-03T03:45:00.000Z","volume":3000,"label":" ","price":6.24},{"type":"U","date":"2018-05-03T03:45:10.000Z","volume":1000,"label":"X","price":6.23},{"type":"U","date":"2018-05-03T03:45:10.000Z","volume":2000,"label":"X","price":6.23},{"type":"U","date":"2018-05-03T03:45:10.000Z","volume":3000,"label":"X","price":6.23},{"type":"A","date":"2018-05-03T03:45:10.000Z","volume":2000,"label":"Y","price":6.24},{"type":"A","date":"2018-05-03T03:45:28.000Z","volume":2000,"label":"Y","price":6.24},{"type":"A","date":"2018-05-03T03:45:28.000Z","volume":29000,"label":" ","price":6.24},{"type":"A","date":"2018-05-03T03:45:29.000Z","volume":1000,"label":"Y","price":6.24},{"type":"A","date":"2018-05-03T03:45:29.000Z","volume":2000,"label":" ","price":6.24},{"type":"A","date":"2018-05-03T03:45:48.000Z","volume":1000,"label":" ","price":6.24},{"type":"A","date":"2018-05-03T03:45:48.000Z","volume":23000,"label":" ","price":6.24},{"type":"A","date":"2018-05-03T03:45:48.000Z","volume":2000,"label":" ","price":6.24},{"type":"A","date":"2018-05-03T03:45:48.000Z","volume":2000,"label":" ","price":6.24},{"type":"A","date":"2018-05-03T03:46:00.000Z","volume":23000,"label":" ","price":6.24},{"type":"A","date":"2018-05-03T03:46:01.000Z","volume":2000,"label":" ","price":6.24},{"type":"A","date":"2018-05-03T03:46:01.000Z","volume":2000,"label":" ","price":6.24},{"type":"B","date":"2018-05-03T03:46:02.000Z","volume":1000,"label":" ","price":6.23},{"type":"U","date":"2018-05-03T03:46:09.000Z","volume":3000,"label":"X","price":6.23},{"type":"U","date":"2018-05-03T03:46:09.000Z","volume":1000,"label":"X","price":6.23},{"type":"A","date":"2018-05-03T03:46:38.000Z","volume":1000,"label":" ","price":6.24},{"type":"A","date":"2018-05-03T03:46:38.000Z","volume":18000,"label":" ","price":6.24},{"type":"A","date":"2018-05-03T03:46:43.000Z","volume":2000,"label":" ","price":6.24},{"type":"A","date":"2018-05-03T03:46:47.000Z","volume":14000,"label":" ","price":6.24},{"type":"A","date":"2018-05-03T03:46:48.000Z","volume":3000,"label":" ","price":6.24},{"type":"A","date":"2018-05-03T03:46:48.000Z","volume":18000,"label":" ","price":6.24},{"type":"A","date":"2018-05-03T03:46:48.000Z","volume":7000,"label":" ","price":6.24},{"type":"A","date":"2018-05-03T03:46:48.000Z","volume":2000,"label":" ","price":6.24},{"type":"A","date":"2018-05-03T03:46:49.000Z","volume":2000,"label":" ","price":6.24},{"type":"A","date":"2018-05-03T03:46:50.000Z","volume":5000,"label":" ","price":6.24},{"type":"A","date":"2018-05-03T03:46:51.000Z","volume":2000,"label":" ","price":6.24},{"type":"A","date":"2018-05-03T03:46:52.000Z","volume":8000,"label":" ","price":6.24},{"type":"A","date":"2018-05-03T03:46:54.000Z","volume":5000,"label":" ","price":6.24},{"type":"A","date":"2018-05-03T03:46:56.000Z","volume":4000,"label":" ","price":6.24},{"type":"A","date":"2018-05-03T03:46:56.000Z","volume":4000,"label":" ","price":6.24},{"type":"A","date":"2018-05-03T03:46:57.000Z","volume":2000,"label":" ","price":6.24},{"type":"A","date":"2018-05-03T03:46:57.000Z","volume":2000,"label":" ","price":6.24},{"type":"A","date":"2018-05-03T03:46:58.000Z","volume":4000,"label":" ","price":6.24},{"type":"A","date":"2018-05-03T03:46:58.000Z","volume":10000,"label":" ","price":6.24},{"type":"A","date":"2018-05-03T03:47:02.000Z","volume":7000,"label":" ","price":6.24},{"type":"A","date":"2018-05-03T03:47:05.000Z","volume":4000,"label":" ","price":6.24},{"type":"A","date":"2018-05-03T03:47:05.000Z","volume":2000,"label":" ","price":6.24},{"type":"A","date":"2018-05-03T03:47:07.000Z","volume":5000,"label":" ","price":6.24},{"type":"A","date":"2018-05-03T03:47:09.000Z","volume":2000,"label":" ","price":6.24},{"type":"A","date":"2018-05-03T03:47:09.000Z","volume":6000,"label":" ","price":6.24},{"type":"A","date":"2018-05-03T03:47:10.000Z","volume":6000,"label":" ","price":6.24},{"type":"A","date":"2018-05-03T03:47:10.000Z","volume":2000,"label":" ","price":6.24},{"type":"A","date":"2018-05-03T03:47:10.000Z","volume":10000,"label":"Y","price":6.24},{"type":"A","date":"2018-05-03T03:47:10.000Z","volume":23000,"label":" ","price":6.24},{"type":"A","date":"2018-05-03T03:47:10.000Z","volume":30000,"label":" ","price":6.24},{"type":"U","date":"2018-05-03T03:47:10.000Z","volume":1000,"label":"X","price":6.23},{"type":"U","date":"2018-05-03T03:47:10.000Z","volume":3000,"label":"X","price":6.23},{"type":"U","date":"2018-05-03T03:47:10.000Z","volume":2000,"label":"X","price":6.23},{"type":"A","date":"2018-05-03T03:47:12.000Z","volume":2000,"label":" ","price":6.25},{"type":"A","date":"2018-05-03T03:47:16.000Z","volume":4000,"label":" ","price":6.25},{"type":"A","date":"2018-05-03T03:47:28.000Z","volume":1000,"label":" ","price":6.25},{"type":"A","date":"2018-05-03T03:47:28.000Z","volume":30000,"label":" ","price":6.25},{"type":"A","date":"2018-05-03T03:47:31.000Z","volume":3000,"label":" ","price":6.25},{"type":"A","date":"2018-05-03T03:47:42.000Z","volume":1000,"label":" ","price":6.25},{"type":"A","date":"2018-05-03T03:47:42.000Z","volume":24000,"label":" ","price":6.25},{"type":"A","date":"2018-05-03T03:47:45.000Z","volume":4000,"label":" ","price":6.25},{"type":"A","date":"2018-05-03T03:47:45.000Z","volume":2000,"label":" ","price":6.25},{"type":"A","date":"2018-05-03T03:47:53.000Z","volume":12000,"label":" ","price":6.25},{"type":"A","date":"2018-05-03T03:47:53.000Z","volume":21000,"label":" ","price":6.25},{"type":"A","date":"2018-05-03T03:47:54.000Z","volume":2000,"label":" ","price":6.25},{"type":"A","date":"2018-05-03T03:47:56.000Z","volume":1000,"label":" ","price":6.25},{"type":"A","date":"2018-05-03T03:48:05.000Z","volume":16000,"label":" ","price":6.25},{"type":"A","date":"2018-05-03T03:48:05.000Z","volume":5000,"label":" ","price":6.25},{"type":"A","date":"2018-05-03T03:48:06.000Z","volume":2000,"label":" ","price":6.25},{"type":"A","date":"2018-05-03T03:48:07.000Z","volume":4000,"label":" ","price":6.25},{"type":"A","date":"2018-05-03T03:48:18.000Z","volume":1000,"label":" ","price":6.25},{"type":"A","date":"2018-05-03T03:48:18.000Z","volume":1000,"label":" ","price":6.25},{"type":"A","date":"2018-05-03T03:48:18.000Z","volume":14000,"label":" ","price":6.25},{"type":"A","date":"2018-05-03T03:48:19.000Z","volume":4000,"label":" ","price":6.25},{"type":"A","date":"2018-05-03T03:48:20.000Z","volume":2000,"label":" ","price":6.25},{"type":"B","date":"2018-05-03T03:48:30.000Z","volume":200000,"label":" ","price":6.24},{"type":"A","date":"2018-05-03T03:48:31.000Z","volume":4000,"label":" ","price":6.25},{"type":"A","date":"2018-05-03T03:48:46.000Z","volume":4000,"label":" ","price":6.25},{"type":"A","date":"2018-05-03T03:48:53.000Z","volume":6000,"label":" ","price":6.25},{"type":"U","date":"2018-05-03T03:48:58.000Z","volume":6000,"label":"X","price":6.25},{"type":"A","date":"2018-05-03T03:49:08.000Z","volume":1000,"label":" ","price":6.25},{"type":"A","date":"2018-05-03T03:49:58.000Z","volume":1000,"label":" ","price":6.25},{"type":"U","date":"2018-05-03T03:50:09.000Z","volume":2000,"label":"X","price":6.24},{"type":"U","date":"2018-05-03T03:50:09.000Z","volume":1000,"label":"X","price":6.245},{"type":"U","date":"2018-05-03T03:50:09.000Z","volume":2000,"label":"X","price":6.24},{"type":"B","date":"2018-05-03T03:50:28.000Z","volume":50000,"label":" ","price":6.24},{"type":"U","date":"2018-05-03T03:50:33.000Z","volume":2000,"label":"X","price":6.245},{"type":"A","date":"2018-05-03T03:50:49.000Z","volume":1000,"label":" ","price":6.25},{"type":"B","date":"2018-05-03T03:51:01.000Z","volume":2000,"label":" ","price":6.24},{"type":"U","date":"2018-05-03T03:51:04.000Z","volume":1000,"label":"X","price":6.245},{"type":"U","date":"2018-05-03T03:51:06.000Z","volume":3000,"label":"X","price":6.24},{"type":"U","date":"2018-05-03T03:51:09.000Z","volume":1000,"label":"X","price":6.24},{"type":"U","date":"2018-05-03T03:51:33.000Z","volume":1000,"label":"X","price":6.245},{"type":"A","date":"2018-05-03T03:51:49.000Z","volume":1000,"label":" ","price":6.25},{"type":"B","date":"2018-05-03T03:52:01.000Z","volume":280000,"label":" ","price":6.24},{"type":"B","date":"2018-05-03T03:52:01.000Z","volume":88000,"label":" ","price":6.24},{"type":"U","date":"2018-05-03T03:52:01.000Z","volume":1000,"label":" ","price":6.24},{"type":"U","date":"2018-05-03T03:52:01.000Z","volume":4000,"label":" ","price":6.24},{"type":"U","date":"2018-05-03T03:52:01.000Z","volume":2000,"label":" ","price":6.24},{"type":"U","date":"2018-05-03T03:52:01.000Z","volume":11000,"label":" ","price":6.24},{"type":"B","date":"2018-05-03T03:52:05.000Z","volume":6000,"label":" ","price":6.23},{"type":"A","date":"2018-05-03T03:52:21.000Z","volume":20000,"label":" ","price":6.25},{"type":"U","date":"2018-05-03T03:52:40.000Z","volume":1000,"label":"X","price":6.24},{"type":"U","date":"2018-05-03T03:53:39.000Z","volume":5000,"label":"X","price":6.23},{"type":"U","date":"2018-05-03T03:53:39.000Z","volume":1000,"label":"X","price":6.23},{"type":"A","date":"2018-05-03T03:53:58.000Z","volume":4000,"label":" ","price":6.25},{"type":"U","date":"2018-05-03T03:54:09.000Z","volume":2000,"label":"X","price":6.24},{"type":"U","date":"2018-05-03T03:54:10.000Z","volume":4000,"label":"X","price":6.24},{"type":"A","date":"2018-05-03T03:54:24.000Z","volume":1000,"label":" ","price":6.25},{"type":"A","date":"2018-05-03T03:54:29.000Z","volume":1000,"label":" ","price":6.25},{"type":"B","date":"2018-05-03T03:55:01.000Z","volume":1000,"label":" ","price":6.24},{"type":"U","date":"2018-05-03T03:55:10.000Z","volume":5000,"label":"X","price":6.24},{"type":"B","date":"2018-05-03T03:55:33.000Z","volume":1000,"label":" ","price":6.24},{"type":"A","date":"2018-05-03T03:55:51.000Z","volume":1000,"label":" ","price":6.25},{"type":"B","date":"2018-05-03T03:55:59.000Z","volume":3000,"label":" ","price":6.24},{"type":"A","date":"2018-05-03T03:56:04.000Z","volume":3000,"label":" ","price":6.25},{"type":"B","date":"2018-05-03T03:56:08.000Z","volume":10000,"label":" ","price":6.24},{"type":"U","date":"2018-05-03T03:56:10.000Z","volume":1000,"label":"X","price":6.24},{"type":"U","date":"2018-05-03T03:56:10.000Z","volume":5000,"label":"X","price":6.24},{"type":"B","date":"2018-05-03T03:57:03.000Z","volume":3000,"label":" ","price":6.24},{"type":"A","date":"2018-05-03T03:57:07.000Z","volume":1000,"label":" ","price":6.25},{"type":"U","date":"2018-05-03T03:57:10.000Z","volume":1000,"label":"X","price":6.24},{"type":"U","date":"2018-05-03T03:57:10.000Z","volume":1000,"label":"X","price":6.24},{"type":"A","date":"2018-05-03T03:57:51.000Z","volume":1000,"label":" ","price":6.25},{"type":"B","date":"2018-05-03T03:57:56.000Z","volume":2000,"label":" ","price":6.24},{"type":"B","date":"2018-05-03T03:58:06.000Z","volume":5000,"label":" ","price":6.24},{"type":"B","date":"2018-05-03T03:58:06.000Z","volume":6000,"label":" ","price":6.24},{"type":"U","date":"2018-05-03T03:58:10.000Z","volume":1000,"label":"X","price":6.24},{"type":"B","date":"2018-05-03T03:58:15.000Z","volume":130000,"label":" ","price":6.24},{"type":"B","date":"2018-05-03T03:58:15.000Z","volume":32000,"label":" ","price":6.24},{"type":"U","date":"2018-05-03T03:58:15.000Z","volume":1000,"label":" ","price":6.24},{"type":"B","date":"2018-05-03T03:58:15.000Z","volume":1000,"label":" ","price":6.24},{"type":"B","date":"2018-05-03T03:58:15.000Z","volume":4000,"label":" ","price":6.24},{"type":"U","date":"2018-05-03T03:58:40.000Z","volume":1000,"label":"X","price":6.24},{"type":"B","date":"2018-05-03T03:58:59.000Z","volume":1000,"label":" ","price":6.23},{"type":"B","date":"2018-05-03T03:59:29.000Z","volume":4000,"label":" ","price":6.23},{"type":"A","date":"2018-05-03T03:59:45.000Z","volume":2000,"label":" ","price":6.24},{"type":"B","date":"2018-05-03T03:59:59.000Z","volume":3000,"label":" ","price":6.23},{"type":"A","date":"2018-05-03T05:00:00.000Z","volume":1000,"label":" ","price":6.24},{"type":"B","date":"2018-05-03T05:00:02.000Z","volume":4000,"label":" ","price":6.23},{"type":"B","date":"2018-05-03T05:00:03.000Z","volume":4000,"label":" ","price":6.23},{"type":"B","date":"2018-05-03T05:00:20.000Z","volume":10000,"label":" ","price":6.23},{"type":"B","date":"2018-05-03T05:00:58.000Z","volume":2000,"label":" ","price":6.23},{"type":"U","date":"2018-05-03T05:02:57.000Z","volume":640,"label":"D","price":6.28},{"type":"A","date":"2018-05-03T05:03:03.000Z","volume":1000,"label":" ","price":6.24},{"type":"A","date":"2018-05-03T05:03:30.000Z","volume":243000,"label":" ","price":6.24},{"type":"A","date":"2018-05-03T05:03:30.000Z","volume":1000,"label":" ","price":6.25},{"type":"A","date":"2018-05-03T05:03:44.000Z","volume":4000,"label":" ","price":6.25},{"type":"U","date":"2018-05-03T05:03:53.000Z","volume":280,"label":"D","price":6.27},{"type":"A","date":"2018-05-03T05:03:59.000Z","volume":1000,"label":" ","price":6.25},{"type":"A","date":"2018-05-03T05:04:03.000Z","volume":1000,"label":" ","price":6.25},{"type":"A","date":"2018-05-03T05:05:03.000Z","volume":1000,"label":" ","price":6.25},{"type":"B","date":"2018-05-03T05:05:29.000Z","volume":1000,"label":" ","price":6.24},{"type":"A","date":"2018-05-03T05:05:53.000Z","volume":1000,"label":" ","price":6.25},{"type":"A","date":"2018-05-03T05:06:00.000Z","volume":4000,"label":" ","price":6.25},{"type":"U","date":"2018-05-03T05:06:05.000Z","volume":8,"label":"D","price":6.24},{"type":"A","date":"2018-05-03T05:06:53.000Z","volume":1000,"label":" ","price":6.25},{"type":"A","date":"2018-05-03T05:07:53.000Z","volume":1000,"label":" ","price":6.25},{"type":"A","date":"2018-05-03T05:08:00.000Z","volume":14000,"label":" ","price":6.25},{"type":"A","date":"2018-05-03T05:08:01.000Z","volume":1000,"label":" ","price":6.25},{"type":"B","date":"2018-05-03T05:08:32.000Z","volume":30000,"label":" ","price":6.24},{"type":"A","date":"2018-05-03T05:08:53.000Z","volume":1000,"label":" ","price":6.25},{"type":"A","date":"2018-05-03T05:09:54.000Z","volume":1000,"label":" ","price":6.25},{"type":"A","date":"2018-05-03T05:09:55.000Z","volume":3000,"label":" ","price":6.25},{"type":"U","date":"2018-05-03T05:10:13.000Z","volume":1000,"label":"X","price":6.25},{"type":"A","date":"2018-05-03T05:10:14.000Z","volume":3000,"label":" ","price":6.25},{"type":"A","date":"2018-05-03T05:10:35.000Z","volume":5000,"label":" ","price":6.25},{"type":"U","date":"2018-05-03T05:10:41.000Z","volume":1000,"label":"X","price":6.25},{"type":"A","date":"2018-05-03T05:10:45.000Z","volume":1000,"label":" ","price":6.25},{"type":"B","date":"2018-05-03T05:11:02.000Z","volume":2000,"label":" ","price":6.24},{"type":"A","date":"2018-05-03T05:11:04.000Z","volume":1000,"label":" ","price":6.25},{"type":"B","date":"2018-05-03T05:11:09.000Z","volume":1000,"label":" ","price":6.24},{"type":"A","date":"2018-05-03T05:12:04.000Z","volume":1000,"label":" ","price":6.25},{"type":"U","date":"2018-05-03T05:12:11.000Z","volume":1000,"label":"X","price":6.25},{"type":"U","date":"2018-05-03T05:12:11.000Z","volume":2000,"label":"X","price":6.25},{"type":"A","date":"2018-05-03T05:12:15.000Z","volume":1000,"label":" ","price":6.25},{"type":"U","date":"2018-05-03T05:12:41.000Z","volume":1000,"label":"X","price":6.245},{"type":"A","date":"2018-05-03T05:12:48.000Z","volume":3000,"label":" ","price":6.25},{"type":"A","date":"2018-05-03T05:12:52.000Z","volume":1000,"label":" ","price":6.25},{"type":"A","date":"2018-05-03T05:13:03.000Z","volume":2000,"label":" ","price":6.25},{"type":"A","date":"2018-05-03T05:13:14.000Z","volume":1000,"label":" ","price":6.25},{"type":"A","date":"2018-05-03T05:13:18.000Z","volume":2000,"label":" ","price":6.25},{"type":"A","date":"2018-05-03T05:13:28.000Z","volume":1000,"label":" ","price":6.25},{"type":"A","date":"2018-05-03T05:13:29.000Z","volume":3000,"label":" ","price":6.25},{"type":"A","date":"2018-05-03T05:13:33.000Z","volume":2000,"label":" ","price":6.25},{"type":"A","date":"2018-05-03T05:13:35.000Z","volume":2000,"label":" ","price":6.25},{"type":"B","date":"2018-05-03T05:13:38.000Z","volume":5000,"label":" ","price":6.24},{"type":"A","date":"2018-05-03T05:13:46.000Z","volume":3000,"label":" ","price":6.25},{"type":"A","date":"2018-05-03T05:13:46.000Z","volume":1000,"label":" ","price":6.25},{"type":"A","date":"2018-05-03T05:13:56.000Z","volume":2000,"label":" ","price":6.25},{"type":"B","date":"2018-05-03T05:14:00.000Z","volume":1000,"label":" ","price":6.24},{"type":"A","date":"2018-05-03T05:14:08.000Z","volume":2000,"label":" ","price":6.25},{"type":"A","date":"2018-05-03T05:14:17.000Z","volume":6000,"label":" ","price":6.25},{"type":"A","date":"2018-05-03T05:14:17.000Z","volume":2000,"label":"Y","price":6.25},{"type":"A","date":"2018-05-03T05:14:24.000Z","volume":1000,"label":" ","price":6.25},{"type":"A","date":"2018-05-03T05:14:28.000Z","volume":2000,"label":"Y","price":6.25},{"type":"A","date":"2018-05-03T05:14:38.000Z","volume":2000,"label":"Y","price":6.25},{"type":"A","date":"2018-05-03T05:14:48.000Z","volume":2000,"label":"Y","price":6.25},{"type":"A","date":"2018-05-03T05:14:58.000Z","volume":2000,"label":"Y","price":6.25},{"type":"A","date":"2018-05-03T05:15:04.000Z","volume":1000,"label":"Y","price":6.25},{"type":"B","date":"2018-05-03T05:15:05.000Z","volume":10000,"label":" ","price":6.24},{"type":"A","date":"2018-05-03T05:15:09.000Z","volume":1000,"label":" ","price":6.25},{"type":"A","date":"2018-05-03T05:15:11.000Z","volume":3000,"label":" ","price":6.25},{"type":"A","date":"2018-05-03T05:15:13.000Z","volume":2000,"label":" ","price":6.25},{"type":"A","date":"2018-05-03T05:15:18.000Z","volume":2000,"label":"Y","price":6.25},{"type":"A","date":"2018-05-03T05:15:20.000Z","volume":1000,"label":" ","price":6.25},{"type":"A","date":"2018-05-03T05:15:28.000Z","volume":2000,"label":"Y","price":6.25},{"type":"A","date":"2018-05-03T05:15:28.000Z","volume":1000,"label":" ","price":6.25},{"type":"A","date":"2018-05-03T05:15:29.000Z","volume":1000,"label":" ","price":6.25},{"type":"A","date":"2018-05-03T05:15:36.000Z","volume":1000,"label":" ","price":6.25},{"type":"A","date":"2018-05-03T05:15:38.000Z","volume":2000,"label":" ","price":6.25},{"type":"B","date":"2018-05-03T05:15:46.000Z","volume":3000,"label":" ","price":6.24},{"type":"A","date":"2018-05-03T05:15:48.000Z","volume":2000,"label":" ","price":6.25},{"type":"A","date":"2018-05-03T05:15:54.000Z","volume":1000,"label":" ","price":6.25},{"type":"A","date":"2018-05-03T05:15:58.000Z","volume":2000,"label":" ","price":6.25},{"type":"A","date":"2018-05-03T05:16:07.000Z","volume":1000,"label":" ","price":6.25},{"type":"A","date":"2018-05-03T05:16:12.000Z","volume":1000,"label":" ","price":6.25},{"type":"A","date":"2018-05-03T05:16:29.000Z","volume":2000,"label":" ","price":6.25},{"type":"A","date":"2018-05-03T05:16:29.000Z","volume":2000,"label":" ","price":6.25},{"type":"A","date":"2018-05-03T05:16:31.000Z","volume":4000,"label":"Y","price":6.25},{"type":"A","date":"2018-05-03T05:16:31.000Z","volume":1000,"label":" ","price":6.25},{"type":"A","date":"2018-05-03T05:16:33.000Z","volume":2000,"label":" ","price":6.25},{"type":"A","date":"2018-05-03T05:16:47.000Z","volume":1000,"label":" ","price":6.25},{"type":"A","date":"2018-05-03T05:16:58.000Z","volume":3000,"label":" ","price":6.25},{"type":"A","date":"2018-05-03T05:17:19.000Z","volume":1000,"label":" ","price":6.25},{"type":"A","date":"2018-05-03T05:17:28.000Z","volume":3000,"label":" ","price":6.25},{"type":"A","date":"2018-05-03T05:17:28.000Z","volume":1000,"label":" ","price":6.25},{"type":"A","date":"2018-05-03T05:17:40.000Z","volume":2000,"label":" ","price":6.25},{"type":"A","date":"2018-05-03T05:17:53.000Z","volume":2000,"label":" ","price":6.25},{"type":"A","date":"2018-05-03T05:17:57.000Z","volume":1000,"label":" ","price":6.25},{"type":"A","date":"2018-05-03T05:18:07.000Z","volume":1000,"label":" ","price":6.25},{"type":"A","date":"2018-05-03T05:18:08.000Z","volume":2000,"label":" ","price":6.25},{"type":"A","date":"2018-05-03T05:18:15.000Z","volume":1000,"label":" ","price":6.25},{"type":"A","date":"2018-05-03T05:18:15.000Z","volume":4000,"label":" ","price":6.25},{"type":"A","date":"2018-05-03T05:18:23.000Z","volume":2000,"label":" ","price":6.25},{"type":"A","date":"2018-05-03T05:18:38.000Z","volume":2000,"label":" ","price":6.25},{"type":"A","date":"2018-05-03T05:18:41.000Z","volume":2000,"label":" ","price":6.25}