[{"type":"U","date":"2018-04-17T01:20:00.000Z","volume":2000,"label":"U","price":21},{"type":"B","date":"2018-04-17T01:31:21.000Z","volume":4000,"label":" ","price":20.9},{"type":"B","date":"2018-04-17T01:31:37.000Z","volume":4000,"label":" ","price":20.85},{"type":"B","date":"2018-04-17T01:31:37.000Z","volume":4000,"label":" ","price":20.85},{"type":"B","date":"2018-04-17T01:41:54.000Z","volume":4000,"label":" ","price":20.85},{"type":"B","date":"2018-04-17T01:41:54.000Z","volume":6000,"label":" ","price":20.85},{"type":"B","date":"2018-04-17T01:49:47.000Z","volume":2000,"label":" ","price":20.85},{"type":"B","date":"2018-04-17T01:55:00.000Z","volume":4000,"label":" ","price":20.85},{"type":"B","date":"2018-04-17T01:55:00.000Z","volume":2000,"label":" ","price":20.85},{"type":"B","date":"2018-04-17T01:55:01.000Z","volume":2000,"label":" ","price":20.85},{"type":"B","date":"2018-04-17T01:55:40.000Z","volume":6000,"label":" ","price":20.85},{"type":"B","date":"2018-04-17T01:55:44.000Z","volume":2000,"label":" ","price":20.85},{"type":"B","date":"2018-04-17T01:59:11.000Z","volume":2000,"label":" ","price":20.85},{"type":"B","date":"2018-04-17T02:18:32.000Z","volume":2000,"label":" ","price":20.85},{"type":"B","date":"2018-04-17T02:21:47.000Z","volume":2000,"label":" ","price":20.85},{"type":"B","date":"2018-04-17T02:25:19.000Z","volume":2000,"label":" ","price":20.85},{"type":"B","date":"2018-04-17T02:34:19.000Z","volume":2000,"label":" ","price":20.85},{"type":"B","date":"2018-04-17T02:37:47.000Z","volume":2000,"label":" ","price":20.85},{"type":"B","date":"2018-04-17T02:47:17.000Z","volume":2000,"label":" ","price":20.85},{"type":"B","date":"2018-04-17T02:51:47.000Z","volume":2000,"label":" ","price":20.85},{"type":"B","date":"2018-04-17T02:51:47.000Z","volume":6000,"label":" ","price":20.85},{"type":"B","date":"2018-04-17T03:05:17.000Z","volume":4000,"label":" ","price":20.85},{"type":"B","date":"2018-04-17T03:06:02.000Z","volume":2000,"label":" ","price":20.85},{"type":"B","date":"2018-04-17T03:06:03.000Z","volume":2000,"label":" ","price":20.85},{"type":"B","date":"2018-04-17T03:07:15.000Z","volume":2000,"label":" ","price":20.85},{"type":"B","date":"2018-04-17T03:18:17.000Z","volume":2000,"label":" ","price":20.85},{"type":"B","date":"2018-04-17T03:18:27.000Z","volume":2000,"label":" ","price":20.85},{"type":"A","date":"2018-04-17T03:27:19.000Z","volume":2000,"label":" ","price":20.9},{"type":"B","date":"2018-04-17T03:31:17.000Z","volume":2000,"label":" ","price":20.85},{"type":"B","date":"2018-04-17T03:41:02.000Z","volume":2000,"label":" ","price":20.85},{"type":"B","date":"2018-04-17T03:47:47.000Z","volume":2000,"label":" ","price":20.85},{"type":"A","date":"2018-04-17T05:01:48.000Z","volume":2000,"label":" ","price":20.9},{"type":"U","date":"2018-04-17T05:08:41.000Z","volume":2000,"label":"X","price":20.9},{"type":"B","date":"2018-04-17T05:16:17.000Z","volume":2000,"label":" ","price":20.85},{"type":"B","date":"2018-04-17T05:35:17.000Z","volume":2000,"label":" ","price":20.85},{"type":"B","date":"2018-04-17T05:37:25.000Z","volume":22000,"label":" ","price":20.85},{"type":"A","date":"2018-04-17T05:37:25.000Z","volume":32000,"label":" ","price":20.85},{"type":"B","date":"2018-04-17T05:45:02.000Z","volume":2000,"label":" ","price":20.85},{"type":"B","date":"2018-04-17T05:51:56.000Z","volume":2000,"label":" ","price":20.85},{"type":"B","date":"2018-04-17T05:51:56.000Z","volume":2000,"label":" ","price":20.85},{"type":"B","date":"2018-04-17T05:52:48.000Z","volume":2000,"label":" ","price":20.85},{"type":"B","date":"2018-04-17T06:00:43.000Z","volume":4000,"label":" ","price":20.85},{"type":"B","date":"2018-04-17T06:01:47.000Z","volume":2000,"label":" ","price":20.85},{"type":"B","date":"2018-04-17T06:04:09.000Z","volume":6000,"label":" ","price":20.85},{"type":"A","date":"2018-04-17T06:04:09.000Z","volume":94000,"label":" ","price":20.85},{"type":"B","date":"2018-04-17T06:23:41.000Z","volume":2000,"label":" ","price":20.85},{"type":"B","date":"2018-04-17T06:23:57.000Z","volume":4000,"label":" ","price":20.85},{"type":"B","date":"2018-04-17T06:24:02.000Z","volume":2000,"label":" ","price":20.85},{"type":"B","date":"2018-04-17T06:24:02.000Z","volume":2000,"label":" ","price":20.85},{"type":"A","date":"2018-04-17T06:24:02.000Z","volume":2000,"label":" ","price":20.85},{"type":"A","date":"2018-04-17T06:24:02.000Z","volume":2000,"label":" ","price":20.9},{"type":"B","date":"2018-04-17T06:34:41.000Z","volume":2000,"label":" ","price":20.85},{"type":"A","date":"2018-04-17T06:50:46.000Z","volume":12000,"label":" ","price":20.9},{"type":"U","date":"2018-04-17T06:53:39.000Z","volume":2000,"label":"X","price":20.9},{"type":"A","date":"2018-04-17T06:53:39.000Z","volume":2000,"label":" ","price":20.9},{"type":"B","date":"2018-04-17T07:05:25.000Z","volume":2000,"label":" ","price":20.85},{"type":"B","date":"2018-04-17T07:05:49.000Z","volume":4000,"label":" ","price":20.85},{"type":"A","date":"2018-04-17T07:06:52.000Z","volume":12000,"label":" ","price":20.9},{"type":"U","date":"2018-04-17T07:06:52.000Z","volume":2000,"label":"X","price":20.9},{"type":"U","date":"2018-04-17T07:12:51.000Z","volume":1000,"label":"D","price":20.65},{"type":"B","date":"2018-04-17T07:15:42.000Z","volume":2000,"label":" ","price":20.85},{"type":"B","date":"2018-04-17T07:16:45.000Z","volume":2000,"label":" ","price":20.85},{"type":"B","date":"2018-04-17T07:16:45.000Z","volume":2000,"label":" ","price":20.85},{"type":"B","date":"2018-04-17T07:16:58.000Z","volume":4000,"label":" ","price":20.85},{"type":"A","date":"2018-04-17T07:16:58.000Z","volume":6000,"label":" ","price":20.85},{"type":"B","date":"2018-04-17T07:18:41.000Z","volume":2000,"label":" ","price":20.85},{"type":"B","date":"2018-04-17T07:19:39.000Z","volume":2000,"label":" ","price":20.85},{"type":"B","date":"2018-04-17T07:20:36.000Z","volume":2000,"label":" ","price":20.85},{"type":"B","date":"2018-04-17T07:20:43.000Z","volume":2000,"label":" ","price":20.85},{"type":"B","date":"2018-04-17T07:24:08.000Z","volume":40000,"label":" ","price":20.85},{"type":"A","date":"2018-04-17T07:33:48.000Z","volume":6000,"label":" ","price":20.9},{"type":"B","date":"2018-04-17T07:35:17.000Z","volume":2000,"label":" ","price":20.85},{"type":"A","date":"2018-04-17T07:36:00.000Z","volume":4000,"label":"Y","price":20.9},{"type":"A","date":"2018-04-17T07:36:00.000Z","volume":26000,"label":" ","price":20.9},{"type":"U","date":"2018-04-17T07:36:00.000Z","volume":2000,"label":"X","price":20.9},{"type":"A","date":"2018-04-17T07:36:21.000Z","volume":2000,"label":" ","price":20.9},{"type":"B","date":"2018-04-17T07:36:37.000Z","volume":46000,"label":" ","price":20.85},{"type":"A","date":"2018-04-17T07:36:37.000Z","volume":16000,"label":" ","price":20.85},{"type":"U","date":"2018-04-17T07:36:37.000Z","volume":4000,"label":"X","price":20.9},{"type":"A","date":"2018-04-17T07:36:55.000Z","volume":12000,"label":" ","price":20.9},{"type":"A","date":"2018-04-17T07:37:26.000Z","volume":10000,"label":" ","price":20.95},{"type":"A","date":"2018-04-17T07:41:01.000Z","volume":2000,"label":" ","price":20.95},{"type":"B","date":"2018-04-17T07:44:36.000Z","volume":2000,"label":" ","price":20.9},{"type":"B","date":"2018-04-17T07:45:41.000Z","volume":2000,"label":" ","price":20.9},{"type":"B","date":"2018-04-17T07:47:08.000Z","volume":2000,"label":"Y","price":20.9},{"type":"B","date":"2018-04-17T07:47:46.000Z","volume":2000,"label":" ","price":20.9},{"type":"B","date":"2018-04-17T07:49:47.000Z","volume":2000,"label":" ","price":20.9},{"type":"B","date":"2018-04-17T07:54:23.000Z","volume":2000,"label":"Y","price":20.9},{"type":"B","date":"2018-04-17T07:54:23.000Z","volume":6000,"label":" ","price":20.9},{"type":"B","date":"2018-04-17T07:54:23.000Z","volume":2000,"label":" ","price":20.9},{"type":"B","date":"2018-04-17T07:54:23.000Z","volume":4000,"label":" ","price":20.9},{"type":"B","date":"2018-04-17T07:54:55.000Z","volume":2000,"label":" ","price":20.9},{"type":"U","date":"2018-04-17T07:58:29.000Z","volume":2000,"label":"X","price":20.9},{"type":"B","date":"2018-04-17T07:58:52.000Z","volume":2000,"label":" ","price":20.85},{"type":"B","date":"2018-04-17T07:59:02.000Z","volume":2000,"label":" ","price":20.85},{"type":"B","date":"2018-04-17T07:59:15.000Z","volume":2000,"label":" ","price":20.85},{"type":"A","date":"2018-04-17T07:59:37.000Z","volume":22000,"label":" ","price":20.9},{"type":"U","date":"2018-04-17T08:08:24.000Z","volume":2000,"label":"U","price":20.95}]