[{"type":"A","date":"2018-04-03T01:32:24.000Z","volume":200000,"label":" ","price":0.33},{"type":"B","date":"2018-04-03T01:50:57.000Z","volume":120000,"label":" ","price":0.325},{"type":"B","date":"2018-04-03T01:50:57.000Z","volume":40000,"label":" ","price":0.325},{"type":"B","date":"2018-04-03T01:50:58.000Z","volume":20000,"label":" ","price":0.32},{"type":"B","date":"2018-04-03T01:51:02.000Z","volume":20000,"label":" ","price":0.32},{"type":"B","date":"2018-04-03T02:08:46.000Z","volume":40000,"label":" ","price":0.325},{"type":"B","date":"2018-04-03T02:08:46.000Z","volume":20000,"label":" ","price":0.325},{"type":"A","date":"2018-04-03T02:23:11.000Z","volume":200000,"label":" ","price":0.325},{"type":"B","date":"2018-04-03T02:23:12.000Z","volume":20000,"label":" ","price":0.32},{"type":"B","date":"2018-04-03T02:23:19.000Z","volume":100000,"label":" ","price":0.32},{"type":"B","date":"2018-04-03T02:24:49.000Z","volume":320000,"label":" ","price":0.315},{"type":"B","date":"2018-04-03T02:24:49.000Z","volume":60000,"label":" ","price":0.315},{"type":"A","date":"2018-04-03T02:33:11.000Z","volume":200000,"label":" ","price":0.32},{"type":"A","date":"2018-04-03T02:34:36.000Z","volume":100000,"label":" ","price":0.32},{"type":"B","date":"2018-04-03T02:35:57.000Z","volume":20000,"label":" ","price":0.31},{"type":"B","date":"2018-04-03T02:36:02.000Z","volume":20000,"label":" ","price":0.31},{"type":"A","date":"2018-04-03T02:46:33.000Z","volume":60000,"label":" ","price":0.32},{"type":"A","date":"2018-04-03T03:12:30.000Z","volume":80000,"label":" ","price":0.32},{"type":"A","date":"2018-04-03T03:31:22.000Z","volume":120000,"label":" ","price":0.32},{"type":"A","date":"2018-04-03T03:31:50.000Z","volume":40000,"label":" ","price":0.32},{"type":"A","date":"2018-04-03T03:38:09.000Z","volume":100000,"label":" ","price":0.32},{"type":"A","date":"2018-04-03T03:41:47.000Z","volume":20000,"label":" ","price":0.32},{"type":"A","date":"2018-04-03T03:41:47.000Z","volume":60000,"label":" ","price":0.325},{"type":"B","date":"2018-04-03T03:41:47.000Z","volume":20000,"label":" ","price":0.315},{"type":"A","date":"2018-04-03T03:53:23.000Z","volume":60000,"label":" ","price":0.325},{"type":"A","date":"2018-04-03T05:02:47.000Z","volume":80000,"label":" ","price":0.325},{"type":"A","date":"2018-04-03T05:27:30.000Z","volume":60000,"label":" ","price":0.32},{"type":"A","date":"2018-04-03T05:44:11.000Z","volume":100000,"label":" ","price":0.325},{"type":"A","date":"2018-04-03T06:07:13.000Z","volume":120000,"label":" ","price":0.325},{"type":"A","date":"2018-04-03T06:29:37.000Z","volume":20000,"label":" ","price":0.32},{"type":"A","date":"2018-04-03T06:29:37.000Z","volume":60000,"label":" ","price":0.325},{"type":"A","date":"2018-04-03T06:41:59.000Z","volume":180000,"label":" ","price":0.325},{"type":"A","date":"2018-04-03T06:42:31.000Z","volume":280000,"label":" ","price":0.325},{"type":"B","date":"2018-04-03T06:42:32.000Z","volume":20000,"label":" ","price":0.315},{"type":"A","date":"2018-04-03T06:42:46.000Z","volume":20000,"label":" ","price":0.32},{"type":"A","date":"2018-04-03T07:07:13.000Z","volume":100000,"label":" ","price":0.32},{"type":"A","date":"2018-04-03T07:21:49.000Z","volume":160000,"label":" ","price":0.32},{"type":"B","date":"2018-04-03T07:21:50.000Z","volume":20000,"label":" ","price":0.315},{"type":"A","date":"2018-04-03T07:27:04.000Z","volume":40000,"label":" ","price":0.32},{"type":"A","date":"2018-04-03T07:51:51.000Z","volume":60000,"label":" ","price":0.32},{"type":"B","date":"2018-04-03T07:59:00.000Z","volume":20000,"label":" ","price":0.315},{"type":"A","date":"2018-04-03T07:59:05.000Z","volume":40000,"label":" ","price":0.32},{"type":"B","date":"2018-04-03T07:59:09.000Z","volume":20000,"label":" ","price":0.315},{"type":"B","date":"2018-04-03T07:59:35.000Z","volume":60000,"label":" ","price":0.32}]