[{"type":"B","date":"2018-04-03T01:49:00.000Z","volume":2000,"label":" ","price":4.11},{"type":"B","date":"2018-04-03T02:03:47.000Z","volume":10000,"label":" ","price":4.11},{"type":"B","date":"2018-04-03T02:03:47.000Z","volume":10000,"label":" ","price":4.1},{"type":"B","date":"2018-04-03T02:39:02.000Z","volume":2000,"label":" ","price":4.11},{"type":"B","date":"2018-04-03T02:44:25.000Z","volume":2000,"label":" ","price":4.12},{"type":"B","date":"2018-04-03T03:08:00.000Z","volume":10000,"label":" ","price":4.12},{"type":"A","date":"2018-04-03T03:11:18.000Z","volume":4000,"label":" ","price":4.18},{"type":"A","date":"2018-04-03T03:11:18.000Z","volume":2000,"label":" ","price":4.19},{"type":"A","date":"2018-04-03T03:11:18.000Z","volume":4000,"label":"Y","price":4.2},{"type":"A","date":"2018-04-03T03:11:18.000Z","volume":10000,"label":" ","price":4.2},{"type":"B","date":"2018-04-03T03:13:24.000Z","volume":2000,"label":" ","price":4.15},{"type":"U","date":"2018-04-03T03:35:11.000Z","volume":200,"label":"D","price":4.12},{"type":"B","date":"2018-04-03T03:54:16.000Z","volume":2000,"label":" ","price":4.16},{"type":"B","date":"2018-04-03T05:18:56.000Z","volume":16000,"label":" ","price":4.17},{"type":"B","date":"2018-04-03T05:18:56.000Z","volume":6000,"label":" ","price":4.16},{"type":"A","date":"2018-04-03T05:41:33.000Z","volume":4000,"label":" ","price":4.15},{"type":"B","date":"2018-04-03T05:41:36.000Z","volume":2000,"label":" ","price":4.15},{"type":"A","date":"2018-04-03T05:48:23.000Z","volume":2000,"label":" ","price":4.16},{"type":"B","date":"2018-04-03T06:21:26.000Z","volume":2000,"label":" ","price":4.15},{"type":"B","date":"2018-04-03T06:43:36.000Z","volume":42000,"label":" ","price":4.15},{"type":"B","date":"2018-04-03T07:03:45.000Z","volume":2000,"label":" ","price":4.15},{"type":"B","date":"2018-04-03T07:10:33.000Z","volume":10000,"label":" ","price":4.15},{"type":"B","date":"2018-04-03T07:16:03.000Z","volume":30000,"label":" ","price":4.15},{"type":"B","date":"2018-04-03T07:16:03.000Z","volume":8000,"label":" ","price":4.15},{"type":"B","date":"2018-04-03T07:48:53.000Z","volume":2000,"label":" ","price":4.13},{"type":"B","date":"2018-04-03T07:59:26.000Z","volume":2000,"label":" ","price":4.12}]