[{"type":"U","date":"2018-04-26T01:20:00.000Z","volume":402000,"label":"U","price":6.1},{"type":"B","date":"2018-04-26T01:30:00.000Z","volume":10000,"label":" ","price":6.08},{"type":"B","date":"2018-04-26T01:30:00.000Z","volume":10000,"label":" ","price":6.06},{"type":"A","date":"2018-04-26T01:30:00.000Z","volume":30000,"label":" ","price":6.1},{"type":"A","date":"2018-04-26T01:30:00.000Z","volume":4000,"label":" ","price":6.1},{"type":"A","date":"2018-04-26T01:30:00.000Z","volume":40000,"label":" ","price":6.1},{"type":"A","date":"2018-04-26T01:30:00.000Z","volume":2000,"label":" ","price":6.1},{"type":"A","date":"2018-04-26T01:30:00.000Z","volume":14000,"label":" ","price":6.1},{"type":"A","date":"2018-04-26T01:30:00.000Z","volume":4000,"label":" ","price":6.1},{"type":"B","date":"2018-04-26T01:30:00.000Z","volume":10000,"label":" ","price":6.1},{"type":"B","date":"2018-04-26T01:30:00.000Z","volume":2000,"label":" ","price":6.1},{"type":"U","date":"2018-04-26T01:30:01.000Z","volume":20000,"label":" ","price":6.1},{"type":"B","date":"2018-04-26T01:30:02.000Z","volume":58000,"label":" ","price":6.1},{"type":"B","date":"2018-04-26T01:30:02.000Z","volume":2000,"label":" ","price":6.07},{"type":"B","date":"2018-04-26T01:30:02.000Z","volume":4000,"label":" ","price":6.08},{"type":"U","date":"2018-04-26T01:30:03.000Z","volume":2000,"label":" ","price":6.04},{"type":"A","date":"2018-04-26T01:30:04.000Z","volume":4000,"label":" ","price":6.06},{"type":"A","date":"2018-04-26T01:30:04.000Z","volume":2000,"label":" ","price":6.06},{"type":"A","date":"2018-04-26T01:30:04.000Z","volume":10000,"label":" ","price":6.06},{"type":"A","date":"2018-04-26T01:30:07.000Z","volume":46000,"label":" ","price":6.05},{"type":"A","date":"2018-04-26T01:30:07.000Z","volume":4000,"label":" ","price":6.06},{"type":"A","date":"2018-04-26T01:30:07.000Z","volume":4000,"label":" ","price":6.06},{"type":"A","date":"2018-04-26T01:30:07.000Z","volume":2000,"label":" ","price":6.06},{"type":"B","date":"2018-04-26T01:30:07.000Z","volume":100000,"label":" ","price":6.02},{"type":"A","date":"2018-04-26T01:30:08.000Z","volume":2000,"label":" ","price":6.04},{"type":"B","date":"2018-04-26T01:30:08.000Z","volume":32000,"label":" ","price":6.01},{"type":"A","date":"2018-04-26T01:30:09.000Z","volume":4000,"label":" ","price":6.04},{"type":"B","date":"2018-04-26T01:30:09.000Z","volume":40000,"label":" ","price":6},{"type":"B","date":"2018-04-26T01:30:09.000Z","volume":80000,"label":" ","price":6},{"type":"B","date":"2018-04-26T01:30:11.000Z","volume":20000,"label":" ","price":5.98},{"type":"U","date":"2018-04-26T01:30:11.000Z","volume":20000,"label":" ","price":6},{"type":"B","date":"2018-04-26T01:30:12.000Z","volume":2000,"label":" ","price":5.97},{"type":"B","date":"2018-04-26T01:30:13.000Z","volume":4000,"label":" ","price":5.96},{"type":"A","date":"2018-04-26T01:30:14.000Z","volume":2000,"label":" ","price":5.98},{"type":"A","date":"2018-04-26T01:30:16.000Z","volume":2000,"label":" ","price":5.98},{"type":"A","date":"2018-04-26T01:30:17.000Z","volume":10000,"label":" ","price":6},{"type":"U","date":"2018-04-26T01:30:17.000Z","volume":2000,"label":" ","price":5.94},{"type":"A","date":"2018-04-26T01:30:19.000Z","volume":2000,"label":" ","price":5.98},{"type":"A","date":"2018-04-26T01:30:22.000Z","volume":10000,"label":" ","price":5.98},{"type":"U","date":"2018-04-26T01:30:22.000Z","volume":2000,"label":" ","price":5.94},{"type":"A","date":"2018-04-26T01:30:22.000Z","volume":10000,"label":" ","price":5.98},{"type":"A","date":"2018-04-26T01:30:24.000Z","volume":4000,"label":" ","price":5.99},{"type":"B","date":"2018-04-26T01:30:25.000Z","volume":26000,"label":" ","price":5.91},{"type":"B","date":"2018-04-26T01:30:25.000Z","volume":2000,"label":" ","price":5.9},{"type":"B","date":"2018-04-26T01:30:25.000Z","volume":242000,"label":" ","price":5.88},{"type":"B","date":"2018-04-26T01:30:25.000Z","volume":2000,"label":" ","price":5.86},{"type":"B","date":"2018-04-26T01:30:25.000Z","volume":6000,"label":" ","price":5.84},{"type":"A","date":"2018-04-26T01:30:26.000Z","volume":2000,"label":" ","price":5.88},{"type":"A","date":"2018-04-26T01:30:26.000Z","volume":4000,"label":" ","price":5.88},{"type":"A","date":"2018-04-26T01:30:26.000Z","volume":4000,"label":" ","price":5.98},{"type":"A","date":"2018-04-26T01:30:27.000Z","volume":2000,"label":" ","price":5.98},{"type":"A","date":"2018-04-26T01:30:28.000Z","volume":2000,"label":" ","price":5.93},{"type":"A","date":"2018-04-26T01:30:28.000Z","volume":2000,"label":" ","price":5.94},{"type":"A","date":"2018-04-26T01:30:28.000Z","volume":2000,"label":" ","price":5.95},{"type":"A","date":"2018-04-26T01:30:28.000Z","volume":4000,"label":" ","price":5.98},{"type":"B","date":"2018-04-26T01:30:29.000Z","volume":2000,"label":" ","price":5.92},{"type":"A","date":"2018-04-26T01:30:30.000Z","volume":20000,"label":" ","price":5.91},{"type":"B","date":"2018-04-26T01:30:30.000Z","volume":10000,"label":" ","price":5.88},{"type":"B","date":"2018-04-26T01:30:31.000Z","volume":20000,"label":" ","price":5.88},{"type":"A","date":"2018-04-26T01:30:32.000Z","volume":8000,"label":" ","price":5.88},{"type":"A","date":"2018-04-26T01:30:32.000Z","volume":68000,"label":" ","price":5.88},{"type":"A","date":"2018-04-26T01:30:32.000Z","volume":2000,"label":" ","price":5.87},{"type":"A","date":"2018-04-26T01:30:32.000Z","volume":88000,"label":" ","price":5.88},{"type":"A","date":"2018-04-26T01:30:32.000Z","volume":2000,"label":" ","price":5.89},{"type":"A","date":"2018-04-26T01:30:32.000Z","volume":2000,"label":" ","price":5.9},{"type":"A","date":"2018-04-26T01:30:32.000Z","volume":8000,"label":" ","price":5.9},{"type":"A","date":"2018-04-26T01:30:32.000Z","volume":2000,"label":" ","price":5.9},{"type":"A","date":"2018-04-26T01:30:32.000Z","volume":8000,"label":" ","price":5.91},{"type":"B","date":"2018-04-26T01:30:33.000Z","volume":12000,"label":" ","price":5.91},{"type":"B","date":"2018-04-26T01:30:35.000Z","volume":12000,"label":" ","price":5.91},{"type":"A","date":"2018-04-26T01:30:36.000Z","volume":38000,"label":" ","price":5.97},{"type":"A","date":"2018-04-26T01:30:36.000Z","volume":44000,"label":" ","price":5.98},{"type":"A","date":"2018-04-26T01:30:36.000Z","volume":18000,"label":" ","price":5.99},{"type":"A","date":"2018-04-26T01:30:36.000Z","volume":18000,"label":" ","price":5.99},{"type":"A","date":"2018-04-26T01:30:36.000Z","volume":22000,"label":" ","price":6},{"type":"A","date":"2018-04-26T01:30:36.000Z","volume":42000,"label":" ","price":5.99},{"type":"A","date":"2018-04-26T01:30:36.000Z","volume":8000,"label":" ","price":6},{"type":"A","date":"2018-04-26T01:30:37.000Z","volume":60000,"label":" ","price":6},{"type":"A","date":"2018-04-26T01:30:37.000Z","volume":2000,"label":" ","price":6},{"type":"A","date":"2018-04-26T01:30:37.000Z","volume":4000,"label":" ","price":6},{"type":"B","date":"2018-04-26T01:30:38.000Z","volume":2000,"label":" ","price":5.92},{"type":"B","date":"2018-04-26T01:30:38.000Z","volume":12000,"label":" ","price":5.91},{"type":"B","date":"2018-04-26T01:30:38.000Z","volume":44000,"label":" ","price":5.9},{"type":"A","date":"2018-04-26T01:30:38.000Z","volume":16000,"label":"Y","price":5.95},{"type":"A","date":"2018-04-26T01:30:38.000Z","volume":24000,"label":" ","price":5.95},{"type":"U","date":"2018-04-26T01:30:38.000Z","volume":2000,"label":" ","price":5.95},{"type":"B","date":"2018-04-26T01:30:39.000Z","volume":18000,"label":" ","price":5.95},{"type":"B","date":"2018-04-26T01:30:39.000Z","volume":20000,"label":" ","price":5.92},{"type":"B","date":"2018-04-26T01:30:40.000Z","volume":154000,"label":" ","price":5.9},{"type":"B","date":"2018-04-26T01:30:40.000Z","volume":10000,"label":" ","price":5.89},{"type":"B","date":"2018-04-26T01:30:40.000Z","volume":2000,"label":" ","price":5.88},{"type":"A","date":"2018-04-26T01:30:41.000Z","volume":2000,"label":" ","price":5.87},{"type":"A","date":"2018-04-26T01:30:41.000Z","volume":6000,"label":" ","price":5.87},{"type":"A","date":"2018-04-26T01:30:41.000Z","volume":2000,"label":" ","price":5.9},{"type":"U","date":"2018-04-26T01:30:42.000Z","volume":38000,"label":" ","price":5.83},{"type":"A","date":"2018-04-26T01:30:44.000Z","volume":10000,"label":" ","price":5.9},{"type":"A","date":"2018-04-26T01:30:44.000Z","volume":10000,"label":" ","price":5.9},{"type":"U","date":"2018-04-26T01:30:47.000Z","volume":10000,"label":" ","price":5.85},{"type":"B","date":"2018-04-26T01:30:48.000Z","volume":2000,"label":" ","price":5.87},{"type":"B","date":"2018-04-26T01:30:49.000Z","volume":12000,"label":" ","price":5.83},{"type":"B","date":"2018-04-26T01:30:51.000Z","volume":6000,"label":" ","price":5.82},{"type":"A","date":"2018-04-26T01:30:51.000Z","volume":2000,"label":" ","price":5.82},{"type":"A","date":"2018-04-26T01:30:52.000Z","volume":10000,"label":" ","price":5.82},{"type":"B","date":"2018-04-26T01:30:52.000Z","volume":8000,"label":"Y","price":5.81},{"type":"B","date":"2018-04-26T01:30:52.000Z","volume":10000,"label":" ","price":5.81},{"type":"B","date":"2018-04-26T01:30:52.000Z","volume":58000,"label":"Y","price":5.8},{"type":"B","date":"2018-04-26T01:30:52.000Z","volume":14000,"label":" ","price":5.8},{"type":"B","date":"2018-04-26T01:30:52.000Z","volume":12000,"label":" ","price":5.8},{"type":"B","date":"2018-04-26T01:30:53.000Z","volume":8000,"label":" ","price":5.8},{"type":"A","date":"2018-04-26T01:30:56.000Z","volume":14000,"label":" ","price":5.82},{"type":"A","date":"2018-04-26T01:30:57.000Z","volume":20000,"label":" ","price":5.8},{"type":"A","date":"2018-04-26T01:30:57.000Z","volume":8000,"label":" ","price":5.81},{"type":"A","date":"2018-04-26T01:30:57.000Z","volume":72000,"label":" ","price":5.82},{"type":"A","date":"2018-04-26T01:30:58.000Z","volume":10000,"label":" ","price":5.85},{"type":"B","date":"2018-04-26T01:30:58.000Z","volume":10000,"label":" ","price":5.82},{"type":"B","date":"2018-04-26T01:30:59.000Z","volume":244000,"label":" ","price":5.82},{"type":"U","date":"2018-04-26T01:30:59.000Z","volume":10000,"label":" ","price":5.82},{"type":"A","date":"2018-04-26T01:31:01.000Z","volume":108000,"label":" ","price":5.85},{"type":"A","date":"2018-04-26T01:31:01.000Z","volume":38000,"label":" ","price":5.86},{"type":"A","date":"2018-04-26T01:31:01.000Z","volume":54000,"label":" ","price":5.87},{"type":"U","date":"2018-04-26T01:31:03.000Z","volume":2000,"label":" ","price":5.85},{"type":"B","date":"2018-04-26T01:31:05.000Z","volume":40000,"label":" ","price":5.8},{"type":"B","date":"2018-04-26T01:31:07.000Z","volume":10000,"label":" ","price":5.76},{"type":"B","date":"2018-04-26T01:31:07.000Z","volume":142000,"label":" ","price":5.76},{"type":"U","date":"2018-04-26T01:31:09.000Z","volume":10000,"label":" ","price":5.79},{"type":"A","date":"2018-04-26T01:31:11.000Z","volume":6000,"label":" ","price":5.8},{"type":"A","date":"2018-04-26T01:31:11.000Z","volume":2000,"label":" ","price":5.8},{"type":"B","date":"2018-04-26T01:31:15.000Z","volume":10000,"label":" ","price":5.75},{"type":"A","date":"2018-04-26T01:31:16.000Z","volume":4000,"label":" ","price":5.75},{"type":"B","date":"2018-04-26T01:31:18.000Z","volume":20000,"label":" ","price":5.73},{"type":"A","date":"2018-04-26T01:31:18.000Z","volume":72000,"label":" ","price":5.75},{"type":"B","date":"2018-04-26T01:31:19.000Z","volume":4000,"label":" ","price":5.73},{"type":"A","date":"2018-04-26T01:31:19.000Z","volume":10000,"label":" ","price":5.73},{"type":"A","date":"2018-04-26T01:31:21.000Z","volume":2000,"label":" ","price":5.73},{"type":"A","date":"2018-04-26T01:31:21.000Z","volume":10000,"label":" ","price":5.73},{"type":"A","date":"2018-04-26T01:31:22.000Z","volume":10000,"label":" ","price":5.73},{"type":"A","date":"2018-04-26T01:31:23.000Z","volume":30000,"label":" ","price":5.73},{"type":"B","date":"2018-04-26T01:31:24.000Z","volume":10000,"label":" ","price":5.7},{"type":"B","date":"2018-04-26T01:31:25.000Z","volume":4000,"label":" ","price":5.7},{"type":"A","date":"2018-04-26T01:31:25.000Z","volume":4000,"label":" ","price":5.73},{"type":"B","date":"2018-04-26T01:31:27.000Z","volume":2000,"label":" ","price":5.72},{"type":"B","date":"2018-04-26T01:31:27.000Z","volume":10000,"label":" ","price":5.7},{"type":"A","date":"2018-04-26T01:31:27.000Z","volume":10000,"label":" ","price":5.75},{"type":"A","date":"2018-04-26T01:31:28.000Z","volume":10000,"label":" ","price":5.75},{"type":"B","date":"2018-04-26T01:31:29.000Z","volume":20000,"label":" ","price":5.7},{"type":"U","date":"2018-04-26T01:31:30.000Z","volume":6000,"label":" ","price":5.7},{"type":"B","date":"2018-04-26T01:31:31.000Z","volume":2000,"label":" ","price":5.72},{"type":"B","date":"2018-04-26T01:31:31.000Z","volume":6000,"label":" ","price":5.7},{"type":"A","date":"2018-04-26T01:31:32.000Z","volume":10000,"label":" ","price":5.75},{"type":"B","date":"2018-04-26T01:31:33.000Z","volume":14000,"label":" ","price":5.71},{"type":"B","date":"2018-04-26T01:31:34.000Z","volume":24000,"label":" ","price":5.7},{"type":"B","date":"2018-04-26T01:31:34.000Z","volume":24000,"label":" ","price":5.7},{"type":"B","date":"2018-04-26T01:31:35.000Z","volume":10000,"label":" ","price":5.71},{"type":"A","date":"2018-04-26T01:31:36.000Z","volume":26000,"label":" ","price":5.75},{"type":"U","date":"2018-04-26T01:31:37.000Z","volume":12000,"label":" ","price":5.75},{"type":"B","date":"2018-04-26T01:31:37.000Z","volume":8000,"label":" ","price":5.75},{"type":"B","date":"2018-04-26T01:31:39.000Z","volume":10000,"label":" ","price":5.74},{"type":"B","date":"2018-04-26T01:31:41.000Z","volume":22000,"label":" ","price":5.72},{"type":"B","date":"2018-04-26T01:31:43.000Z","volume":30000,"label":" ","price":5.73},{"type":"A","date":"2018-04-26T01:31:43.000Z","volume":10000,"label":" ","price":5.74},{"type":"B","date":"2018-04-26T01:31:45.000Z","volume":4000,"label":" ","price":5.71},{"type":"A","date":"2018-04-26T01:31:45.000Z","volume":20000,"label":" ","price":5.74},{"type":"A","date":"2018-04-26T01:31:47.000Z","volume":10000,"label":" ","price":5.74},{"type":"B","date":"2018-04-26T01:31:47.000Z","volume":20000,"label":" ","price":5.71},{"type":"A","date":"2018-04-26T01:31:47.000Z","volume":10000,"label":" ","price":5.74},{"type":"B","date":"2018-04-26T01:31:49.000Z","volume":2000,"label":" ","price":5.71},{"type":"B","date":"2018-04-26T01:31:51.000Z","volume":100000,"label":" ","price":5.73},{"type":"A","date":"2018-04-26T01:31:52.000Z","volume":10000,"label":" ","price":5.74},{"type":"B","date":"2018-04-26T01:31:53.000Z","volume":12000,"label":" ","price":5.72},{"type":"A","date":"2018-04-26T01:31:54.000Z","volume":132000,"label":" ","price":5.74},{"type":"A","date":"2018-04-26T01:31:54.000Z","volume":2000,"label":" ","price":5.75},{"type":"U","date":"2018-04-26T01:31:54.000Z","volume":6000,"label":" ","price":5.75},{"type":"A","date":"2018-04-26T01:31:55.000Z","volume":6000,"label":" ","price":5.79},{"type":"A","date":"2018-04-26T01:31:55.000Z","volume":2000,"label":" ","price":5.8},{"type":"B","date":"2018-04-26T01:31:55.000Z","volume":2000,"label":" ","price":5.73},{"type":"B","date":"2018-04-26T01:31:55.000Z","volume":66000,"label":" ","price":5.73},{"type":"A","date":"2018-04-26T01:32:02.000Z","volume":8000,"label":" ","price":5.78},{"type":"U","date":"2018-04-26T01:32:03.000Z","volume":40000,"label":" ","price":5.76},{"type":"A","date":"2018-04-26T01:32:07.000Z","volume":20000,"label":" ","price":5.78},{"type":"B","date":"2018-04-26T01:32:07.000Z","volume":76000,"label":" ","price":5.75},{"type":"B","date":"2018-04-26T01:32:07.000Z","volume":100000,"label":" ","price":5.74},{"type":"B","date":"2018-04-26T01:32:07.000Z","volume":50000,"label":" ","price":5.73},{"type":"B","date":"2018-04-26T01:32:07.000Z","volume":152000,"label":" ","price":5.72},{"type":"B","date":"2018-04-26T01:32:07.000Z","volume":2000,"label":" ","price":5.72},{"type":"U","date":"2018-04-26T01:32:07.000Z","volume":10000,"label":" ","price":5.76},{"type":"A","date":"2018-04-26T01:32:08.000Z","volume":8000,"label":" ","price":5.78},{"type":"A","date":"2018-04-26T01:32:09.000Z","volume":10000,"label":" ","price":5.78},{"type":"A","date":"2018-04-26T01:32:13.000Z","volume":8000,"label":" ","price":5.77},{"type":"A","date":"2018-04-26T01:32:16.000Z","volume":10000,"label":" ","price":5.77},{"type":"A","date":"2018-04-26T01:32:17.000Z","volume":4000,"label":" ","price":5.77},{"type":"B","date":"2018-04-26T01:32:17.000Z","volume":4000,"label":" ","price":5.73},{"type":"B","date":"2018-04-26T01:32:17.000Z","volume":12000,"label":" ","price":5.72},{"type":"A","date":"2018-04-26T01:32:21.000Z","volume":2000,"label":" ","price":5.76},{"type":"A","date":"2018-04-26T01:32:21.000Z","volume":10000,"label":" ","price":5.76},{"type":"A","date":"2018-04-26T01:32:22.000Z","volume":2000,"label":" ","price":5.76},{"type":"A","date":"2018-04-26T01:32:22.000Z","volume":2000,"label":" ","price":5.76},{"type":"A","date":"2018-04-26T01:32:26.000Z","volume":8000,"label":" ","price":5.76},{"type":"A","date":"2018-04-26T01:32:26.000Z","volume":10000,"label":" ","price":5.76},{"type":"A","date":"2018-04-26T01:32:27.000Z","volume":6000,"label":" ","price":5.76},{"type":"B","date":"2018-04-26T01:32:27.000Z","volume":10000,"label":" ","price":5.76},{"type":"B","date":"2018-04-26T01:32:27.000Z","volume":4000,"label":" ","price":5.75},{"type":"A","date":"2018-04-26T01:32:28.000Z","volume":30000,"label":" ","price":5.77},{"type":"B","date":"2018-04-26T01:32:28.000Z","volume":2000,"label":" ","price":5.75},{"type":"B","date":"2018-04-26T01:32:28.000Z","volume":6000,"label":" ","price":5.74},{"type":"A","date":"2018-04-26T01:32:28.000Z","volume":10000,"label":" ","price":5.77},{"type":"A","date":"2018-04-26T01:32:28.000Z","volume":20000,"label":" ","price":5.77},{"type":"B","date":"2018-04-26T01:32:28.000Z","volume":4000,"label":" ","price":5.74},{"type":"B","date":"2018-04-26T01:32:28.000Z","volume":4000,"label":" ","price":5.73},{"type":"A","date":"2018-04-26T01:32:28.000Z","volume":4000,"label":" ","price":5.77},{"type":"A","date":"2018-04-26T01:32:28.000Z","volume":16000,"label":" ","price":5.77},{"type":"B","date":"2018-04-26T01:32:29.000Z","volume":6000,"label":" ","price":5.76},{"type":"A","date":"2018-04-26T01:32:30.000Z","volume":10000,"label":" ","price":5.77},{"type":"A","date":"2018-04-26T01:32:30.000Z","volume":4000,"label":" ","price":5.77},{"type":"A","date":"2018-04-26T01:32:30.000Z","volume":2000,"label":" ","price":5.77},{"type":"A","date":"2018-04-26T01:32:30.000Z","volume":2000,"label":" ","price":5.77},{"type":"A","date":"2018-04-26T01:32:30.000Z","volume":2000,"label":" ","price":5.77},{"type":"A","date":"2018-04-26T01:32:30.000Z","volume":2000,"label":" ","price":5.77},{"type":"B","date":"2018-04-26T01:32:34.000Z","volume":10000,"label":" ","price":5.77},{"type":"B","date":"2018-04-26T01:32:35.000Z","volume":10000,"label":" ","price":5.76},{"type":"B","date":"2018-04-26T01:32:36.000Z","volume":2000,"label":" ","price":5.76},{"type":"B","date":"2018-04-26T01:32:41.000Z","volume":2000,"label":" ","price":5.76},{"type":"B","date":"2018-04-26T01:32:42.000Z","volume":2000,"label":" ","price":5.76},{"type":"A","date":"2018-04-26T01:32:42.000Z","volume":8000,"label":" ","price":5.77},{"type":"A","date":"2018-04-26T01:32:45.000Z","volume":4000,"label":" ","price":5.77},{"type":"B","date":"2018-04-26T01:32:45.000Z","volume":4000,"label":" ","price":5.76},{"type":"B","date":"2018-04-26T01:32:46.000Z","volume":6000,"label":" ","price":5.75},{"type":"B","date":"2018-04-26T01:32:46.000Z","volume":52000,"label":" ","price":5.75},{"type":"B","date":"2018-04-26T01:32:47.000Z","volume":10000,"label":" ","price":5.74},{"type":"B","date":"2018-04-26T01:32:47.000Z","volume":8000,"label":" ","price":5.73},{"type":"B","date":"2018-04-26T01:32:48.000Z","volume":40000,"label":" ","price":5.73},{"type":"B","date":"2018-04-26T01:32:49.000Z","volume":14000,"label":" ","price":5.73},{"type":"A","date":"2018-04-26T01:32:49.000Z","volume":10000,"label":" ","price":5.75},{"type":"U","date":"2018-04-26T01:32:50.000Z","volume":2000,"label":" ","price":5.74},{"type":"B","date":"2018-04-26T01:32:50.000Z","volume":8000,"label":" ","price":5.72},{"type":"B","date":"2018-04-26T01:32:50.000Z","volume":8000,"label":" ","price":5.72},{"type":"B","date":"2018-04-26T01:32:52.000Z","volume":4000,"label":" ","price":5.72},{"type":"B","date":"2018-04-26T01:32:54.000Z","volume":30000,"label":" ","price":5.71},{"type":"A","date":"2018-04-26T01:32:54.000Z","volume":10000,"label":" ","price":5.72},{"type":"B","date":"2018-04-26T01:32:54.000Z","volume":2000,"label":" ","price":5.71},{"type":"B","date":"2018-04-26T01:32:55.000Z","volume":10000,"label":" ","price":5.7},{"type":"B","date":"2018-04-26T01:32:55.000Z","volume":18000,"label":" ","price":5.7},{"type":"B","date":"2018-04-26T01:32:55.000Z","volume":4000,"label":" ","price":5.7},{"type":"B","date":"2018-04-26T01:32:55.000Z","volume":10000,"label":" ","price":5.7},{"type":"B","date":"2018-04-26T01:32:56.000Z","volume":28000,"label":" ","price":5.7},{"type":"B","date":"2018-04-26T01:32:56.000Z","volume":16000,"label":" ","price":5.7},{"type":"A","date":"2018-04-26T01:32:56.000Z","volume":48000,"label":" ","price":5.71},{"type":"A","date":"2018-04-26T01:32:56.000Z","volume":2000,"label":" ","price":5.72},{"type":"B","date":"2018-04-26T01:32:56.000Z","volume":8000,"label":" ","price":5.7},{"type":"B","date":"2018-04-26T01:32:57.000Z","volume":20000,"label":" ","price":5.7},{"type":"B","date":"2018-04-26T01:32:57.000Z","volume":8000,"label":" ","price":5.7},{"type":"B","date":"2018-04-26T01:32:57.000Z","volume":20000,"label":" ","price":5.7},{"type":"B","date":"2018-04-26T01:32:57.000Z","volume":16000,"label":" ","price":5.7},{"type":"A","date":"2018-04-26T01:32:57.000Z","volume":12000,"label":" ","price":5.71},{"type":"A","date":"2018-04-26T01:32:57.000Z","volume":14000,"label":" ","price":5.71},{"type":"A","date":"2018-04-26T01:32:57.000Z","volume":4000,"label":" ","price":5.71},{"type":"A","date":"2018-04-26T01:32:59.000Z","volume":10000,"label":" ","price":5.72},{"type":"A","date":"2018-04-26T01:33:00.000Z","volume":50000,"label":" ","price":5.72},{"type":"B","date":"2018-04-26T01:33:00.000Z","volume":6000,"label":" ","price":5.69},{"type":"B","date":"2018-04-26T01:33:00.000Z","volume":6000,"label":" ","price":5.68},{"type":"B","date":"2018-04-26T01:33:00.000Z","volume":6000,"label":" ","price":5.67},{"type":"U","date":"2018-04-26T01:33:02.000Z","volume":18000,"label":" ","price":5.69},{"type":"A","date":"2018-04-26T01:33:02.000Z","volume":14000,"label":" ","price":5.7},{"type":"A","date":"2018-04-26T01:33:02.000Z","volume":58000,"label":" ","price":5.71},{"type":"A","date":"2018-04-26T01:33:02.000Z","volume":6000,"label":" ","price":5.71},{"type":"A","date":"2018-04-26T01:33:03.000Z","volume":28000,"label":" ","price":5.71},{"type":"A","date":"2018-04-26T01:33:03.000Z","volume":26000,"label":" ","price":5.71},{"type":"U","date":"2018-04-26T01:33:03.000Z","volume":2000,"label":" ","price":5.7},{"type":"B","date":"2018-04-26T01:33:04.000Z","volume":2000,"label":" ","price":5.67},{"type":"B","date":"2018-04-26T01:33:10.000Z","volume":18000,"label":" ","price":5.66},{"type":"B","date":"2018-04-26T01:33:10.000Z","volume":10000,"label":" ","price":5.66},{"type":"B","date":"2018-04-26T01:33:10.000Z","volume":2000,"label":" ","price":5.65},{"type":"A","date":"2018-04-26T01:33:11.000Z","volume":4000,"label":" ","price":5.67},{"type":"B","date":"2018-04-26T01:33:13.000Z","volume":28000,"label":" ","price":5.62},{"type":"U","date":"2018-04-26T01:33:17.000Z","volume":2000,"label":" ","price":5.63},{"type":"U","date":"2018-04-26T01:33:20.000Z","volume":2000,"label":" ","price":5.63},{"type":"B","date":"2018-04-26T01:33:20.000Z","volume":20000,"label":" ","price":5.62},{"type":"U","date":"2018-04-26T01:33:21.000Z","volume":8000,"label":" ","price":5.63},{"type":"U","date":"2018-04-26T01:33:21.000Z","volume":2000,"label":" ","price":5.63},{"type":"A","date":"2018-04-26T01:33:23.000Z","volume":8000,"label":" ","price":5.68},{"type":"A","date":"2018-04-26T01:33:23.000Z","volume":2000,"label":" ","price":5.69},{"type":"B","date":"2018-04-26T01:33:24.000Z","volume":2000,"label":" ","price":5.62},{"type":"B","date":"2018-04-26T01:33:24.000Z","volume":4000,"label":" ","price":5.6},{"type":"B","date":"2018-04-26T01:33:24.000Z","volume":12000,"label":" ","price":5.58},{"type":"B","date":"2018-04-26T01:33:25.000Z","volume":16000,"label":" ","price":5.6},{"type":"B","date":"2018-04-26T01:33:25.000Z","volume":14000,"label":" ","price":5.6},{"type":"A","date":"2018-04-26T01:33:26.000Z","volume":28000,"label":" ","price":5.69},{"type":"A","date":"2018-04-26T01:33:26.000Z","volume":22000,"label":" ","price":5.7},{"type":"A","date":"2018-04-26T01:33:26.000Z","volume":30000,"label":" ","price":5.7},{"type":"B","date":"2018-04-26T01:33:26.000Z","volume":2000,"label":" ","price":5.58},{"type":"B","date":"2018-04-26T01:33:26.000Z","volume":6000,"label":" ","price":5.57},{"type":"B","date":"2018-04-26T01:33:26.000Z","volume":8000,"label":" ","price":5.54},{"type":"U","date":"2018-04-26T01:33:26.000Z","volume":6000,"label":" ","price":5.67},{"type":"A","date":"2018-04-26T01:33:29.000Z","volume":2000,"label":" ","price":5.65},{"type":"U","date":"2018-04-26T01:33:30.000Z","volume":2000,"label":" ","price":5.6},{"type":"U","date":"2018-04-26T01:33:31.000Z","volume":2000,"label":" ","price":5.63},{"type":"U","date":"2018-04-26T01:33:35.000Z","volume":2000,"label":" ","price":5.6},{"type":"A","date":"2018-04-26T01:33:36.000Z","volume":2000,"label":" ","price":5.63},{"type":"A","date":"2018-04-26T01:33:37.000Z","volume":12000,"label":" ","price":5.63},{"type":"A","date":"2018-04-26T01:33:37.000Z","volume":4000,"label":" ","price":5.64},{"type":"A","date":"2018-04-26T01:33:37.000Z","volume":6000,"label":" ","price":5.65},{"type":"B","date":"2018-04-26T01:33:38.000Z","volume":14000,"label":" ","price":5.6},{"type":"B","date":"2018-04-26T01:33:38.000Z","volume":12000,"label":" ","price":5.59},{"type":"B","date":"2018-04-26T01:33:38.000Z","volume":2000,"label":" ","price":5.58},{"type":"B","date":"2018-04-26T01:33:38.000Z","volume":2000,"label":" ","price":5.57},{"type":"B","date":"2018-04-26T01:33:39.000Z","volume":12000,"label":" ","price":5.57},{"type":"U","date":"2018-04-26T01:33:40.000Z","volume":4000,"label":" ","price":5.63},{"type":"U","date":"2018-04-26T01:33:40.000Z","volume":10000,"label":" ","price":5.6},{"type":"A","date":"2018-04-26T01:33:40.000Z","volume":6000,"label":" ","price":5.65},{"type":"A","date":"2018-04-26T01:33:40.000Z","volume":10000,"label":" ","price":5.66},{"type":"A","date":"2018-04-26T01:33:40.000Z","volume":44000,"label":" ","price":5.67},{"type":"A","date":"2018-04-26T01:33:40.000Z","volume":4000,"label":" ","price":5.68},{"type":"A","date":"2018-04-26T01:33:40.000Z","volume":6000,"label":" ","price":5.69},{"type":"U","date":"2018-04-26T01:33:40.000Z","volume":20000,"label":" ","price":5.61},{"type":"B","date":"2018-04-26T01:33:40.000Z","volume":4000,"label":" ","price":5.59},{"type":"U","date":"2018-04-26T01:33:41.000Z","volume":40000,"label":" ","price":5.6},{"type":"B","date":"2018-04-26T01:33:41.000Z","volume":12000,"label":" ","price":5.59},{"type":"B","date":"2018-04-26T01:33:45.000Z","volume":2000,"label":" ","price":5.61},{"type":"A","date":"2018-04-26T01:33:45.000Z","volume":10000,"label":" ","price":5.64},{"type":"B","date":"2018-04-26T01:33:47.000Z","volume":4000,"label":" ","price":5.63},{"type":"B","date":"2018-04-26T01:33:47.000Z","volume":2000,"label":" ","price":5.61},{"type":"B","date":"2018-04-26T01:33:47.000Z","volume":2000,"label":"Y","price":5.6},{"type":"B","date":"2018-04-26T01:33:47.000Z","volume":42000,"label":" ","price":5.6},{"type":"B","date":"2018-04-26T01:33:48.000Z","volume":2000,"label":" ","price":5.62},{"type":"B","date":"2018-04-26T01:33:48.000Z","volume":2000,"label":" ","price":5.6},{"type":"B","date":"2018-04-26T01:33:48.000Z","volume":2000,"label":" ","price":5.6},{"type":"A","date":"2018-04-26T01:33:51.000Z","volume":10000,"label":" ","price":5.65},{"type":"A","date":"2018-04-26T01:33:51.000Z","volume":46000,"label":" ","price":5.67},{"type":"A","date":"2018-04-26T01:33:51.000Z","volume":14000,"label":" ","price":5.68},{"type":"B","date":"2018-04-26T01:33:52.000Z","volume":12000,"label":" ","price":5.61},{"type":"B","date":"2018-04-26T01:33:52.000Z","volume":14000,"label":" ","price":5.6},{"type":"U","date":"2018-04-26T01:33:53.000Z","volume":2000,"label":" ","price":5.62},{"type":"U","date":"2018-04-26T01:33:53.000Z","volume":2000,"label":" ","price":5.61},{"type":"B","date":"2018-04-26T01:33:53.000Z","volume":6000,"label":" ","price":5.6},{"type":"A","date":"2018-04-26T01:34:00.000Z","volume":6000,"label":" ","price":5.65},{"type":"U","date":"2018-04-26T01:34:02.000Z","volume":4000,"label":" ","price":5.65},{"type":"A","date":"2018-04-26T01:34:02.000Z","volume":2000,"label":" ","price":5.67},{"type":"B","date":"2018-04-26T01:34:03.000Z","volume":4000,"label":" ","price":5.63},{"type":"B","date":"2018-04-26T01:34:03.000Z","volume":2000,"label":" ","price":5.63},{"type":"A","date":"2018-04-26T01:34:03.000Z","volume":10000,"label":" ","price":5.65},{"type":"A","date":"2018-04-26T01:34:05.000Z","volume":58000,"label":" ","price":5.65},{"type":"U","date":"2018-04-26T01:34:05.000Z","volume":6000,"label":" ","price":5.64},{"type":"A","date":"2018-04-26T01:34:13.000Z","volume":6000,"label":" ","price":5.65},{"type":"A","date":"2018-04-26T01:34:13.000Z","volume":16000,"label":" ","price":5.66},{"type":"A","date":"2018-04-26T01:34:13.000Z","volume":12000,"label":" ","price":5.67},{"type":"A","date":"2018-04-26T01:34:13.000Z","volume":16000,"label":" ","price":5.68},{"type":"B","date":"2018-04-26T01:34:13.000Z","volume":18000,"label":" ","price":5.63},{"type":"B","date":"2018-04-26T01:34:19.000Z","volume":2000,"label":" ","price":5.65},{"type":"B","date":"2018-04-26T01:34:19.000Z","volume":2000,"label":" ","price":5.64},{"type":"A","date":"2018-04-26T01:34:19.000Z","volume":10000,"label":" ","price":5.65},{"type":"A","date":"2018-04-26T01:34:19.000Z","volume":6000,"label":" ","price":5.68},{"type":"B","date":"2018-04-26T01:34:21.000Z","volume":2000,"label":" ","price":5.65},{"type":"A","date":"2018-04-26T01:34:21.000Z","volume":12000,"label":" ","price":5.68},{"type":"A","date":"2018-04-26T01:34:21.000Z","volume":26000,"label":" ","price":5.69},{"type":"A","date":"2018-04-26T01:34:21.000Z","volume":12000,"label":" ","price":5.7},{"type":"B","date":"2018-04-26T01:34:21.000Z","volume":10000,"label":" ","price":5.64},{"type":"A","date":"2018-04-26T01:34:26.000Z","volume":10000,"label":" ","price":5.71},{"type":"A","date":"2018-04-26T01:34:27.000Z","volume":12000,"label":" ","price":5.7},{"type":"A","date":"2018-04-26T01:34:27.000Z","volume":4000,"label":" ","price":5.71},{"type":"A","date":"2018-04-26T01:34:27.000Z","volume":4000,"label":" ","price":5.72},{"type":"B","date":"2018-04-26T01:34:28.000Z","volume":2000,"label":" ","price":5.69},{"type":"B","date":"2018-04-26T01:34:28.000Z","volume":2000,"label":" ","price":5.68},{"type":"B","date":"2018-04-26T01:34:28.000Z","volume":2000,"label":" ","price":5.69},{"type":"B","date":"2018-04-26T01:34:28.000Z","volume":32000,"label":" ","price":5.69},{"type":"B","date":"2018-04-26T01:34:28.000Z","volume":18000,"label":"Y","price":5.67},{"type":"B","date":"2018-04-26T01:34:28.000Z","volume":16000,"label":" ","price":5.69},{"type":"A","date":"2018-04-26T01:34:28.000Z","volume":4000,"label":" ","price":5.7},{"type":"A","date":"2018-04-26T01:34:28.000Z","volume":2000,"label":" ","price":5.71},{"type":"A","date":"2018-04-26T01:34:33.000Z","volume":4000,"label":" ","price":5.69},{"type":"A","date":"2018-04-26T01:34:33.000Z","volume":16000,"label":" ","price":5.7},{"type":"A","date":"2018-04-26T01:34:33.000Z","volume":6000,"label":" ","price":5.69},{"type":"A","date":"2018-04-26T01:34:33.000Z","volume":4000,"label":" ","price":5.7},{"type":"B","date":"2018-04-26T01:34:34.000Z","volume":8000,"label":"Y","price":5.67},{"type":"A","date":"2018-04-26T01:34:35.000Z","volume":16000,"label":" ","price":5.7},{"type":"B","date":"2018-04-26T01:34:35.000Z","volume":2000,"label":" ","price":5.67},{"type":"U","date":"2018-04-26T01:34:35.000Z","volume":2000,"label":" ","price":5.69},{"type":"U","date":"2018-04-26T01:34:35.000Z","volume":2000,"label":" ","price":5.69},{"type":"B","date":"2018-04-26T01:34:36.000Z","volume":4000,"label":" ","price":5.69},{"type":"A","date":"2018-04-26T01:34:36.000Z","volume":10000,"label":" ","price":5.7},{"type":"A","date":"2018-04-26T01:34:36.000Z","volume":6000,"label":" ","price":5.7},{"type":"B","date":"2018-04-26T01:34:36.000Z","volume":2000,"label":"Y","price":5.69},{"type":"B","date":"2018-04-26T01:34:36.000Z","volume":8000,"label":" ","price":5.68},{"type":"B","date":"2018-04-26T01:34:36.000Z","volume":2000,"label":" ","price":5.66},{"type":"B","date":"2018-04-26T01:34:36.000Z","volume":14000,"label":" ","price":5.65},{"type":"A","date":"2018-04-26T01:34:36.000Z","volume":2000,"label":" ","price":5.71},{"type":"A","date":"2018-04-26T01:34:36.000Z","volume":4000,"label":" ","price":5.71},{"type":"U","date":"2018-04-26T01:34:37.000Z","volume":10000,"label":" ","price":5.71},{"type":"A","date":"2018-04-26T01:34:37.000Z","volume":2000,"label":" ","price":5.72},{"type":"A","date":"2018-04-26T01:34:38.000Z","volume":2000,"label":" ","price":5.72},{"type":"U","date":"2018-04-26T01:34:39.000Z","volume":44000,"label":" ","price":5.7},{"type":"U","date":"2018-04-26T01:34:39.000Z","volume":6000,"label":" ","price":5.7},{"type":"U","date":"2018-04-26T01:34:39.000Z","volume":6000,"label":" ","price":5.71},{"type":"B","date":"2018-04-26T01:34:39.000Z","volume":2000,"label":"Y","price":5.7},{"type":"B","date":"2018-04-26T01:34:39.000Z","volume":4000,"label":" ","price":5.7},{"type":"B","date":"2018-04-26T01:34:39.000Z","volume":4000,"label":" ","price":5.69},{"type":"B","date":"2018-04-26T01:34:39.000Z","volume":2000,"label":" ","price":5.67},{"type":"B","date":"2018-04-26T01:34:39.000Z","volume":2000,"label":" ","price":5.7},{"type":"A","date":"2018-04-26T01:34:40.000Z","volume":20000,"label":" ","price":5.72},{"type":"A","date":"2018-04-26T01:34:40.000Z","volume":4000,"label":" ","price":5.72},{"type":"B","date":"2018-04-26T01:34:40.000Z","volume":2000,"label":"Y","price":5.7},{"type":"B","date":"2018-04-26T01:34:40.000Z","volume":2000,"label":" ","price":5.7},{"type":"B","date":"2018-04-26T01:34:40.000Z","volume":2000,"label":" ","price":5.67},{"type":"B","date":"2018-04-26T01:34:40.000Z","volume":2000,"label":" ","price":5.67},{"type":"B","date":"2018-04-26T01:34:40.000Z","volume":2000,"label":" ","price":5.7},{"type":"B","date":"2018-04-26T01:34:41.000Z","volume":4000,"label":" ","price":5.7},{"type":"B","date":"2018-04-26T01:34:41.000Z","volume":2000,"label":" ","price":5.7},{"type":"A","date":"2018-04-26T01:34:41.000Z","volume":30000,"label":" ","price":5.7},{"type":"A","date":"2018-04-26T01:34:41.000Z","volume":14000,"label":" ","price":5.7},{"type":"B","date":"2018-04-26T01:34:41.000Z","volume":2000,"label":"Y","price":5.68},{"type":"B","date":"2018-04-26T01:34:41.000Z","volume":2000,"label":" ","price":5.68},{"type":"B","date":"2018-04-26T01:34:41.000Z","volume":14000,"label":" ","price":5.66},{"type":"A","date":"2018-04-26T01:34:41.000Z","volume":4000,"label":" ","price":5.72},{"type":"A","date":"2018-04-26T01:34:41.000Z","volume":4000,"label":" ","price":5.72},{"type":"A","date":"2018-04-26T01:34:43.000Z","volume":2000,"label":" ","price":5.72},{"type":"B","date":"2018-04-26T01:34:44.000Z","volume":50000,"label":" ","price":5.7},{"type":"A","date":"2018-04-26T01:34:45.000Z","volume":4000,"label":" ","price":5.72},{"type":"A","date":"2018-04-26T01:34:45.000Z","volume":6000,"label":" ","price":5.72},{"type":"A","date":"2018-04-26T01:34:45.000Z","volume":2000,"label":" ","price":5.73},{"type":"A","date":"2018-04-26T01:34:45.000Z","volume":6000,"label":" ","price":5.73},{"type":"B","date":"2018-04-26T01:34:45.000Z","volume":10000,"label":" ","price":5.72},{"type":"B","date":"2018-04-26T01:34:45.000Z","volume":14000,"label":" ","price":5.7},{"type":"A","date":"2018-04-26T01:34:46.000Z","volume":16000,"label":" ","price":5.75},{"type":"A","date":"2018-04-26T01:34:46.000Z","volume":4000,"label":" ","price":5.76},{"type":"A","date":"2018-04-26T01:34:46.000Z","volume":6000,"label":" ","price":5.75},{"type":"B","date":"2018-04-26T01:34:47.000Z","volume":94000,"label":" ","price":5.7},{"type":"B","date":"2018-04-26T01:34:47.000Z","volume":6000,"label":" ","price":5.7},{"type":"B","date":"2018-04-26T01:34:48.000Z","volume":2000,"label":" ","price":5.69},{"type":"B","date":"2018-04-26T01:34:48.000Z","volume":16000,"label":" ","price":5.69},{"type":"U","date":"2018-04-26T01:34:48.000Z","volume":2000,"label":" ","price":5.71},{"type":"U","date":"2018-04-26T01:34:48.000Z","volume":2000,"label":"Y","price":5.7},{"type":"B","date":"2018-04-26T01:34:48.000Z","volume":14000,"label":" ","price":5.68},{"type":"B","date":"2018-04-26T01:34:48.000Z","volume":20000,"label":" ","price":5.68},{"type":"B","date":"2018-04-26T01:34:48.000Z","volume":26000,"label":" ","price":5.67},{"type":"B","date":"2018-04-26T01:34:48.000Z","volume":24000,"label":" ","price":5.66},{"type":"U","date":"2018-04-26T01:34:48.000Z","volume":6000,"label":" ","price":5.7},{"type":"A","date":"2018-04-26T01:34:49.000Z","volume":8000,"label":" ","price":5.75},{"type":"A","date":"2018-04-26T01:34:49.000Z","volume":2000,"label":" ","price":5.76},{"type":"B","date":"2018-04-26T01:34:50.000Z","volume":6000,"label":" ","price":5.7},{"type":"B","date":"2018-04-26T01:34:50.000Z","volume":70000,"label":" ","price":5.7},{"type":"A","date":"2018-04-26T01:34:51.000Z","volume":14000,"label":" ","price":5.7},{"type":"A","date":"2018-04-26T01:34:51.000Z","volume":4000,"label":" ","price":5.75},{"type":"A","date":"2018-04-26T01:34:51.000Z","volume":24000,"label":" ","price":5.76},{"type":"A","date":"2018-04-26T01:34:51.000Z","volume":8000,"label":" ","price":5.77},{"type":"B","date":"2018-04-26T01:34:53.000Z","volume":8000,"label":" ","price":5.71},{"type":"B","date":"2018-04-26T01:34:53.000Z","volume":2000,"label":"Y","price":5.7},{"type":"U","date":"2018-04-26T01:34:58.000Z","volume":4000,"label":" ","price":5.71},{"type":"B","date":"2018-04-26T01:34:59.000Z","volume":2000,"label":" ","price":5.7},{"type":"B","date":"2018-04-26T01:34:59.000Z","volume":6000,"label":"Y","price":5.7},{"type":"A","date":"2018-04-26T01:35:00.000Z","volume":12000,"label":" ","price":5.72},{"type":"A","date":"2018-04-26T01:35:00.000Z","volume":10000,"label":" ","price":5.72},{"type":"B","date":"2018-04-26T01:35:00.000Z","volume":10000,"label":" ","price":5.7},{"type":"B","date":"2018-04-26T01:35:00.000Z","volume":6000,"label":"Y","price":5.7},{"type":"B","date":"2018-04-26T01:35:00.000Z","volume":14000,"label":" ","price":5.7},{"type":"A","date":"2018-04-26T01:35:02.000Z","volume":6000,"label":" ","price":5.72},{"type":"A","date":"2018-04-26T01:35:02.000Z","volume":38000,"label":" ","price":5.73},{"type":"A","date":"2018-04-26T01:35:02.000Z","volume":56000,"label":" ","price":5.74},{"type":"B","date":"2018-04-26T01:35:03.000Z","volume":2000,"label":"Y","price":5.7},{"type":"B","date":"2018-04-26T01:35:03.000Z","volume":2000,"label":" ","price":5.69},{"type":"B","date":"2018-04-26T01:35:03.000Z","volume":8000,"label":" ","price":5.68},{"type":"B","date":"2018-04-26T01:35:03.000Z","volume":14000,"label":" ","price":5.68},{"type":"B","date":"2018-04-26T01:35:03.000Z","volume":2000,"label":" ","price":5.67},{"type":"B","date":"2018-04-26T01:35:03.000Z","volume":4000,"label":" ","price":5.67},{"type":"B","date":"2018-04-26T01:35:03.000Z","volume":2000,"label":" ","price":5.7},{"type":"B","date":"2018-04-26T01:35:04.000Z","volume":20000,"label":" ","price":5.71},{"type":"B","date":"2018-04-26T01:35:05.000Z","volume":6000,"label":"Y","price":5.7},{"type":"U","date":"2018-04-26T01:35:06.000Z","volume":4000,"label":" ","price":5.72},{"type":"A","date":"2018-04-26T01:35:06.000Z","volume":6000,"label":" ","price":5.73},{"type":"B","date":"2018-04-26T01:35:07.000Z","volume":10000,"label":" ","price":5.7},{"type":"U","date":"2018-04-26T01:35:08.000Z","volume":10000,"label":" ","price":5.72},{"type":"B","date":"2018-04-26T01:35:08.000Z","volume":4000,"label":"Y","price":5.7},{"type":"B","date":"2018-04-26T01:35:08.000Z","volume":8000,"label":" ","price":5.7},{"type":"B","date":"2018-04-26T01:35:11.000Z","volume":6000,"label":" ","price":5.7},{"type":"A","date":"2018-04-26T01:35:11.000Z","volume":8000,"label":" ","price":5.7},{"type":"A","date":"2018-04-26T01:35:11.000Z","volume":18000,"label":" ","price":5.7},{"type":"A","date":"2018-04-26T01:35:11.000Z","volume":18000,"label":" ","price":5.7},{"type":"B","date":"2018-04-26T01:35:12.000Z","volume":16000,"label":"Y","price":5.68},{"type":"B","date":"2018-04-26T01:35:13.000Z","volume":2000,"label":" ","price":5.68},{"type":"B","date":"2018-04-26T01:35:13.000Z","volume":14000,"label":" ","price":5.67},{"type":"A","date":"2018-04-26T01:35:13.000Z","volume":4000,"label":"Y","price":5.7},{"type":"A","date":"2018-04-26T01:35:13.000Z","volume":134000,"label":" ","price":5.7},{"type":"B","date":"2018-04-26T01:35:13.000Z","volume":46000,"label":" ","price":5.67},{"type":"B","date":"2018-04-26T01:35:13.000Z","volume":2000,"label":" ","price":5.66},{"type":"A","date":"2018-04-26T01:35:16.000Z","volume":4000,"label":" ","price":5.7},{"type":"B","date":"2018-04-26T01:35:16.000Z","volume":20000,"label":" ","price":5.68},{"type":"B","date":"2018-04-26T01:35:17.000Z","volume":4000,"label":" ","price":5.68},{"type":"B","date":"2018-04-26T01:35:17.000Z","volume":4000,"label":" ","price":5.66},{"type":"A","date":"2018-04-26T01:35:18.000Z","volume":112000,"label":" ","price":5.7},{"type":"A","date":"2018-04-26T01:35:18.000Z","volume":2000,"label":" ","price":5.71},{"type":"A","date":"2018-04-26T01:35:18.000Z","volume":24000,"label":" ","price":5.7},{"type":"A","date":"2018-04-26T01:35:18.000Z","volume":2000,"label":" ","price":5.7},{"type":"B","date":"2018-04-26T01:35:21.000Z","volume":20000,"label":" ","price":5.7},{"type":"B","date":"2018-04-26T01:35:21.000Z","volume":42000,"label":" ","price":5.7},{"type":"B","date":"2018-04-26T01:35:22.000Z","volume":4000,"label":" ","price":5.67},{"type":"B","date":"2018-04-26T01:35:22.000Z","volume":16000,"label":" ","price":5.66},{"type":"A","date":"2018-04-26T01:35:24.000Z","volume":4000,"label":" ","price":5.69},{"type":"A","date":"2018-04-26T01:35:24.000Z","volume":6000,"label":" ","price":5.7},{"type":"A","date":"2018-04-26T01:35:26.000Z","volume":2000,"label":" ","price":5.7},{"type":"A","date":"2018-04-26T01:35:28.000Z","volume":10000,"label":" ","price":5.69},{"type":"A","date":"2018-04-26T01:35:28.000Z","volume":26000,"label":" ","price":5.69},{"type":"A","date":"2018-04-26T01:35:28.000Z","volume":74000,"label":" ","price":5.7},{"type":"B","date":"2018-04-26T01:35:28.000Z","volume":22000,"label":" ","price":5.66},{"type":"A","date":"2018-04-26T01:35:30.000Z","volume":20000,"label":" ","price":5.7},{"type":"B","date":"2018-04-26T01:35:30.000Z","volume":8000,"label":" ","price":5.67},{"type":"A","date":"2018-04-26T01:35:31.000Z","volume":8000,"label":" ","price":5.69},{"type":"B","date":"2018-04-26T01:35:32.000Z","volume":2000,"label":" ","price":5.69},{"type":"A","date":"2018-04-26T01:35:33.000Z","volume":20000,"label":" ","price":5.7},{"type":"A","date":"2018-04-26T01:35:33.000Z","volume":22000,"label":" ","price":5.7},{"type":"B","date":"2018-04-26T01:35:33.000Z","volume":12000,"label":" ","price":5.69},{"type":"B","date":"2018-04-26T01:35:34.000Z","volume":54000,"label":" ","price":5.7},{"type":"B","date":"2018-04-26T01:35:34.000Z","volume":18000,"label":" ","price":5.69},{"type":"B","date":"2018-04-26T01:35:34.000Z","volume":6000,"label":" ","price":5.69},{"type":"B","date":"2018-04-26T01:35:34.000Z","volume":4000,"label":" ","price":5.69},{"type":"A","date":"2018-04-26T01:35:36.000Z","volume":4000,"label":" ","price":5.69},{"type":"A","date":"2018-04-26T01:35:36.000Z","volume":14000,"label":" ","price":5.69},{"type":"B","date":"2018-04-26T01:35:37.000Z","volume":10000,"label":" ","price":5.67},{"type":"A","date":"2018-04-26T01:35:39.000Z","volume":8000,"label":" ","price":5.69},{"type":"A","date":"2018-04-26T01:35:41.000Z","volume":10000,"label":" ","price":5.69},{"type":"A","date":"2018-04-26T01:35:43.000Z","volume":18000,"label":" ","price":5.69},{"type":"B","date":"2018-04-26T01:35:44.000Z","volume":10000,"label":" ","price":5.67},{"type":"A","date":"2018-04-26T01:35:47.000Z","volume":10000,"label":" ","price":5.69},{"type":"A","date":"2018-04-26T01:35:52.000Z","volume":10000,"label":" ","price":5.69},{"type":"A","date":"2018-04-26T01:35:52.000Z","volume":4000,"label":" ","price":5.69},{"type":"A","date":"2018-04-26T01:35:53.000Z","volume":2000,"label":" ","price":5.69},{"type":"A","date":"2018-04-26T01:35:53.000Z","volume":2000,"label":" ","price":5.69},{"type":"B","date":"2018-04-26T01:35:53.000Z","volume":6000,"label":" ","price":5.69},{"type":"A","date":"2018-04-26T01:35:54.000Z","volume":2000,"label":" ","price":5.69},{"type":"A","date":"2018-04-26T01:35:54.000Z","volume":18000,"label":" ","price":5.7},{"type":"B","date":"2018-04-26T01:35:54.000Z","volume":8000,"label":" ","price":5.68},{"type":"A","date":"2018-04-26T01:35:55.000Z","volume":8000,"label":" ","price":5.7},{"type":"A","date":"2018-04-26T01:35:59.000Z","volume":10000,"label":" ","price":5.7},{"type":"B","date":"2018-04-26T01:36:01.000Z","volume":16000,"label":" ","price":5.68},{"type":"B","date":"2018-04-26T01:36:02.000Z","volume":12000,"label":" ","price":5.68},{"type":"A","date":"2018-04-26T01:36:02.000Z","volume":8000,"label":" ","price":5.7},{"type":"U","date":"2018-04-26T01:36:05.000Z","volume":4000,"label":" ","price":5.69},{"type":"B","date":"2018-04-26T01:36:06.000Z","volume":4000,"label":" ","price":5.69},{"type":"A","date":"2018-04-26T01:36:06.000Z","volume":4000,"label":" ","price":5.7},{"type":"A","date":"2018-04-26T01:36:07.000Z","volume":34000,"label":" ","price":5.7},{"type":"B","date":"2018-04-26T01:36:09.000Z","volume":50000,"label":" ","price":5.7},{"type":"B","date":"2018-04-26T01:36:09.000Z","volume":10000,"label":" ","price":5.7},{"type":"B","date":"2018-04-26T01:36:09.000Z","volume":20000,"label":" ","price":5.7},{"type":"A","date":"2018-04-26T01:36:09.000Z","volume":8000,"label":" ","price":5.71},{"type":"B","date":"2018-04-26T01:36:10.000Z","volume":34000,"label":" ","price":5.68},{"type":"A","date":"2018-04-26T01:36:13.000Z","volume":10000,"label":" ","price":5.71},{"type":"U","date":"2018-04-26T01:36:14.000Z","volume":10000,"label":" ","price":5.7},{"type":"A","date":"2018-04-26T01:36:14.000Z","volume":4000,"label":" ","price":5.7},{"type":"A","date":"2018-04-26T01:36:14.000Z","volume":20000,"label":" ","price":5.7},{"type":"A","date":"2018-04-26T01:36:15.000Z","volume":4000,"label":" ","price":5.7},{"type":"B","date":"2018-04-26T01:36:15.000Z","volume":4000,"label":" ","price":5.69},{"type":"B","date":"2018-04-26T01:36:15.000Z","volume":8000,"label":" ","price":5.68},{"type":"A","date":"2018-04-26T01:36:16.000Z","volume":10000,"label":" ","price":5.7},{"type":"A","date":"2018-04-26T01:36:19.000Z","volume":2000,"label":" ","price":5.7},{"type":"B","date":"2018-04-26T01:36:29.000Z","volume":8000,"label":"Y","price":5.69},{"type":"B","date":"2018-04-26T01:36:29.000Z","volume":18000,"label":" ","price":5.69},{"type":"B","date":"2018-04-26T01:36:29.000Z","volume":54000,"label":" ","price":5.68},{"type":"B","date":"2018-04-26T01:36:29.000Z","volume":10000,"label":" ","price":5.68},{"type":"A","date":"2018-04-26T01:36:29.000Z","volume":4000,"label":" ","price":5.7},{"type":"U","date":"2018-04-26T01:36:29.000Z","volume":4000,"label":" ","price":5.69},{"type":"B","date":"2018-04-26T01:36:30.000Z","volume":38000,"label":" ","price":5.67},{"type":"A","date":"2018-04-26T01:36:31.000Z","volume":2000,"label":" ","price":5.7},{"type":"A","date":"2018-04-26T01:36:32.000Z","volume":4000,"label":" ","price":5.69},{"type":"A","date":"2018-04-26T01:36:32.000Z","volume":4000,"label":" ","price":5.69},{"type":"B","date":"2018-04-26T01:36:32.000Z","volume":4000,"label":" ","price":5.67},{"type":"A","date":"2018-04-26T01:36:37.000Z","volume":10000,"label":" ","price":5.69},{"type":"A","date":"2018-04-26T01:36:37.000Z","volume":4000,"label":" ","price":5.69},{"type":"B","date":"2018-04-26T01:36:38.000Z","volume":10000,"label":" ","price":5.67},{"type":"A","date":"2018-04-26T01:36:40.000Z","volume":40000,"label":" ","price":5.69},{"type":"A","date":"2018-04-26T01:36:40.000Z","volume":10000,"label":" ","price":5.69},{"type":"B","date":"2018-04-26T01:36:40.000Z","volume":10000,"label":" ","price":5.67},{"type":"B","date":"2018-04-26T01:36:40.000Z","volume":2000,"label":" ","price":5.67},{"type":"A","date":"2018-04-26T01:36:42.000Z","volume":4000,"label":" ","price":5.7},{"type":"A","date":"2018-04-26T01:37:01.000Z","volume":20000,"label":" ","price":5.7},{"type":"B","date":"2018-04-26T01:37:02.000Z","volume":14000,"label":" ","price":5.68},{"type":"A","date":"2018-04-26T01:37:02.000Z","volume":4000,"label":" ","price":5.7},{"type":"A","date":"2018-04-26T01:37:03.000Z","volume":50000,"label":" ","price":5.7},{"type":"A","date":"2018-04-26T01:37:03.000Z","volume":6000,"label":" ","price":5.7},{"type":"A","date":"2018-04-26T01:37:04.000Z","volume":22000,"label":" ","price":5.7},{"type":"B","date":"2018-04-26T01:37:04.000Z","volume":8000,"label":" ","price":5.7},{"type":"A","date":"2018-04-26T01:37:06.000Z","volume":18000,"label":" ","price":5.71},{"type":"B","date":"2018-04-26T01:37:08.000Z","volume":16000,"label":" ","price":5.7},{"type":"B","date":"2018-04-26T01:37:09.000Z","volume":34000,"label":" ","price":5.7},{"type":"B","date":"2018-04-26T01:37:09.000Z","volume":14000,"label":" ","price":5.69},{"type":"A","date":"2018-04-26T01:37:11.000Z","volume":4000,"label":" ","price":5.7},{"type":"A","date":"2018-04-26T01:37:11.000Z","volume":26000,"label":" ","price":5.72},{"type":"B","date":"2018-04-26T01:37:11.000Z","volume":6000,"label":" ","price":5.69},{"type":"B","date":"2018-04-26T01:37:11.000Z","volume":2000,"label":" ","price":5.68},{"type":"B","date":"2018-04-26T01:37:16.000Z","volume":14000,"label":" ","price":5.7},{"type":"B","date":"2018-04-26T01:37:18.000Z","volume":54000,"label":" ","price":5.68},{"type":"B","date":"2018-04-26T01:37:18.000Z","volume":14000,"label":" ","price":5.68},{"type":"B","date":"2018-04-26T01:37:18.000Z","volume":6000,"label":" ","price":5.67},{"type":"B","date":"2018-04-26T01:37:18.000Z","volume":2000,"label":" ","price":5.67},{"type":"A","date":"2018-04-26T01:37:18.000Z","volume":6000,"label":" ","price":5.7},{"type":"B","date":"2018-04-26T01:37:20.000Z","volume":118000,"label":" ","price":5.69},{"type":"B","date":"2018-04-26T01:37:21.000Z","volume":44000,"label":" ","price":5.68},{"type":"A","date":"2018-04-26T01:37:22.000Z","volume":30000,"label":" ","price":5.7},{"type":"B","date":"2018-04-26T01:37:22.000Z","volume":8000,"label":" ","price":5.68},{"type":"A","date":"2018-04-26T01:37:22.000Z","volume":6000,"label":" ","price":5.7},{"type":"B","date":"2018-04-26T01:37:23.000Z","volume":328000,"label":" ","price":5.68},{"type":"A","date":"2018-04-26T01:37:23.000Z","volume":4000,"label":" ","price":5.7},{"type":"B","date":"2018-04-26T01:37:24.000Z","volume":62000,"label":" ","price":5.67},{"type":"B","date":"2018-04-26T01:37:24.000Z","volume":54000,"label":" ","price":5.66},{"type":"U","date":"2018-04-26T01:37:25.000Z","volume":6000,"label":" ","price":5.68},{"type":"B","date":"2018-04-26T01:37:28.000Z","volume":176000,"label":" ","price":5.68},{"type":"A","date":"2018-04-26T01:37:28.000Z","volume":10000,"label":" ","price":5.69},{"type":"A","date":"2018-04-26T01:37:28.000Z","volume":14000,"label":" ","price":5.69},{"type":"A","date":"2018-04-26T01:37:28.000Z","volume":2000,"label":" ","price":5.69},{"type":"A","date":"2018-04-26T01:37:28.000Z","volume":4000,"label":" ","price":5.7},{"type":"B","date":"2018-04-26T01:37:29.000Z","volume":20000,"label":" ","price":5.67},{"type":"B","date":"2018-04-26T01:37:29.000Z","volume":36000,"label":" ","price":5.66},{"type":"B","date":"2018-04-26T01:37:29.000Z","volume":16000,"label":" ","price":5.65},{"type":"A","date":"2018-04-26T01:37:29.000Z","volume":8000,"label":" ","price":5.68},{"type":"A","date":"2018-04-26T01:37:30.000Z","volume":2000,"label":" ","price":5.68},{"type":"B","date":"2018-04-26T01:37:31.000Z","volume":10000,"label":" ","price":5.65},{"type":"B","date":"2018-04-26T01:37:31.000Z","volume":40000,"label":" ","price":5.65},{"type":"B","date":"2018-04-26T01:37:32.000Z","volume":22000,"label":" ","price":5.65},{"type":"B","date":"2018-04-26T01:37:32.000Z","volume":2000,"label":" ","price":5.65},{"type":"B","date":"2018-04-26T01:37:32.000Z","volume":20000,"label":" ","price":5.65},{"type":"B","date":"2018-04-26T01:37:33.000Z","volume":62000,"label":" ","price":5.65},{"type":"B","date":"2018-04-26T01:37:33.000Z","volume":12000,"label":" ","price":5.65},{"type":"B","date":"2018-04-26T01:37:33.000Z","volume":20000,"label":" ","price":5.65},{"type":"B","date":"2018-04-26T01:37:33.000Z","volume":4000,"label":" ","price":5.64},{"type":"B","date":"2018-04-26T01:37:33.000Z","volume":4000,"label":" ","price":5.63},{"type":"B","date":"2018-04-26T01:37:33.000Z","volume":4000,"label":" ","price":5.63},{"type":"B","date":"2018-04-26T01:37:35.000Z","volume":6000,"label":" ","price":5.63},{"type":"A","date":"2018-04-26T01:37:36.000Z","volume":52000,"label":" ","price":5.63},{"type":"B","date":"2018-04-26T01:37:36.000Z","volume":20000,"label":" ","price":5.62},{"type":"B","date":"2018-04-26T01:37:37.000Z","volume":20000,"label":" ","price":5.62},{"type":"B","date":"2018-04-26T01:37:38.000Z","volume":8000,"label":" ","price":5.61},{"type":"B","date":"2018-04-26T01:37:38.000Z","volume":10000,"label":" ","price":5.61},{"type":"B","date":"2018-04-26T01:37:39.000Z","volume":8000,"label":" ","price":5.61},{"type":"B","date":"2018-04-26T01:37:39.000Z","volume":36000,"label":" ","price":5.61},{"type":"B","date":"2018-04-26T01:37:39.000Z","volume":18000,"label":" ","price":5.61},{"type":"B","date":"2018-04-26T01:37:39.000Z","volume":8000,"label":" ","price":5.61},{"type":"B","date":"2018-04-26T01:37:40.000Z","volume":12000,"label":" ","price":5.6},{"type":"B","date":"2018-04-26T01:37:40.000Z","volume":8000,"label":" ","price":5.6},{"type":"A","date":"2018-04-26T01:37:42.000Z","volume":6000,"label":" ","price":5.61},{"type":"B","date":"2018-04-26T01:37:42.000Z","volume":18000,"label":" ","price":5.6},{"type":"A","date":"2018-04-26T01:37:43.000Z","volume":20000,"label":" ","price":5.61},{"type":"B","date":"2018-04-26T01:37:43.000Z","volume":8000,"label":" ","price":5.6},{"type":"B","date":"2018-04-26T01:37:43.000Z","volume":8000,"label":" ","price":5.6},{"type":"B","date":"2018-04-26T01:37:44.000Z","volume":40000,"label":" ","price":5.6},{"type":"B","date":"2018-04-26T01:37:44.000Z","volume":18000,"label":" ","price":5.6},{"type":"B","date":"2018-04-26T01:37:44.000Z","volume":44000,"label":" ","price":5.6},{"type":"B","date":"2018-04-26T01:37:44.000Z","volume":270000,"label":" ","price":5.6},{"type":"B","date":"2018-04-26T01:37:44.000Z","volume":64000,"label":" ","price":5.6},{"type":"B","date":"2018-04-26T01:37:45.000Z","volume":194000,"label":" ","price":5.6},{"type":"B","date":"2018-04-26T01:37:45.000Z","volume":2000,"label":" ","price":5.59},{"type":"B","date":"2018-04-26T01:37:46.000Z","volume":12000,"label":" ","price":5.58},{"type":"B","date":"2018-04-26T01:37:48.000Z","volume":6000,"label":" ","price":5.56},{"type":"B","date":"2018-04-26T01:37:48.000Z","volume":6000,"label":" ","price":5.56},{"type":"B","date":"2018-04-26T01:37:49.000Z","volume":6000,"label":" ","price":5.56},{"type":"B","date":"2018-04-26T01:37:51.000Z","volume":4000,"label":" ","price":5.56},{"type":"B","date":"2018-04-26T01:37:52.000Z","volume":28000,"label":" ","price":5.55},{"type":"B","date":"2018-04-26T01:37:53.000Z","volume":10000,"label":" ","price":5.54},{"type":"B","date":"2018-04-26T01:37:53.000Z","volume":20000,"label":" ","price":5.53},{"type":"B","date":"2018-04-26T01:37:53.000Z","volume":16000,"label":" ","price":5.52},{"type":"B","date":"2018-04-26T01:37:53.000Z","volume":80000,"label":" ","price":5.51},{"type":"B","date":"2018-04-26T01:37:54.000Z","volume":8000,"label":" ","price":5.5},{"type":"B","date":"2018-04-26T01:37:55.000Z","volume":124000,"label":" ","price":5.5},{"type":"B","date":"2018-04-26T01:37:55.000Z","volume":14000,"label":" ","price":5.5},{"type":"A","date":"2018-04-26T01:37:56.000Z","volume":6000,"label":" ","price":5.51},{"type":"B","date":"2018-04-26T01:37:56.000Z","volume":18000,"label":" ","price":5.5},{"type":"B","date":"2018-04-26T01:37:57.000Z","volume":6000,"label":" ","price":5.48},{"type":"A","date":"2018-04-26T01:38:01.000Z","volume":2000,"label":" ","price":5.49},{"type":"B","date":"2018-04-26T01:38:01.000Z","volume":14000,"label":" ","price":5.45},{"type":"A","date":"2018-04-26T01:38:02.000Z","volume":10000,"label":" ","price":5.48},{"type":"B","date":"2018-04-26T01:38:03.000Z","volume":50000,"label":" ","price":5.43},{"type":"B","date":"2018-04-26T01:38:03.000Z","volume":10000,"label":" ","price":5.42},{"type":"B","date":"2018-04-26T01:38:03.000Z","volume":2000,"label":"Y","price":5.4},{"type":"B","date":"2018-04-26T01:38:03.000Z","volume":92000,"label":" ","price":5.4},{"type":"A","date":"2018-04-26T01:38:04.000Z","volume":2000,"label":" ","price":5.47},{"type":"A","date":"2018-04-26T01:38:04.000Z","volume":4000,"label":" ","price":5.48},{"type":"A","date":"2018-04-26T01:38:04.000Z","volume":4000,"label":" ","price":5.48},{"type":"A","date":"2018-04-26T01:38:04.000Z","volume":6000,"label":" ","price":5.49},{"type":"B","date":"2018-04-26T01:38:04.000Z","volume":14000,"label":" ","price":5.45},{"type":"B","date":"2018-04-26T01:38:05.000Z","volume":6000,"label":" ","price":5.45},{"type":"B","date":"2018-04-26T01:38:05.000Z","volume":2000,"label":" ","price":5.42},{"type":"B","date":"2018-04-26T01:38:05.000Z","volume":6000,"label":" ","price":5.4},{"type":"U","date":"2018-04-26T01:38:05.000Z","volume":2000,"label":" ","price":5.37},{"type":"B","date":"2018-04-26T01:38:09.000Z","volume":8000,"label":" ","price":5.4},{"type":"A","date":"2018-04-26T01:38:10.000Z","volume":20000,"label":" ","price":5.45},{"type":"A","date":"2018-04-26T01:38:12.000Z","volume":12000,"label":" ","price":5.46},{"type":"A","date":"2018-04-26T01:38:13.000Z","volume":6000,"label":" ","price":5.47},{"type":"A","date":"2018-04-26T01:38:15.000Z","volume":56000,"label":" ","price":5.47},{"type":"A","date":"2018-04-26T01:38:15.000Z","volume":28000,"label":" ","price":5.48},{"type":"B","date":"2018-04-26T01:38:16.000Z","volume":6000,"label":" ","price":5.45},{"type":"B","date":"2018-04-26T01:38:16.000Z","volume":22000,"label":" ","price":5.42},{"type":"B","date":"2018-04-26T01:38:16.000Z","volume":16000,"label":" ","price":5.42},{"type":"B","date":"2018-04-26T01:38:16.000Z","volume":4000,"label":" ","price":5.42},{"type":"B","date":"2018-04-26T01:38:16.000Z","volume":28000,"label":" ","price":5.41},{"type":"B","date":"2018-04-26T01:38:16.000Z","volume":30000,"label":" ","price":5.4},{"type":"A","date":"2018-04-26T01:38:16.000Z","volume":10000,"label":" ","price":5.49},{"type":"A","date":"2018-04-26T01:38:16.000Z","volume":10000,"label":" ","price":5.5},{"type":"U","date":"2018-04-26T01:38:17.000Z","volume":1000,"label":"D","price":5.35},{"type":"U","date":"2018-04-26T01:38:19.000Z","volume":6000,"label":" ","price":5.47},{"type":"A","date":"2018-04-26T01:38:21.000Z","volume":2000,"label":" ","price":5.49},{"type":"A","date":"2018-04-26T01:38:23.000Z","volume":2000,"label":" ","price":5.5},{"type":"B","date":"2018-04-26T01:38:23.000Z","volume":4000,"label":" ","price":5.46},{"type":"B","date":"2018-04-26T01:38:26.000Z","volume":4000,"label":" ","price":5.46},{"type":"A","date":"2018-04-26T01:38:26.000Z","volume":8000,"label":" ","price":5.51},{"type":"B","date":"2018-04-26T01:38:27.000Z","volume":4000,"label":" ","price":5.46},{"type":"B","date":"2018-04-26T01:38:28.000Z","volume":4000,"label":" ","price":5.46},{"type":"A","date":"2018-04-26T01:38:29.000Z","volume":10000,"label":" ","price":5.5},{"type":"B","date":"2018-04-26T01:38:29.000Z","volume":4000,"label":" ","price":5.47},{"type":"B","date":"2018-04-26T01:38:29.000Z","volume":8000,"label":" ","price":5.46},{"type":"A","date":"2018-04-26T01:38:31.000Z","volume":8000,"label":" ","price":5.51},{"type":"B","date":"2018-04-26T01:38:39.000Z","volume":4000,"label":" ","price":5.47},{"type":"U","date":"2018-04-26T01:38:39.000Z","volume":50000,"label":" ","price":5.5},{"type":"A","date":"2018-04-26T01:38:42.000Z","volume":54000,"label":" ","price":5.52},{"type":"B","date":"2018-04-26T01:38:42.000Z","volume":10000,"label":" ","price":5.5},{"type":"B","date":"2018-04-26T01:38:43.000Z","volume":12000,"label":" ","price":5.5},{"type":"B","date":"2018-04-26T01:38:43.000Z","volume":48000,"label":" ","price":5.5},{"type":"A","date":"2018-04-26T01:38:43.000Z","volume":12000,"label":" ","price":5.5},{"type":"B","date":"2018-04-26T01:38:44.000Z","volume":14000,"label":" ","price":5.47},{"type":"B","date":"2018-04-26T01:38:44.000Z","volume":6000,"label":" ","price":5.46},{"type":"A","date":"2018-04-26T01:38:44.000Z","volume":42000,"label":" ","price":5.5},{"type":"B","date":"2018-04-26T01:38:44.000Z","volume":14000,"label":" ","price":5.46},{"type":"B","date":"2018-04-26T01:38:44.000Z","volume":4000,"label":" ","price":5.46},{"type":"A","date":"2018-04-26T01:38:46.000Z","volume":10000,"label":" ","price":5.52},{"type":"B","date":"2018-04-26T01:38:46.000Z","volume":6000,"label":" ","price":5.48},{"type":"B","date":"2018-04-26T01:38:47.000Z","volume":4000,"label":" ","price":5.48},{"type":"B","date":"2018-04-26T01:38:47.000Z","volume":4000,"label":" ","price":5.48},{"type":"B","date":"2018-04-26T01:38:48.000Z","volume":4000,"label":" ","price":5.48},{"type":"B","date":"2018-04-26T01:38:48.000Z","volume":2000,"label":" ","price":5.48},{"type":"B","date":"2018-04-26T01:38:48.000Z","volume":8000,"label":" ","price":5.48},{"type":"B","date":"2018-04-26T01:38:48.000Z","volume":2000,"label":" ","price":5.47},{"type":"B","date":"2018-04-26T01:38:49.000Z","volume":4000,"label":" ","price":5.5},{"type":"B","date":"2018-04-26T01:38:50.000Z","volume":2000,"label":" ","price":5.5},{"type":"A","date":"2018-04-26T01:38:50.000Z","volume":4000,"label":" ","price":5.51},{"type":"B","date":"2018-04-26T01:38:51.000Z","volume":8000,"label":" ","price":5.45},{"type":"A","date":"2018-04-26T01:38:52.000Z","volume":10000,"label":" ","price":5.47},{"type":"A","date":"2018-04-26T01:38:53.000Z","volume":2000,"label":" ","price":5.47},{"type":"A","date":"2018-04-26T01:38:53.000Z","volume":4000,"label":" ","price":5.47},{"type":"A","date":"2018-04-26T01:38:55.000Z","volume":8000,"label":"Y","price":5.5},{"type":"A","date":"2018-04-26T01:38:55.000Z","volume":2000,"label":" ","price":5.5},{"type":"A","date":"2018-04-26T01:38:55.000Z","volume":2000,"label":" ","price":5.5},{"type":"A","date":"2018-04-26T01:38:56.000Z","volume":2000,"label":" ","price":5.51},{"type":"A","date":"2018-04-26T01:38:57.000Z","volume":2000,"label":" ","price":5.52},{"type":"A","date":"2018-04-26T01:38:57.000Z","volume":2000,"label":" ","price":5.5},{"type":"B","date":"2018-04-26T01:39:02.000Z","volume":2000,"label":" ","price":5.49},{"type":"B","date":"2018-04-26T01:39:02.000Z","volume":14000,"label":" ","price":5.49},{"type":"A","date":"2018-04-26T01:39:02.000Z","volume":10000,"label":" ","price":5.5},{"type":"A","date":"2018-04-26T01:39:02.000Z","volume":50000,"label":" ","price":5.5},{"type":"A","date":"2018-04-26T01:39:03.000Z","volume":12000,"label":" ","price":5.51},{"type":"A","date":"2018-04-26T01:39:03.000Z","volume":40000,"label":" ","price":5.51},{"type":"B","date":"2018-04-26T01:39:03.000Z","volume":10000,"label":" ","price":5.5},{"type":"B","date":"2018-04-26T01:39:03.000Z","volume":6000,"label":" ","price":5.49},{"type":"B","date":"2018-04-26T01:39:03.000Z","volume":16000,"label":" ","price":5.48},{"type":"B","date":"2018-04-26T01:39:03.000Z","volume":4000,"label":" ","price":5.5},{"type":"B","date":"2018-04-26T01:39:03.000Z","volume":20000,"label":" ","price":5.5},{"type":"A","date":"2018-04-26T01:39:03.000Z","volume":2000,"label":" ","price":5.51},{"type":"A","date":"2018-04-26T01:39:03.000Z","volume":12000,"label":" ","price":5.52},{"type":"A","date":"2018-04-26T01:39:04.000Z","volume":4000,"label":" ","price":5.52},{"type":"A","date":"2018-04-26T01:39:04.000Z","volume":4000,"label":" ","price":5.52},{"type":"A","date":"2018-04-26T01:39:05.000Z","volume":8000,"label":" ","price":5.52},{"type":"B","date":"2018-04-26T01:39:05.000Z","volume":8000,"label":" ","price":5.51},{"type":"A","date":"2018-04-26T01:39:05.000Z","volume":2000,"label":" ","price":5.52},{"type":"A","date":"2018-04-26T01:39:06.000Z","volume":8000,"label":" ","price":5.53},{"type":"A","date":"2018-04-26T01:39:06.000Z","volume":2000,"label":" ","price":5.53},{"type":"B","date":"2018-04-26T01:39:07.000Z","volume":6000,"label":" ","price":5.52},{"type":"A","date":"2018-04-26T01:39:07.000Z","volume":24000,"label":" ","price":5.53},{"type":"A","date":"2018-04-26T01:39:08.000Z","volume":4000,"label":" ","price":5.54},{"type":"A","date":"2018-04-26T01:39:08.000Z","volume":10000,"label":" ","price":5.54},{"type":"B","date":"2018-04-26T01:39:08.000Z","volume":8000,"label":" ","price":5.53},{"type":"A","date":"2018-04-26T01:39:09.000Z","volume":2000,"label":" ","price":5.54},{"type":"A","date":"2018-04-26T01:39:10.000Z","volume":4000,"label":" ","price":5.54},{"type":"A","date":"2018-04-26T01:39:10.000Z","volume":14000,"label":" ","price":5.55},{"type":"B","date":"2018-04-26T01:39:11.000Z","volume":20000,"label":" ","price":5.54},{"type":"A","date":"2018-04-26T01:39:11.000Z","volume":12000,"label":" ","price":5.56},{"type":"A","date":"2018-04-26T01:39:12.000Z","volume":2000,"label":" ","price":5.56},{"type":"A","date":"2018-04-26T01:39:12.000Z","volume":6000,"label":" ","price":5.56},{"type":"B","date":"2018-04-26T01:39:12.000Z","volume":8000,"label":" ","price":5.55},{"type":"U","date":"2018-04-26T01:39:13.000Z","volume":4000,"label":" ","price":5.57},{"type":"B","date":"2018-04-26T01:39:13.000Z","volume":6000,"label":" ","price":5.55},{"type":"B","date":"2018-04-26T01:39:13.000Z","volume":2000,"label":" ","price":5.54},{"type":"B","date":"2018-04-26T01:39:13.000Z","volume":28000,"label":" ","price":5.53},{"type":"A","date":"2018-04-26T01:39:14.000Z","volume":10000,"label":" ","price":5.53},{"type":"A","date":"2018-04-26T01:39:14.000Z","volume":4000,"label":" ","price":5.53},{"type":"B","date":"2018-04-26T01:39:14.000Z","volume":18000,"label":" ","price":5.52},{"type":"B","date":"2018-04-26T01:39:15.000Z","volume":10000,"label":" ","price":5.55},{"type":"B","date":"2018-04-26T01:39:18.000Z","volume":38000,"label":" ","price":5.55},{"type":"B","date":"2018-04-26T01:39:18.000Z","volume":12000,"label":" ","price":5.54},{"type":"B","date":"2018-04-26T01:39:19.000Z","volume":22000,"label":" ","price":5.52},{"type":"A","date":"2018-04-26T01:39:22.000Z","volume":8000,"label":" ","price":5.55},{"type":"B","date":"2018-04-26T01:39:22.000Z","volume":6000,"label":" ","price":5.53},{"type":"A","date":"2018-04-26T01:39:22.000Z","volume":2000,"label":" ","price":5.55},{"type":"A","date":"2018-04-26T01:39:22.000Z","volume":4000,"label":" ","price":5.57},{"type":"A","date":"2018-04-26T01:39:24.000Z","volume":2000,"label":" ","price":5.55},{"type":"B","date":"2018-04-26T01:39:24.000Z","volume":44000,"label":" ","price":5.53},{"type":"B","date":"2018-04-26T01:39:24.000Z","volume":46000,"label":" ","price":5.52},{"type":"B","date":"2018-04-26T01:39:25.000Z","volume":28000,"label":" ","price":5.52},{"type":"B","date":"2018-04-26T01:39:25.000Z","volume":8000,"label":" ","price":5.51},{"type":"A","date":"2018-04-26T01:39:27.000Z","volume":30000,"label":" ","price":5.53},{"type":"A","date":"2018-04-26T01:39:27.000Z","volume":20000,"label":" ","price":5.55},{"type":"B","date":"2018-04-26T01:39:28.000Z","volume":16000,"label":" ","price":5.51},{"type":"A","date":"2018-04-26T01:39:29.000Z","volume":6000,"label":" ","price":5.55},{"type":"A","date":"2018-04-26T01:39:31.000Z","volume":2000,"label":" ","price":5.54},{"type":"A","date":"2018-04-26T01:39:31.000Z","volume":6000,"label":" ","price":5.54},{"type":"B","date":"2018-04-26T01:39:32.000Z","volume":6000,"label":" ","price":5.52},{"type":"B","date":"2018-04-26T01:39:32.000Z","volume":8000,"label":" ","price":5.52},{"type":"A","date":"2018-04-26T01:39:34.000Z","volume":20000,"label":" ","price":5.55},{"type":"A","date":"2018-04-26T01:39:34.000Z","volume":20000,"label":" ","price":5.55},{"type":"B","date":"2018-04-26T01:39:34.000Z","volume":4000,"label":" ","price":5.53},{"type":"B","date":"2018-04-26T01:39:34.000Z","volume":4000,"label":" ","price":5.52},{"type":"B","date":"2018-04-26T01:39:34.000Z","volume":2000,"label":" ","price":5.52},{"type":"A","date":"2018-04-26T01:39:34.000Z","volume":8000,"label":" ","price":5.56},{"type":"A","date":"2018-04-26T01:39:36.000Z","volume":64000,"label":" ","price":5.56},{"type":"A","date":"2018-04-26T01:39:36.000Z","volume":26000,"label":" ","price":5.56},{"type":"A","date":"2018-04-26T01:39:37.000Z","volume":8000,"label":" ","price":5.57},{"type":"B","date":"2018-04-26T01:39:38.000Z","volume":4000,"label":" ","price":5.55},{"type":"A","date":"2018-04-26T01:39:39.000Z","volume":10000,"label":" ","price":5.57},{"type":"A","date":"2018-04-26T01:39:39.000Z","volume":4000,"label":" ","price":5.57},{"type":"B","date":"2018-04-26T01:39:39.000Z","volume":6000,"label":" ","price":5.55},{"type":"A","date":"2018-04-26T01:39:39.000Z","volume":8000,"label":" ","price":5.59},{"type":"A","date":"2018-04-26T01:39:40.000Z","volume":2000,"label":" ","price":5.59},{"type":"A","date":"2018-04-26T01:39:41.000Z","volume":2000,"label":" ","price":5.59},{"type":"A","date":"2018-04-26T01:39:41.000Z","volume":4000,"label":" ","price":5.59},{"type":"A","date":"2018-04-26T01:39:42.000Z","volume":6000,"label":" ","price":5.6},{"type":"B","date":"2018-04-26T01:39:47.000Z","volume":8000,"label":" ","price":5.56},{"type":"B","date":"2018-04-26T01:39:49.000Z","volume":20000,"label":" ","price":5.55},{"type":"A","date":"2018-04-26T01:39:50.000Z","volume":8000,"label":" ","price":5.58},{"type":"B","date":"2018-04-26T01:39:50.000Z","volume":12000,"label":" ","price":5.55},{"type":"B","date":"2018-04-26T01:39:50.000Z","volume":4000,"label":" ","price":5.55},{"type":"A","date":"2018-04-26T01:39:58.000Z","volume":24000,"label":" ","price":5.55},{"type":"A","date":"2018-04-26T01:39:58.000Z","volume":2000,"label":" ","price":5.55},{"type":"B","date":"2018-04-26T01:39:59.000Z","volume":10000,"label":" ","price":5.55},{"type":"A","date":"2018-04-26T01:40:02.000Z","volume":10000,"label":" ","price":5.57},{"type":"A","date":"2018-04-26T01:40:07.000Z","volume":10000,"label":" ","price":5.57},{"type":"B","date":"2018-04-26T01:40:09.000Z","volume":6000,"label":" ","price":5.56},{"type":"B","date":"2018-04-26T01:40:10.000Z","volume":10000,"label":" ","price":5.56},{"type":"B","date":"2018-04-26T01:40:10.000Z","volume":10000,"label":" ","price":5.56},{"type":"A","date":"2018-04-26T01:40:11.000Z","volume":10000,"label":" ","price":5.57},{"type":"B","date":"2018-04-26T01:40:14.000Z","volume":10000,"label":" ","price":5.56},{"type":"A","date":"2018-04-26T01:40:14.000Z","volume":40000,"label":" ","price":5.57},{"type":"B","date":"2018-04-26T01:40:15.000Z","volume":10000,"label":" ","price":5.56},{"type":"A","date":"2018-04-26T01:40:16.000Z","volume":2000,"label":"Y","price":5.57},{"type":"A","date":"2018-04-26T01:40:16.000Z","volume":4000,"label":" ","price":5.57},{"type":"B","date":"2018-04-26T01:40:16.000Z","volume":30000,"label":" ","price":5.56},{"type":"B","date":"2018-04-26T01:40:16.000Z","volume":4000,"label":" ","price":5.55},{"type":"A","date":"2018-04-26T01:40:16.000Z","volume":10000,"label":" ","price":5.56},{"type":"B","date":"2018-04-26T01:40:17.000Z","volume":16000,"label":" ","price":5.55},{"type":"A","date":"2018-04-26T01:40:17.000Z","volume":2000,"label":" ","price":5.56},{"type":"A","date":"2018-04-26T01:40:18.000Z","volume":18000,"label":" ","price":5.56},{"type":"A","date":"2018-04-26T01:40:18.000Z","volume":10000,"label":" ","price":5.57},{"type":"A","date":"2018-04-26T01:40:18.000Z","volume":72000,"label":" ","price":5.57},{"type":"B","date":"2018-04-26T01:40:18.000Z","volume":6000,"label":" ","price":5.55},{"type":"B","date":"2018-04-26T01:40:18.000Z","volume":24000,"label":" ","price":5.55},{"type":"U","date":"2018-04-26T01:40:20.000Z","volume":4000,"label":" ","price":5.56},{"type":"A","date":"2018-04-26T01:40:20.000Z","volume":6000,"label":" ","price":5.58},{"type":"A","date":"2018-04-26T01:40:21.000Z","volume":6000,"label":" ","price":5.58},{"type":"A","date":"2018-04-26T01:40:24.000Z","volume":4000,"label":" ","price":5.58},{"type":"B","date":"2018-04-26T01:40:25.000Z","volume":8000,"label":" ","price":5.56},{"type":"B","date":"2018-04-26T01:40:30.000Z","volume":2000,"label":" ","price":5.57},{"type":"A","date":"2018-04-26T01:40:32.000Z","volume":20000,"label":" ","price":5.58},{"type":"A","date":"2018-04-26T01:40:32.000Z","volume":20000,"label":" ","price":5.58},{"type":"A","date":"2018-04-26T01:40:33.000Z","volume":10000,"label":" ","price":5.58},{"type":"A","date":"2018-04-26T01:40:33.000Z","volume":4000,"label":"Y","price":5.58},{"type":"A","date":"2018-04-26T01:40:33.000Z","volume":2000,"label":" ","price":5.58},{"type":"A","date":"2018-04-26T01:40:33.000Z","volume":10000,"label":" ","price":5.58},{"type":"A","date":"2018-04-26T01:40:34.000Z","volume":4000,"label":" ","price":5.58},{"type":"A","date":"2018-04-26T01:40:35.000Z","volume":4000,"label":" ","price":5.58},{"type":"A","date":"2018-04-26T01:40:35.000Z","volume":32000,"label":" ","price":5.59},{"type":"B","date":"2018-04-26T01:40:35.000Z","volume":8000,"label":" ","price":5.57},{"type":"A","date":"2018-04-26T01:40:36.000Z","volume":6000,"label":" ","price":5.6},{"type":"A","date":"2018-04-26T01:40:36.000Z","volume":10000,"label":" ","price":5.6},{"type":"A","date":"2018-04-26T01:40:37.000Z","volume":6000,"label":" ","price":5.6},{"type":"B","date":"2018-04-26T01:40:42.000Z","volume":50000,"label":" ","price":5.58},{"type":"A","date":"2018-04-26T01:40:43.000Z","volume":6000,"label":" ","price":5.59},{"type":"A","date":"2018-04-26T01:40:43.000Z","volume":20000,"label":" ","price":5.59},{"type":"B","date":"2018-04-26T01:40:43.000Z","volume":32000,"label":" ","price":5.58},{"type":"A","date":"2018-04-26T01:40:43.000Z","volume":20000,"label":" ","price":5.59},{"type":"A","date":"2018-04-26T01:40:44.000Z","volume":8000,"label":" ","price":5.59},{"type":"A","date":"2018-04-26T01:40:44.000Z","volume":16000,"label":"Y","price":5.59},{"type":"A","date":"2018-04-26T01:40:44.000Z","volume":16000,"label":" ","price":5.59},{"type":"A","date":"2018-04-26T01:40:44.000Z","volume":168000,"label":" ","price":5.6},{"type":"B","date":"2018-04-26T01:40:44.000Z","volume":58000,"label":" ","price":5.58},{"type":"A","date":"2018-04-26T01:40:44.000Z","volume":10000,"label":" ","price":5.6},{"type":"A","date":"2018-04-26T01:40:44.000Z","volume":10000,"label":" ","price":5.6},{"type":"A","date":"2018-04-26T01:40:45.000Z","volume":10000,"label":" ","price":5.6},{"type":"A","date":"2018-04-26T01:40:46.000Z","volume":46000,"label":" ","price":5.6},{"type":"B","date":"2018-04-26T01:40:46.000Z","volume":26000,"label":" ","price":5.59},{"type":"A","date":"2018-04-26T01:40:46.000Z","volume":20000,"label":" ","price":5.6},{"type":"A","date":"2018-04-26T01:40:46.000Z","volume":20000,"label":" ","price":5.6},{"type":"A","date":"2018-04-26T01:40:47.000Z","volume":200000,"label":" ","price":5.6},{"type":"A","date":"2018-04-26T01:40:47.000Z","volume":50000,"label":" ","price":5.6},{"type":"B","date":"2018-04-26T01:40:47.000Z","volume":56000,"label":" ","price":5.59},{"type":"B","date":"2018-04-26T01:40:47.000Z","volume":44000,"label":" ","price":5.58},{"type":"A","date":"2018-04-26T01:40:48.000Z","volume":8000,"label":" ","price":5.6},{"type":"A","date":"2018-04-26T01:40:48.000Z","volume":50000,"label":" ","price":5.6},{"type":"A","date":"2018-04-26T01:40:48.000Z","volume":4000,"label":" ","price":5.6},{"type":"A","date":"2018-04-26T01:40:48.000Z","volume":10000,"label":" ","price":5.6},{"type":"A","date":"2018-04-26T01:40:48.000Z","volume":50000,"label":" ","price":5.6},{"type":"B","date":"2018-04-26T01:40:48.000Z","volume":42000,"label":" ","price":5.58},{"type":"A","date":"2018-04-26T01:40:49.000Z","volume":30000,"label":" ","price":5.6},{"type":"B","date":"2018-04-26T01:40:49.000Z","volume":8000,"label":" ","price":5.58},{"type":"A","date":"2018-04-26T01:40:49.000Z","volume":34000,"label":" ","price":5.6},{"type":"A","date":"2018-04-26T01:40:50.000Z","volume":10000,"label":" ","price":5.61},{"type":"A","date":"2018-04-26T01:40:51.000Z","volume":4000,"label":" ","price":5.61},{"type":"A","date":"2018-04-26T01:40:51.000Z","volume":2000,"label":" ","price":5.61},{"type":"A","date":"2018-04-26T01:40:55.000Z","volume":6000,"label":" ","price":5.61},{"type":"A","date":"2018-04-26T01:40:55.000Z","volume":4000,"label":" ","price":5.61},{"type":"A","date":"2018-04-26T01:40:55.000Z","volume":10000,"label":" ","price":5.61},{"type":"A","date":"2018-04-26T01:40:56.000Z","volume":6000,"label":" ","price":5.61},{"type":"A","date":"2018-04-26T01:40:57.000Z","volume":10000,"label":" ","price":5.61},{"type":"A","date":"2018-04-26T01:40:57.000Z","volume":22000,"label":" ","price":5.61},{"type":"A","date":"2018-04-26T01:40:57.000Z","volume":4000,"label":" ","price":5.61},{"type":"A","date":"2018-04-26T01:41:01.000Z","volume":2000,"label":" ","price":5.65},{"type":"A","date":"2018-04-26T01:41:05.000Z","volume":14000,"label":" ","price":5.64},{"type":"A","date":"2018-04-26T01:41:05.000Z","volume":6000,"label":" ","price":5.65},{"type":"B","date":"2018-04-26T01:41:07.000Z","volume":12000,"label":" ","price":5.62},{"type":"B","date":"2018-04-26T01:41:07.000Z","volume":20000,"label":" ","price":5.61},{"type":"B","date":"2018-04-26T01:41:08.000Z","volume":12000,"label":" ","price":5.61},{"type":"A","date":"2018-04-26T01:41:08.000Z","volume":8000,"label":" ","price":5.64},{"type":"A","date":"2018-04-26T01:41:08.000Z","volume":22000,"label":" ","price":5.64},{"type":"A","date":"2018-04-26T01:41:08.000Z","volume":2000,"label":" ","price":5.65},{"type":"B","date":"2018-04-26T01:41:09.000Z","volume":10000,"label":" ","price":5.61},{"type":"B","date":"2018-04-26T01:41:10.000Z","volume":4000,"label":" ","price":5.64},{"type":"A","date":"2018-04-26T01:41:11.000Z","volume":10000,"label":" ","price":5.65},{"type":"A","date":"2018-04-26T01:41:11.000Z","volume":2000,"label":" ","price":5.65},{"type":"B","date":"2018-04-26T01:41:11.000Z","volume":4000,"label":" ","price":5.64},{"type":"B","date":"2018-04-26T01:41:11.000Z","volume":2000,"label":" ","price":5.64},{"type":"B","date":"2018-04-26T01:41:11.000Z","volume":2000,"label":" ","price":5.62},{"type":"B","date":"2018-04-26T01:41:11.000Z","volume":4000,"label":" ","price":5.61},{"type":"A","date":"2018-04-26T01:41:13.000Z","volume":18000,"label":" ","price":5.65},{"type":"A","date":"2018-04-26T01:41:13.000Z","volume":12000,"label":" ","price":5.65},{"type":"B","date":"2018-04-26T01:41:14.000Z","volume":2000,"label":" ","price":5.62},{"type":"B","date":"2018-04-26T01:41:14.000Z","volume":6000,"label":" ","price":5.61},{"type":"A","date":"2018-04-26T01:41:17.000Z","volume":22000,"label":" ","price":5.66},{"type":"A","date":"2018-04-26T01:41:18.000Z","volume":4000,"label":" ","price":5.66},{"type":"A","date":"2018-04-26T01:41:19.000Z","volume":40000,"label":" ","price":5.67},{"type":"B","date":"2018-04-26T01:41:19.000Z","volume":12000,"label":" ","price":5.63},{"type":"A","date":"2018-04-26T01:41:22.000Z","volume":20000,"label":" ","price":5.67},{"type":"A","date":"2018-04-26T01:41:24.000Z","volume":6000,"label":" ","price":5.66},{"type":"B","date":"2018-04-26T01:41:25.000Z","volume":8000,"label":" ","price":5.64},{"type":"A","date":"2018-04-26T01:41:29.000Z","volume":50000,"label":" ","price":5.67},{"type":"A","date":"2018-04-26T01:41:29.000Z","volume":50000,"label":" ","price":5.68},{"type":"B","date":"2018-04-26T01:41:30.000Z","volume":22000,"label":" ","price":5.65},{"type":"A","date":"2018-04-26T01:41:31.000Z","volume":12000,"label":" ","price":5.66},{"type":"A","date":"2018-04-26T01:41:31.000Z","volume":8000,"label":" ","price":5.68},{"type":"A","date":"2018-04-26T01:41:35.000Z","volume":10000,"label":" ","price":5.68},{"type":"A","date":"2018-04-26T01:41:36.000Z","volume":2000,"label":" ","price":5.68},{"type":"A","date":"2018-04-26T01:41:36.000Z","volume":2000,"label":" ","price":5.68},{"type":"A","date":"2018-04-26T01:41:42.000Z","volume":2000,"label":" ","price":5.69},{"type":"A","date":"2018-04-26T01:41:42.000Z","volume":8000,"label":" ","price":5.69},{"type":"A","date":"2018-04-26T01:41:43.000Z","volume":10000,"label":" ","price":5.69},{"type":"A","date":"2018-04-26T01:41:43.000Z","volume":50000,"label":" ","price":5.69},{"type":"A","date":"2018-04-26T01:41:45.000Z","volume":8000,"label":" ","price":5.69},{"type":"A","date":"2018-04-26T01:41:46.000Z","volume":6000,"label":" ","price":5.69},{"type":"A","date":"2018-04-26T01:41:46.000Z","volume":10000,"label":" ","price":5.69},{"type":"B","date":"2018-04-26T01:41:46.000Z","volume":8000,"label":" ","price":5.68},{"type":"A","date":"2018-04-26T01:41:46.000Z","volume":20000,"label":" ","price":5.69},{"type":"B","date":"2018-04-26T01:41:47.000Z","volume":8000,"label":" ","price":5.69},{"type":"A","date":"2018-04-26T01:41:50.000Z","volume":10000,"label":"Y","price":5.7},{"type":"A","date":"2018-04-26T01:41:50.000Z","volume":130000,"label":" ","price":5.7},{"type":"A","date":"2018-04-26T01:41:50.000Z","volume":8000,"label":" ","price":5.7},{"type":"A","date":"2018-04-26T01:41:51.000Z","volume":2000,"label":" ","price":5.71},{"type":"U","date":"2018-04-26T01:41:52.000Z","volume":8000,"label":" ","price":5.71},{"type":"B","date":"2018-04-26T01:41:52.000Z","volume":2000,"label":" ","price":5.71},{"type":"B","date":"2018-04-26T01:41:53.000Z","volume":94000,"label":" ","price":5.7},{"type":"B","date":"2018-04-26T01:41:53.000Z","volume":36000,"label":" ","price":5.7},{"type":"B","date":"2018-04-26T01:41:56.000Z","volume":80000,"label":" ","price":5.7},{"type":"B","date":"2018-04-26T01:41:56.000Z","volume":184000,"label":" ","price":5.7},{"type":"B","date":"2018-04-26T01:41:56.000Z","volume":72000,"label":" ","price":5.69},{"type":"A","date":"2018-04-26T01:41:57.000Z","volume":2000,"label":" ","price":5.7},{"type":"A","date":"2018-04-26T01:41:57.000Z","volume":30000,"label":" ","price":5.72},{"type":"B","date":"2018-04-26T01:41:57.000Z","volume":36000,"label":" ","price":5.68},{"type":"B","date":"2018-04-26T01:41:57.000Z","volume":48000,"label":" ","price":5.67},{"type":"B","date":"2018-04-26T01:41:57.000Z","volume":60000,"label":" ","price":5.66},{"type":"B","date":"2018-04-26T01:41:57.000Z","volume":32000,"label":" ","price":5.65},{"type":"A","date":"2018-04-26T01:42:00.000Z","volume":36000,"label":" ","price":5.68},{"type":"A","date":"2018-04-26T01:42:00.000Z","volume":10000,"label":" ","price":5.69},{"type":"A","date":"2018-04-26T01:42:00.000Z","volume":4000,"label":" ","price":5.7},{"type":"A","date":"2018-04-26T01:42:01.000Z","volume":2000,"label":" ","price":5.69},{"type":"B","date":"2018-04-26T01:42:01.000Z","volume":18000,"label":" ","price":5.65},{"type":"B","date":"2018-04-26T01:42:03.000Z","volume":740000,"label":" ","price":5.65},{"type":"B","date":"2018-04-26T01:42:03.000Z","volume":108000,"label":" ","price":5.65},{"type":"B","date":"2018-04-26T01:42:03.000Z","volume":64000,"label":" ","price":5.65},{"type":"B","date":"2018-04-26T01:42:03.000Z","volume":36000,"label":" ","price":5.65},{"type":"B","date":"2018-04-26T01:42:03.000Z","volume":22000,"label":" ","price":5.64},{"type":"B","date":"2018-04-26T01:42:03.000Z","volume":30000,"label":" ","price":5.63},{"type":"B","date":"2018-04-26T01:42:03.000Z","volume":136000,"label":" ","price":5.62},{"type":"B","date":"2018-04-26T01:42:03.000Z","volume":136000,"label":" ","price":5.61},{"type":"U","date":"2018-04-26T01:42:04.000Z","volume":2000,"label":" ","price":5.65},{"type":"B","date":"2018-04-26T01:42:08.000Z","volume":20000,"label":" ","price":5.61},{"type":"B","date":"2018-04-26T01:42:08.000Z","volume":30000,"label":" ","price":5.61},{"type":"B","date":"2018-04-26T01:42:09.000Z","volume":20000,"label":" ","price":5.6},{"type":"U","date":"2018-04-26T01:42:12.000Z","volume":50000,"label":" ","price":5.62},{"type":"B","date":"2018-04-26T01:42:12.000Z","volume":8000,"label":" ","price":5.6},{"type":"A","date":"2018-04-26T01:42:13.000Z","volume":6000,"label":" ","price":5.63},{"type":"B","date":"2018-04-26T01:42:13.000Z","volume":22000,"label":" ","price":5.6},{"type":"B","date":"2018-04-26T01:42:14.000Z","volume":4000,"label":" ","price":5.6},{"type":"A","date":"2018-04-26T01:42:16.000Z","volume":10000,"label":" ","price":5.6},{"type":"A","date":"2018-04-26T01:42:20.000Z","volume":10000,"label":" ","price":5.62},{"type":"B","date":"2018-04-26T01:42:21.000Z","volume":8000,"label":" ","price":5.6},{"type":"U","date":"2018-04-26T01:42:24.000Z","volume":10000,"label":" ","price":5.61},{"type":"A","date":"2018-04-26T01:42:28.000Z","volume":10000,"label":" ","price":5.63},{"type":"B","date":"2018-04-26T01:42:29.000Z","volume":26000,"label":" ","price":5.61},{"type":"B","date":"2018-04-26T01:42:29.000Z","volume":106000,"label":" ","price":5.6},{"type":"B","date":"2018-04-26T01:42:29.000Z","volume":68000,"label":" ","price":5.58},{"type":"B","date":"2018-04-26T01:42:29.000Z","volume":76000,"label":" ","price":5.58},{"type":"A","date":"2018-04-26T01:42:30.000Z","volume":6000,"label":" ","price":5.63},{"type":"B","date":"2018-04-26T01:42:39.000Z","volume":4000,"label":" ","price":5.6},{"type":"A","date":"2018-04-26T01:42:39.000Z","volume":6000,"label":" ","price":5.6},{"type":"B","date":"2018-04-26T01:42:43.000Z","volume":20000,"label":" ","price":5.58},{"type":"U","date":"2018-04-26T01:42:43.000Z","volume":10000,"label":" ","price":5.59},{"type":"B","date":"2018-04-26T01:42:44.000Z","volume":16000,"label":" ","price":5.58},{"type":"U","date":"2018-04-26T01:42:48.000Z","volume":10000,"label":" ","price":5.59},{"type":"B","date":"2018-04-26T01:42:52.000Z","volume":62000,"label":" ","price":5.58},{"type":"B","date":"2018-04-26T01:42:53.000Z","volume":26000,"label":" ","price":5.58},{"type":"B","date":"2018-04-26T01:42:53.000Z","volume":4000,"label":"Y","price":5.58},{"type":"B","date":"2018-04-26T01:42:54.000Z","volume":8000,"label":" ","price":5.58},{"type":"B","date":"2018-04-26T01:42:54.000Z","volume":48000,"label":" ","price":5.58},{"type":"B","date":"2018-04-26T01:42:55.000Z","volume":40000,"label":" ","price":5.58},{"type":"B","date":"2018-04-26T01:42:55.000Z","volume":34000,"label":" ","price":5.58},{"type":"B","date":"2018-04-26T01:42:55.000Z","volume":4000,"label":" ","price":5.58},{"type":"B","date":"2018-04-26T01:42:56.000Z","volume":22000,"label":" ","price":5.58},{"type":"B","date":"2018-04-26T01:42:56.000Z","volume":10000,"label":" ","price":5.58},{"type":"B","date":"2018-04-26T01:42:56.000Z","volume":20000,"label":" ","price":5.58},{"type":"B","date":"2018-04-26T01:42:56.000Z","volume":12000,"label":" ","price":5.58},{"type":"B","date":"2018-04-26T01:42:56.000Z","volume":10000,"label":" ","price":5.58},{"type":"B","date":"2018-04-26T01:42:57.000Z","volume":54000,"label":" ","price":5.58},{"type":"B","date":"2018-04-26T01:42:57.000Z","volume":28000,"label":" ","price":5.57},{"type":"B","date":"2018-04-26T01:42:57.000Z","volume":10000,"label":" ","price":5.57},{"type":"B","date":"2018-04-26T01:42:57.000Z","volume":10000,"label":" ","price":5.57},{"type":"B","date":"2018-04-26T01:42:57.000Z","volume":2000,"label":" ","price":5.57},{"type":"B","date":"2018-04-26T01:42:57.000Z","volume":8000,"label":" ","price":5.57},{"type":"B","date":"2018-04-26T01:42:57.000Z","volume":10000,"label":" ","price":5.57},{"type":"B","date":"2018-04-26T01:42:57.000Z","volume":4000,"label":" ","price":5.57},{"type":"A","date":"2018-04-26T01:42:58.000Z","volume":6000,"label":" ","price":5.58},{"type":"B","date":"2018-04-26T01:42:59.000Z","volume":2000,"label":" ","price":5.56},{"type":"B","date":"2018-04-26T01:42:59.000Z","volume":8000,"label":" ","price":5.56},{"type":"B","date":"2018-04-26T01:43:01.000Z","volume":30000,"label":" ","price":5.56},{"type":"B","date":"2018-04-26T01:43:02.000Z","volume":8000,"label":" ","price":5.56},{"type":"B","date":"2018-04-26T01:43:02.000Z","volume":2000,"label":" ","price":5.55},{"type":"A","date":"2018-04-26T01:43:02.000Z","volume":30000,"label":" ","price":5.58},{"type":"A","date":"2018-04-26T01:43:05.000Z","volume":4000,"label":" ","price":5.57},{"type":"A","date":"2018-04-26T01:43:06.000Z","volume":6000,"label":" ","price":5.57},{"type":"B","date":"2018-04-26T01:43:06.000Z","volume":8000,"label":" ","price":5.55},{"type":"A","date":"2018-04-26T01:43:06.000Z","volume":10000,"label":" ","price":5.58},{"type":"U","date":"2018-04-26T01:43:08.000Z","volume":2000,"label":" ","price":5.57},{"type":"B","date":"2018-04-26T01:43:10.000Z","volume":10000,"label":" ","price":5.56},{"type":"B","date":"2018-04-26T01:43:11.000Z","volume":6000,"label":" ","price":5.56},{"type":"B","date":"2018-04-26T01:43:11.000Z","volume":2000,"label":" ","price":5.55},{"type":"U","date":"2018-04-26T01:43:13.000Z","volume":2000,"label":" ","price":5.57},{"type":"B","date":"2018-04-26T01:43:18.000Z","volume":2000,"label":" ","price":5.57},{"type":"B","date":"2018-04-26T01:43:20.000Z","volume":6000,"label":" ","price":5.57},{"type":"A","date":"2018-04-26T01:43:21.000Z","volume":10000,"label":" ","price":5.58},{"type":"A","date":"2018-04-26T01:43:22.000Z","volume":10000,"label":" ","price":5.59},{"type":"A","date":"2018-04-26T01:43:23.000Z","volume":10000,"label":" ","price":5.59},{"type":"A","date":"2018-04-26T01:43:23.000Z","volume":2000,"label":" ","price":5.59},{"type":"B","date":"2018-04-26T01:43:23.000Z","volume":10000,"label":" ","price":5.58},{"type":"A","date":"2018-04-26T01:43:24.000Z","volume":26000,"label":" ","price":5.6},{"type":"A","date":"2018-04-26T01:43:24.000Z","volume":12000,"label":" ","price":5.6},{"type":"A","date":"2018-04-26T01:43:24.000Z","volume":2000,"label":" ","price":5.6},{"type":"B","date":"2018-04-26T01:43:26.000Z","volume":2000,"label":" ","price":5.6},{"type":"B","date":"2018-04-26T01:43:34.000Z","volume":2000,"label":" ","price":5.61},{"type":"A","date":"2018-04-26T01:43:36.000Z","volume":10000,"label":" ","price":5.62},{"type":"A","date":"2018-04-26T01:43:36.000Z","volume":16000,"label":" ","price":5.64},{"type":"A","date":"2018-04-26T01:43:36.000Z","volume":4000,"label":" ","price":5.65},{"type":"A","date":"2018-04-26T01:43:36.000Z","volume":6000,"label":" ","price":5.66},{"type":"A","date":"2018-04-26T01:43:36.000Z","volume":6000,"label":" ","price":5.67},{"type":"A","date":"2018-04-26T01:43:36.000Z","volume":8000,"label":" ","price":5.68},{"type":"B","date":"2018-04-26T01:43:36.000Z","volume":8000,"label":" ","price":5.6},{"type":"B","date":"2018-04-26T01:43:51.000Z","volume":2000,"label":" ","price":5.62},{"type":"U","date":"2018-04-26T01:43:55.000Z","volume":2000,"label":" ","price":5.63},{"type":"A","date":"2018-04-26T01:43:55.000Z","volume":6000,"label":" ","price":5.64},{"type":"B","date":"2018-04-26T01:43:56.000Z","volume":12000,"label":" ","price":5.62},{"type":"B","date":"2018-04-26T01:43:56.000Z","volume":8000,"label":" ","price":5.61},{"type":"B","date":"2018-04-26T01:43:56.000Z","volume":2000,"label":" ","price":5.61},{"type":"B","date":"2018-04-26T01:43:58.000Z","volume":6000,"label":"Y","price":5.6},{"type":"B","date":"2018-04-26T01:43:58.000Z","volume":24000,"label":" ","price":5.6},{"type":"B","date":"2018-04-26T01:43:59.000Z","volume":10000,"label":" ","price":5.59},{"type":"B","date":"2018-04-26T01:44:02.000Z","volume":10000,"label":" ","price":5.59},{"type":"B","date":"2018-04-26T01:44:02.000Z","volume":10000,"label":" ","price":5.59},{"type":"A","date":"2018-04-26T01:44:02.000Z","volume":18000,"label":" ","price":5.6},{"type":"A","date":"2018-04-26T01:44:02.000Z","volume":2000,"label":" ","price":5.61},{"type":"B","date":"2018-04-26T01:44:03.000Z","volume":2000,"label":" ","price":5.59},{"type":"B","date":"2018-04-26T01:44:03.000Z","volume":10000,"label":" ","price":5.58},{"type":"B","date":"2018-04-26T01:44:03.000Z","volume":2000,"label":" ","price":5.58},{"type":"B","date":"2018-04-26T01:44:07.000Z","volume":14000,"label":" ","price":5.58},{"type":"B","date":"2018-04-26T01:44:07.000Z","volume":44000,"label":" ","price":5.56},{"type":"B","date":"2018-04-26T01:44:07.000Z","volume":102000,"label":" ","price":5.55},{"type":"A","date":"2018-04-26T01:44:07.000Z","volume":2000,"label":" ","price":5.6},{"type":"B","date":"2018-04-26T01:44:08.000Z","volume":16000,"label":" ","price":5.58},{"type":"B","date":"2018-04-26T01:44:08.000Z","volume":10000,"label":" ","price":5.57},{"type":"B","date":"2018-04-26T01:44:08.000Z","volume":30000,"label":" ","price":5.56},{"type":"U","date":"2018-04-26T01:44:08.000Z","volume":2000,"label":" ","price":5.59},{"type":"U","date":"2018-04-26T01:44:09.000Z","volume":18000,"label":" ","price":5.59},{"type":"A","date":"2018-04-26T01:44:09.000Z","volume":2000,"label":" ","price":5.6},{"type":"B","date":"2018-04-26T01:44:09.000Z","volume":8000,"label":" ","price":5.55},{"type":"B","date":"2018-04-26T01:44:16.000Z","volume":100000,"label":" ","price":5.55},{"type":"B","date":"2018-04-26T01:44:17.000Z","volume":4000,"label":" ","price":5.55},{"type":"B","date":"2018-04-26T01:44:17.000Z","volume":12000,"label":" ","price":5.53},{"type":"B","date":"2018-04-26T01:44:17.000Z","volume":8000,"label":" ","price":5.53},{"type":"B","date":"2018-04-26T01:44:17.000Z","volume":32000,"label":" ","price":5.52},{"type":"B","date":"2018-04-26T01:44:23.000Z","volume":10000,"label":" ","price":5.53},{"type":"A","date":"2018-04-26T01:44:24.000Z","volume":12000,"label":" ","price":5.55},{"type":"B","date":"2018-04-26T01:44:24.000Z","volume":4000,"label":" ","price":5.53},{"type":"B","date":"2018-04-26T01:44:24.000Z","volume":4000,"label":" ","price":5.52},{"type":"U","date":"2018-04-26T01:44:29.000Z","volume":20000,"label":" ","price":5.53},{"type":"B","date":"2018-04-26T01:44:30.000Z","volume":6000,"label":" ","price":5.52},{"type":"B","date":"2018-04-26T01:44:31.000Z","volume":8000,"label":" ","price":5.52},{"type":"A","date":"2018-04-26T01:44:35.000Z","volume":4000,"label":" ","price":5.53},{"type":"A","date":"2018-04-26T01:44:36.000Z","volume":2000,"label":" ","price":5.53},{"type":"A","date":"2018-04-26T01:44:36.000Z","volume":6000,"label":" ","price":5.54},{"type":"B","date":"2018-04-26T01:44:36.000Z","volume":30000,"label":" ","price":5.52},{"type":"B","date":"2018-04-26T01:44:36.000Z","volume":10000,"label":" ","price":5.52},{"type":"B","date":"2018-04-26T01:44:38.000Z","volume":2000,"label":" ","price":5.52},{"type":"A","date":"2018-04-26T01:44:38.000Z","volume":10000,"label":" ","price":5.54},{"type":"A","date":"2018-04-26T01:44:38.000Z","volume":98000,"label":" ","price":5.55},{"type":"A","date":"2018-04-26T01:44:38.000Z","volume":6000,"label":" ","price":5.56},{"type":"A","date":"2018-04-26T01:44:38.000Z","volume":14000,"label":" ","price":5.57},{"type":"A","date":"2018-04-26T01:44:38.000Z","volume":4000,"label":" ","price":5.6},{"type":"A","date":"2018-04-26T01:44:38.000Z","volume":20000,"label":" ","price":5.61},{"type":"A","date":"2018-04-26T01:44:38.000Z","volume":30000,"label":" ","price":5.62},{"type":"A","date":"2018-04-26T01:44:38.000Z","volume":4000,"label":" ","price":5.63},{"type":"A","date":"2018-04-26T01:44:38.000Z","volume":14000,"label":" ","price":5.63},{"type":"U","date":"2018-04-26T01:44:38.000Z","volume":36000,"label":" ","price":5.53},{"type":"B","date":"2018-04-26T01:44:38.000Z","volume":2000,"label":" ","price":5.52},{"type":"B","date":"2018-04-26T01:44:38.000Z","volume":4000,"label":" ","price":5.51},{"type":"B","date":"2018-04-26T01:44:38.000Z","volume":16000,"label":" ","price":5.51},{"type":"A","date":"2018-04-26T01:44:38.000Z","volume":8000,"label":" ","price":5.55},{"type":"A","date":"2018-04-26T01:44:41.000Z","volume":14000,"label":" ","price":5.55},{"type":"B","date":"2018-04-26T01:44:42.000Z","volume":4000,"label":" ","price":5.54},{"type":"B","date":"2018-04-26T01:44:42.000Z","volume":4000,"label":" ","price":5.53},{"type":"B","date":"2018-04-26T01:44:42.000Z","volume":2000,"label":" ","price":5.52},{"type":"B","date":"2018-04-26T01:44:44.000Z","volume":4000,"label":" ","price":5.52},{"type":"B","date":"2018-04-26T01:44:44.000Z","volume":54000,"label":" ","price":5.51},{"type":"B","date":"2018-04-26T01:44:44.000Z","volume":192000,"label":" ","price":5.5},{"type":"B","date":"2018-04-26T01:44:44.000Z","volume":2000,"label":" ","price":5.52},{"type":"B","date":"2018-04-26T01:44:45.000Z","volume":10000,"label":" ","price":5.52},{"type":"B","date":"2018-04-26T01:44:45.000Z","volume":90000,"label":" ","price":5.5},{"type":"B","date":"2018-04-26T01:44:47.000Z","volume":20000,"label":" ","price":5.5},{"type":"B","date":"2018-04-26T01:44:48.000Z","volume":2000,"label":"Y","price":5.5},{"type":"B","date":"2018-04-26T01:44:48.000Z","volume":6000,"label":" ","price":5.5},{"type":"B","date":"2018-04-26T01:44:48.000Z","volume":10000,"label":" ","price":5.5},{"type":"B","date":"2018-04-26T01:44:49.000Z","volume":12000,"label":" ","price":5.5},{"type":"B","date":"2018-04-26T01:44:49.000Z","volume":4000,"label":" ","price":5.48},{"type":"B","date":"2018-04-26T01:44:49.000Z","volume":18000,"label":" ","price":5.5},{"type":"A","date":"2018-04-26T01:44:51.000Z","volume":10000,"label":" ","price":5.5},{"type":"A","date":"2018-04-26T01:44:51.000Z","volume":2000,"label":" ","price":5.5},{"type":"A","date":"2018-04-26T01:44:51.000Z","volume":4000,"label":" ","price":5.51},{"type":"B","date":"2018-04-26T01:44:52.000Z","volume":8000,"label":" ","price":5.5},{"type":"B","date":"2018-04-26T01:44:52.000Z","volume":42000,"label":" ","price":5.49},{"type":"A","date":"2018-04-26T01:44:52.000Z","volume":4000,"label":" ","price":5.52},{"type":"A","date":"2018-04-26T01:44:52.000Z","volume":2000,"label":" ","price":5.53},{"type":"B","date":"2018-04-26T01:44:54.000Z","volume":4000,"label":" ","price":5.51},{"type":"B","date":"2018-04-26T01:44:54.000Z","volume":2000,"label":" ","price":5.5},{"type":"B","date":"2018-04-26T01:45:03.000Z","volume":8000,"label":" ","price":5.52},{"type":"A","date":"2018-04-26T01:45:09.000Z","volume":10000,"label":" ","price":5.52},{"type":"A","date":"2018-04-26T01:45:09.000Z","volume":2000,"label":"Y","price":5.52},{"type":"A","date":"2018-04-26T01:45:10.000Z","volume":4000,"label":" ","price":5.52},{"type":"B","date":"2018-04-26T01:45:13.000Z","volume":6000,"label":" ","price":5.52},{"type":"B","date":"2018-04-26T01:45:13.000Z","volume":8000,"label":" ","price":5.51},{"type":"B","date":"2018-04-26T01:45:13.000Z","volume":16000,"label":" ","price":5.5},{"type":"A","date":"2018-04-26T01:45:19.000Z","volume":20000,"label":" ","price":5.51},{"type":"A","date":"2018-04-26T01:45:25.000Z","volume":30000,"label":" ","price":5.53},{"type":"A","date":"2018-04-26T01:45:25.000Z","volume":10000,"label":" ","price":5.54},{"type":"A","date":"2018-04-26T01:45:25.000Z","volume":8000,"label":" ","price":5.53},{"type":"A","date":"2018-04-26T01:45:25.000Z","volume":8000,"label":" ","price":5.53},{"type":"B","date":"2018-04-26T01:45:29.000Z","volume":20000,"label":" ","price":5.54}