[{"type":"A","date":"2018-03-21T07:27:12.000Z","volume":7700,"price":3,"category":"ubbull"},{"type":"A","date":"2018-03-21T07:27:12.000Z","volume":80000,"price":3,"category":"ubbull"},{"type":"A","date":"2018-03-21T07:25:21.000Z","volume":4800,"price":3,"category":"ubbull"},{"type":"A","date":"2018-03-21T07:25:18.000Z","volume":19100,"price":3,"category":"ubbull"},{"type":"A","date":"2018-03-21T07:25:18.000Z","volume":150000,"price":3,"category":"ubbull"},{"type":"A","date":"2018-03-21T07:24:26.000Z","volume":7400,"price":3,"category":"ubbull"},{"type":"A","date":"2018-03-21T07:24:26.000Z","volume":80000,"price":3,"category":"ubbull"},{"type":"A","date":"2018-03-21T07:22:46.000Z","volume":44300,"price":3,"category":"ubbull"},{"type":"A","date":"2018-03-21T07:22:46.000Z","volume":21800,"price":3,"category":"ubbull"},{"type":"A","date":"2018-03-21T07:22:46.000Z","volume":50000,"price":3,"category":"ubbull"},{"type":"A","date":"2018-03-21T07:22:46.000Z","volume":290000,"price":3,"category":"ubbull"},{"type":"A","date":"2018-03-21T07:22:46.000Z","volume":10000,"price":3,"category":"ubbull"},{"type":"A","date":"2018-03-21T07:22:46.000Z","volume":300000,"price":3,"category":"ubbull"},{"type":"A","date":"2018-03-21T07:22:46.000Z","volume":300000,"price":3,"category":"ubbull"},{"type":"A","date":"2018-03-21T06:00:12.000Z","volume":5000,"price":3,"category":"ubbull"},{"type":"A","date":"2018-03-21T05:53:34.000Z","volume":20000,"price":3,"category":"ubbull"},{"type":"A","date":"2018-03-21T05:44:12.000Z","volume":12000,"price":3,"category":"ubbull"},{"type":"A","date":"2018-03-21T05:41:43.000Z","volume":5000,"price":3,"category":"ubbull"},{"type":"A","date":"2018-03-21T05:35:53.000Z","volume":7000,"price":3,"category":"ubbull"},{"type":"A","date":"2018-03-21T05:34:08.000Z","volume":23000,"price":3.01,"category":"ubbull"},{"type":"A","date":"2018-03-21T05:32:44.000Z","volume":9000,"price":3.01,"category":"ubbull"},{"type":"A","date":"2018-03-21T05:10:26.000Z","volume":20000,"price":3.01,"category":"ubbull"},{"type":"A","date":"2018-03-21T01:45:30.000Z","volume":85900,"price":3.03,"category":"ubbull"},{"type":"A","date":"2018-03-21T01:35:56.000Z","volume":293300,"price":3.02,"category":"ubbull"},{"type":"A","date":"2018-03-21T01:35:01.000Z","volume":13500,"price":3.02,"category":"ubbull"},{"type":"A","date":"2018-03-21T01:32:40.000Z","volume":3800,"price":3.02,"category":"ubbull"},{"type":"A","date":"2018-03-21T01:30:54.000Z","volume":10000,"price":3.02,"category":"ubbull"},{"type":"A","date":"2018-03-21T07:57:22.000Z","volume":2600,"price":3.01,"category":"bbull"},{"type":"A","date":"2018-03-21T07:49:34.000Z","volume":1200,"price":3.01,"category":"bbull"},{"type":"A","date":"2018-03-21T07:24:26.000Z","volume":2100,"price":3,"category":"bbull"},{"type":"A","date":"2018-03-21T07:23:57.000Z","volume":1400,"price":3,"category":"bbull"},{"type":"A","date":"2018-03-21T07:23:18.000Z","volume":1300,"price":3,"category":"bbull"},{"type":"A","date":"2018-03-21T07:22:51.000Z","volume":3600,"price":3,"category":"bbull"},{"type":"A","date":"2018-03-21T07:15:58.000Z","volume":1500,"price":3,"category":"bbull"},{"type":"A","date":"2018-03-21T03:26:48.000Z","volume":2000,"price":3.01,"category":"bbull"},{"type":"A","date":"2018-03-21T01:32:40.000Z","volume":1200,"price":3.02,"category":"bbull"},{"type":"A","date":"2018-03-21T07:59:14.000Z","volume":100,"price":3.01,"category":"rbull"},{"type":"A","date":"2018-03-21T07:54:47.000Z","volume":100,"price":3.01,"category":"rbull"},{"type":"A","date":"2018-03-21T07:50:32.000Z","volume":100,"price":3.01,"category":"rbull"},{"type":"A","date":"2018-03-21T07:44:32.000Z","volume":100,"price":3.01,"category":"rbull"},{"type":"A","date":"2018-03-21T07:44:32.000Z","volume":100,"price":3.01,"category":"rbull"},{"type":"A","date":"2018-03-21T07:41:02.000Z","volume":100,"price":3.01,"category":"rbull"},{"type":"A","date":"2018-03-21T07:41:02.000Z","volume":100,"price":3.01,"category":"rbull"},{"type":"A","date":"2018-03-21T07:25:32.000Z","volume":100,"price":3,"category":"rbull"},{"type":"A","date":"2018-03-21T07:25:32.000Z","volume":100,"price":3,"category":"rbull"},{"type":"A","date":"2018-03-21T07:25:32.000Z","volume":100,"price":3,"category":"rbull"},{"type":"A","date":"2018-03-21T07:25:32.000Z","volume":100,"price":3,"category":"rbull"},{"type":"A","date":"2018-03-21T07:23:56.000Z","volume":100,"price":3,"category":"rbull"},{"type":"A","date":"2018-03-21T07:23:47.000Z","volume":100,"price":3,"category":"rbull"},{"type":"A","date":"2018-03-21T07:23:47.000Z","volume":100,"price":3,"category":"rbull"},{"type":"A","date":"2018-03-21T07:23:47.000Z","volume":100,"price":3,"category":"rbull"},{"type":"A","date":"2018-03-21T07:17:47.000Z","volume":100,"price":3,"category":"rbull"},{"type":"A","date":"2018-03-21T07:07:32.000Z","volume":100,"price":3,"category":"rbull"},{"type":"A","date":"2018-03-21T07:07:32.000Z","volume":100,"price":3,"category":"rbull"},{"type":"A","date":"2018-03-21T06:59:47.000Z","volume":100,"price":3,"category":"rbull"},{"type":"A","date":"2018-03-21T06:59:47.000Z","volume":100,"price":3,"category":"rbull"},{"type":"A","date":"2018-03-21T06:59:47.000Z","volume":100,"price":3,"category":"rbull"},{"type":"A","date":"2018-03-21T06:53:32.000Z","volume":100,"price":3,"category":"rbull"},{"type":"A","date":"2018-03-21T06:53:32.000Z","volume":100,"price":3,"category":"rbull"},{"type":"A","date":"2018-03-21T06:53:32.000Z","volume":100,"price":3,"category":"rbull"},{"type":"A","date":"2018-03-21T06:51:32.000Z","volume":100,"price":3,"category":"rbull"},{"type":"A","date":"2018-03-21T06:49:24.000Z","volume":100,"price":3,"category":"rbull"},{"type":"A","date":"2018-03-21T06:47:17.000Z","volume":100,"price":3,"category":"rbull"},{"type":"A","date":"2018-03-21T06:47:17.000Z","volume":100,"price":3,"category":"rbull"},{"type":"A","date":"2018-03-21T06:47:17.000Z","volume":100,"price":3,"category":"rbull"},{"type":"A","date":"2018-03-21T06:43:47.000Z","volume":100,"price":3,"category":"rbull"},{"type":"A","date":"2018-03-21T06:39:17.000Z","volume":100,"price":3,"category":"rbull"},{"type":"A","date":"2018-03-21T06:39:17.000Z","volume":100,"price":3,"category":"rbull"},{"type":"A","date":"2018-03-21T06:39:17.000Z","volume":100,"price":3,"category":"rbull"},{"type":"A","date":"2018-03-21T06:32:47.000Z","volume":100,"price":3,"category":"rbull"},{"type":"A","date":"2018-03-21T06:32:47.000Z","volume":100,"price":3,"category":"rbull"},{"type":"A","date":"2018-03-21T06:32:47.000Z","volume":100,"price":3,"category":"rbull"},{"type":"A","date":"2018-03-21T06:25:02.000Z","volume":100,"price":3,"category":"rbull"},{"type":"A","date":"2018-03-21T06:25:02.000Z","volume":100,"price":3,"category":"rbull"},{"type":"A","date":"2018-03-21T06:25:02.000Z","volume":100,"price":3,"category":"rbull"},{"type":"A","date":"2018-03-21T06:18:32.000Z","volume":100,"price":3,"category":"rbull"},{"type":"A","date":"2018-03-21T06:18:32.000Z","volume":100,"price":3,"category":"rbull"},{"type":"A","date":"2018-03-21T06:18:32.000Z","volume":100,"price":3,"category":"rbull"},{"type":"A","date":"2018-03-21T06:10:47.000Z","volume":100,"price":3,"category":"rbull"},{"type":"A","date":"2018-03-21T06:10:47.000Z","volume":100,"price":3,"category":"rbull"},{"type":"A","date":"2018-03-21T06:10:47.000Z","volume":100,"price":3,"category":"rbull"},{"type":"A","date":"2018-03-21T06:04:17.000Z","volume":100,"price":3,"category":"rbull"},{"type":"A","date":"2018-03-21T06:04:17.000Z","volume":100,"price":3,"category":"rbull"},{"type":"A","date":"2018-03-21T06:04:17.000Z","volume":100,"price":3,"category":"rbull"},{"type":"A","date":"2018-03-21T06:01:19.000Z","volume":100,"price":3,"category":"rbull"},{"type":"A","date":"2018-03-21T05:56:32.000Z","volume":100,"price":3,"category":"rbull"},{"type":"A","date":"2018-03-21T05:56:32.000Z","volume":100,"price":3,"category":"rbull"},{"type":"A","date":"2018-03-21T05:56:32.000Z","volume":100,"price":3,"category":"rbull"},{"type":"A","date":"2018-03-21T05:52:07.000Z","volume":100,"price":3,"category":"rbull"},{"type":"A","date":"2018-03-21T05:49:47.000Z","volume":100,"price":3,"category":"rbull"},{"type":"A","date":"2018-03-21T05:49:47.000Z","volume":100,"price":3,"category":"rbull"},{"type":"A","date":"2018-03-21T05:49:47.000Z","volume":100,"price":3,"category":"rbull"},{"type":"A","date":"2018-03-21T05:26:05.000Z","volume":100,"price":3.01,"category":"rbull"},{"type":"A","date":"2018-03-21T05:24:42.000Z","volume":100,"price":3.01,"category":"rbull"},{"type":"A","date":"2018-03-21T05:23:32.000Z","volume":100,"price":3.01,"category":"rbull"},{"type":"A","date":"2018-03-21T05:23:32.000Z","volume":100,"price":3.01,"category":"rbull"},{"type":"A","date":"2018-03-21T05:23:32.000Z","volume":100,"price":3.01,"category":"rbull"},{"type":"A","date":"2018-03-21T05:16:47.000Z","volume":100,"price":3.01,"category":"rbull"},{"type":"A","date":"2018-03-21T05:16:47.000Z","volume":100,"price":3.01,"category":"rbull"},{"type":"A","date":"2018-03-21T05:16:47.000Z","volume":100,"price":3.01,"category":"rbull"},{"type":"A","date":"2018-03-21T05:09:02.000Z","volume":100,"price":3.01,"category":"rbull"},{"type":"A","date":"2018-03-21T05:09:02.000Z","volume":100,"price":3.01,"category":"rbull"},{"type":"A","date":"2018-03-21T05:09:02.000Z","volume":100,"price":3.01,"category":"rbull"},{"type":"A","date":"2018-03-21T05:00:03.000Z","volume":100,"price":3.01,"category":"rbull"},{"type":"A","date":"2018-03-21T03:59:30.000Z","volume":100,"price":3.01,"category":"rbull"},{"type":"A","date":"2018-03-21T03:58:02.000Z","volume":100,"price":3.01,"category":"rbull"},{"type":"A","date":"2018-03-21T03:56:42.000Z","volume":100,"price":3.01,"category":"rbull"},{"type":"A","date":"2018-03-21T03:55:17.000Z","volume":100,"price":3.01,"category":"rbull"},{"type":"A","date":"2018-03-21T03:53:08.000Z","volume":100,"price":3.01,"category":"rbull"},{"type":"A","date":"2018-03-21T03:52:32.000Z","volume":100,"price":3.01,"category":"rbull"},{"type":"A","date":"2018-03-21T03:52:32.000Z","volume":100,"price":3.01,"category":"rbull"},{"type":"A","date":"2018-03-21T03:52:28.000Z","volume":100,"price":3.01,"category":"rbull"},{"type":"A","date":"2018-03-21T03:49:47.000Z","volume":100,"price":3.01,"category":"rbull"},{"type":"A","date":"2018-03-21T03:49:47.000Z","volume":100,"price":3.01,"category":"rbull"},{"type":"A","date":"2018-03-21T03:48:22.000Z","volume":100,"price":3.01,"category":"rbull"},{"type":"A","date":"2018-03-21T03:45:02.000Z","volume":100,"price":3.01,"category":"rbull"},{"type":"A","date":"2018-03-21T03:45:02.000Z","volume":100,"price":3.01,"category":"rbull"},{"type":"A","date":"2018-03-21T03:45:02.000Z","volume":100,"price":3.01,"category":"rbull"},{"type":"A","date":"2018-03-21T03:38:17.000Z","volume":100,"price":3.01,"category":"rbull"},{"type":"A","date":"2018-03-21T03:38:17.000Z","volume":100,"price":3.01,"category":"rbull"},{"type":"A","date":"2018-03-21T03:38:17.000Z","volume":100,"price":3.01,"category":"rbull"},{"type":"A","date":"2018-03-21T03:32:29.000Z","volume":100,"price":3.01,"category":"rbull"},{"type":"A","date":"2018-03-21T03:31:17.000Z","volume":100,"price":3.01,"category":"rbull"},{"type":"A","date":"2018-03-21T03:31:17.000Z","volume":100,"price":3.01,"category":"rbull"},{"type":"A","date":"2018-03-21T03:31:17.000Z","volume":100,"price":3.01,"category":"rbull"},{"type":"A","date":"2018-03-21T03:23:47.000Z","volume":100,"price":3.01,"category":"rbull"},{"type":"A","date":"2018-03-21T03:23:47.000Z","volume":100,"price":3.01,"category":"rbull"},{"type":"A","date":"2018-03-21T03:23:47.000Z","volume":100,"price":3.01,"category":"rbull"},{"type":"A","date":"2018-03-21T03:17:02.000Z","volume":100,"price":3.01,"category":"rbull"},{"type":"A","date":"2018-03-21T03:17:02.000Z","volume":100,"price":3.01,"category":"rbull"},{"type":"A","date":"2018-03-21T03:17:02.000Z","volume":100,"price":3.01,"category":"rbull"},{"type":"A","date":"2018-03-21T03:01:27.000Z","volume":100,"price":3.01,"category":"rbull"},{"type":"A","date":"2018-03-21T02:58:22.000Z","volume":100,"price":3.01,"category":"rbull"},{"type":"A","date":"2018-03-21T02:58:22.000Z","volume":100,"price":3.01,"category":"rbull"},{"type":"A","date":"2018-03-21T02:58:22.000Z","volume":100,"price":3.01,"category":"rbull"},{"type":"A","date":"2018-03-21T02:58:22.000Z","volume":100,"price":3.01,"category":"rbull"},{"type":"A","date":"2018-03-21T02:53:02.000Z","volume":100,"price":3.02,"category":"rbull"},{"type":"A","date":"2018-03-21T02:53:02.000Z","volume":100,"price":3.02,"category":"rbull"},{"type":"A","date":"2018-03-21T02:53:02.000Z","volume":100,"price":3.02,"category":"rbull"},{"type":"A","date":"2018-03-21T02:46:02.000Z","volume":100,"price":3.02,"category":"rbull"},{"type":"A","date":"2018-03-21T02:46:02.000Z","volume":100,"price":3.02,"category":"rbull"},{"type":"A","date":"2018-03-21T02:46:02.000Z","volume":100,"price":3.02,"category":"rbull"},{"type":"A","date":"2018-03-21T02:34:02.000Z","volume":100,"price":3.03,"category":"rbull"},{"type":"A","date":"2018-03-21T02:34:02.000Z","volume":100,"price":3.03,"category":"rbull"},{"type":"A","date":"2018-03-21T02:34:02.000Z","volume":100,"price":3.03,"category":"rbull"},{"type":"A","date":"2018-03-21T02:31:42.000Z","volume":100,"price":3.03,"category":"rbull"},{"type":"A","date":"2018-03-21T02:28:23.000Z","volume":100,"price":3.03,"category":"rbull"},{"type":"A","date":"2018-03-21T02:19:47.000Z","volume":100,"price":3.03,"category":"rbull"},{"type":"A","date":"2018-03-21T02:19:47.000Z","volume":100,"price":3.03,"category":"rbull"},{"type":"A","date":"2018-03-21T02:19:47.000Z","volume":100,"price":3.03,"category":"rbull"},{"type":"A","date":"2018-03-21T02:16:25.000Z","volume":100,"price":3.03,"category":"rbull"},{"type":"A","date":"2018-03-21T02:12:17.000Z","volume":100,"price":3.03,"category":"rbull"},{"type":"A","date":"2018-03-21T02:12:17.000Z","volume":100,"price":3.03,"category":"rbull"},{"type":"A","date":"2018-03-21T02:12:17.000Z","volume":100,"price":3.03,"category":"rbull"},{"type":"A","date":"2018-03-21T02:07:25.000Z","volume":100,"price":3.03,"category":"rbull"},{"type":"A","date":"2018-03-21T01:43:47.000Z","volume":100,"price":3.03,"category":"rbull"},{"type":"A","date":"2018-03-21T01:43:47.000Z","volume":100,"price":3.03,"category":"rbull"},{"type":"A","date":"2018-03-21T01:43:47.000Z","volume":100,"price":3.03,"category":"rbull"},{"type":"A","date":"2018-03-21T01:41:17.000Z","volume":100,"price":3.03,"category":"rbull"},{"type":"A","date":"2018-03-21T01:31:49.000Z","volume":100,"price":3.02,"category":"rbull"},{"type":"B","date":"2018-03-21T07:59:21.000Z","volume":100,"price":3,"category":"rbear"},{"type":"B","date":"2018-03-21T07:59:20.000Z","volume":100,"price":3,"category":"rbear"},{"type":"B","date":"2018-03-21T07:58:50.000Z","volume":100,"price":3,"category":"rbear"},{"type":"B","date":"2018-03-21T07:58:48.000Z","volume":100,"price":3,"category":"rbear"},{"type":"B","date":"2018-03-21T07:58:19.000Z","volume":100,"price":3,"category":"rbear"},{"type":"B","date":"2018-03-21T07:57:49.000Z","volume":100,"price":3,"category":"rbear"},{"type":"B","date":"2018-03-21T07:57:19.000Z","volume":100,"price":3,"category":"rbear"},{"type":"B","date":"2018-03-21T07:57:08.000Z","volume":100,"price":3,"category":"rbear"},{"type":"B","date":"2018-03-21T07:56:49.000Z","volume":100,"price":3,"category":"rbear"},{"type":"B","date":"2018-03-21T07:56:19.000Z","volume":100,"price":3,"category":"rbear"},{"type":"B","date":"2018-03-21T07:55:39.000Z","volume":100,"price":3,"category":"rbear"},{"type":"B","date":"2018-03-21T07:55:12.000Z","volume":100,"price":3,"category":"rbear"},{"type":"B","date":"2018-03-21T07:55:09.000Z","volume":100,"price":3,"category":"rbear"},{"type":"B","date":"2018-03-21T07:54:29.000Z","volume":100,"price":3,"category":"rbear"},{"type":"B","date":"2018-03-21T07:53:59.000Z","volume":100,"price":3,"category":"rbear"},{"type":"B","date":"2018-03-21T07:53:19.000Z","volume":100,"price":3,"category":"rbear"},{"type":"B","date":"2018-03-21T07:52:38.000Z","volume":100,"price":3,"category":"rbear"},{"type":"B","date":"2018-03-21T07:51:58.000Z","volume":100,"price":3,"category":"rbear"},{"type":"B","date":"2018-03-21T07:51:19.000Z","volume":100,"price":3,"category":"rbear"},{"type":"B","date":"2018-03-21T07:50:28.000Z","volume":100,"price":3,"category":"rbear"},{"type":"B","date":"2018-03-21T07:49:51.000Z","volume":100,"price":3,"category":"rbear"},{"type":"B","date":"2018-03-21T07:49:48.000Z","volume":100,"price":3,"category":"rbear"},{"type":"B","date":"2018-03-21T07:48:58.000Z","volume":100,"price":3,"category":"rbear"},{"type":"B","date":"2018-03-21T07:48:08.000Z","volume":100,"price":3,"category":"rbear"},{"type":"B","date":"2018-03-21T07:47:07.000Z","volume":100,"price":3,"category":"rbear"},{"type":"B","date":"2018-03-21T07:46:07.000Z","volume":100,"price":3,"category":"rbear"},{"type":"B","date":"2018-03-21T07:45:35.000Z","volume":100,"price":3,"category":"rbear"},{"type":"B","date":"2018-03-21T07:45:06.000Z","volume":100,"price":3,"category":"rbear"},{"type":"B","date":"2018-03-21T07:43:55.000Z","volume":100,"price":3,"category":"rbear"},{"type":"B","date":"2018-03-21T07:42:44.000Z","volume":100,"price":3,"category":"rbear"},{"type":"B","date":"2018-03-21T07:41:57.000Z","volume":100,"price":3,"category":"rbear"},{"type":"B","date":"2018-03-21T07:41:33.000Z","volume":100,"price":3,"category":"rbear"},{"type":"B","date":"2018-03-21T07:40:12.000Z","volume":100,"price":3,"category":"rbear"},{"type":"B","date":"2018-03-21T07:38:43.000Z","volume":100,"price":3,"category":"rbear"},{"type":"B","date":"2018-03-21T07:37:12.000Z","volume":100,"price":3,"category":"rbear"},{"type":"B","date":"2018-03-21T07:35:42.000Z","volume":100,"price":3,"category":"rbear"},{"type":"B","date":"2018-03-21T07:34:11.000Z","volume":100,"price":3,"category":"rbear"},{"type":"B","date":"2018-03-21T07:14:15.000Z","volume":100,"price":2.99,"category":"rbear"},{"type":"B","date":"2018-03-21T07:03:47.000Z","volume":100,"price":2.99,"category":"rbear"},{"type":"B","date":"2018-03-21T06:54:53.000Z","volume":100,"price":2.99,"category":"rbear"},{"type":"B","date":"2018-03-21T06:37:30.000Z","volume":100,"price":2.99,"category":"rbear"},{"type":"B","date":"2018-03-21T06:36:13.000Z","volume":100,"price":2.99,"category":"rbear"},{"type":"B","date":"2018-03-21T06:35:17.000Z","volume":100,"price":2.99,"category":"rbear"},{"type":"B","date":"2018-03-21T06:27:33.000Z","volume":100,"price":2.99,"category":"rbear"},{"type":"B","date":"2018-03-21T06:17:53.000Z","volume":100,"price":2.99,"category":"rbear"},{"type":"B","date":"2018-03-21T06:11:33.000Z","volume":100,"price":2.99,"category":"rbear"},{"type":"B","date":"2018-03-21T06:06:53.000Z","volume":100,"price":2.99,"category":"rbear"},{"type":"B","date":"2018-03-21T06:00:33.000Z","volume":100,"price":2.99,"category":"rbear"},{"type":"B","date":"2018-03-21T05:52:35.000Z","volume":100,"price":2.99,"category":"rbear"},{"type":"B","date":"2018-03-21T05:35:51.000Z","volume":100,"price":3,"category":"rbear"},{"type":"B","date":"2018-03-21T05:27:19.000Z","volume":100,"price":3,"category":"rbear"},{"type":"B","date":"2018-03-21T05:19:53.000Z","volume":100,"price":3,"category":"rbear"},{"type":"B","date":"2018-03-21T05:12:34.000Z","volume":100,"price":3,"category":"rbear"},{"type":"B","date":"2018-03-21T03:59:47.000Z","volume":100,"price":3,"category":"rbear"},{"type":"B","date":"2018-03-21T03:59:17.000Z","volume":100,"price":3,"category":"rbear"},{"type":"B","date":"2018-03-21T03:53:59.000Z","volume":100,"price":3,"category":"rbear"},{"type":"B","date":"2018-03-21T03:52:19.000Z","volume":100,"price":3,"category":"rbear"},{"type":"B","date":"2018-03-21T03:50:39.000Z","volume":100,"price":3,"category":"rbear"},{"type":"B","date":"2018-03-21T03:49:09.000Z","volume":100,"price":3,"category":"rbear"},{"type":"B","date":"2018-03-21T03:47:18.000Z","volume":100,"price":3,"category":"rbear"},{"type":"B","date":"2018-03-21T03:45:28.000Z","volume":100,"price":3,"category":"rbear"},{"type":"B","date":"2018-03-21T03:43:07.000Z","volume":100,"price":3,"category":"rbear"},{"type":"B","date":"2018-03-21T03:40:37.000Z","volume":100,"price":3,"category":"rbear"},{"type":"B","date":"2018-03-21T03:37:47.000Z","volume":100,"price":3,"category":"rbear"},{"type":"B","date":"2018-03-21T03:34:16.000Z","volume":100,"price":3,"category":"rbear"},{"type":"B","date":"2018-03-21T03:31:35.000Z","volume":100,"price":3,"category":"rbear"},{"type":"B","date":"2018-03-21T03:29:25.000Z","volume":100,"price":3,"category":"rbear"},{"type":"B","date":"2018-03-21T03:27:15.000Z","volume":100,"price":3,"category":"rbear"},{"type":"B","date":"2018-03-21T03:25:24.000Z","volume":100,"price":3,"category":"rbear"},{"type":"B","date":"2018-03-21T03:23:44.000Z","volume":100,"price":3,"category":"rbear"},{"type":"B","date":"2018-03-21T03:22:04.000Z","volume":100,"price":3,"category":"rbear"},{"type":"B","date":"2018-03-21T03:20:34.000Z","volume":100,"price":3,"category":"rbear"},{"type":"B","date":"2018-03-21T03:19:04.000Z","volume":100,"price":3,"category":"rbear"},{"type":"B","date":"2018-03-21T03:14:42.000Z","volume":100,"price":3,"category":"rbear"},{"type":"B","date":"2018-03-21T03:13:22.000Z","volume":100,"price":3,"category":"rbear"},{"type":"B","date":"2018-03-21T03:11:52.000Z","volume":100,"price":3,"category":"rbear"},{"type":"B","date":"2018-03-21T03:10:32.000Z","volume":100,"price":3,"category":"rbear"},{"type":"B","date":"2018-03-21T03:09:02.000Z","volume":100,"price":3,"category":"rbear"},{"type":"B","date":"2018-03-21T03:07:31.000Z","volume":100,"price":3,"category":"rbear"},{"type":"B","date":"2018-03-21T03:06:01.000Z","volume":100,"price":3,"category":"rbear"},{"type":"B","date":"2018-03-21T03:04:31.000Z","volume":100,"price":3,"category":"rbear"},{"type":"B","date":"2018-03-21T03:03:01.000Z","volume":100,"price":3,"category":"rbear"},{"type":"B","date":"2018-03-21T03:01:20.000Z","volume":100,"price":3,"category":"rbear"},{"type":"B","date":"2018-03-21T02:59:39.000Z","volume":100,"price":3,"category":"rbear"},{"type":"B","date":"2018-03-21T02:58:22.000Z","volume":100,"price":3.01,"category":"rbear"},{"type":"B","date":"2018-03-21T02:57:49.000Z","volume":100,"price":3.01,"category":"rbear"},{"type":"B","date":"2018-03-21T02:55:58.000Z","volume":100,"price":3.01,"category":"rbear"},{"type":"B","date":"2018-03-21T02:54:08.000Z","volume":100,"price":3.01,"category":"rbear"},{"type":"B","date":"2018-03-21T02:52:08.000Z","volume":100,"price":3.01,"category":"rbear"},{"type":"B","date":"2018-03-21T02:50:08.000Z","volume":100,"price":3.01,"category":"rbear"},{"type":"B","date":"2018-03-21T02:48:07.000Z","volume":100,"price":3.01,"category":"rbear"},{"type":"B","date":"2018-03-21T02:46:07.000Z","volume":100,"price":3.01,"category":"rbear"},{"type":"B","date":"2018-03-21T02:44:17.000Z","volume":100,"price":3.01,"category":"rbear"},{"type":"B","date":"2018-03-21T02:42:27.000Z","volume":100,"price":3.01,"category":"rbear"},{"type":"B","date":"2018-03-21T02:40:36.000Z","volume":100,"price":3.01,"category":"rbear"},{"type":"B","date":"2018-03-21T02:38:56.000Z","volume":100,"price":3.02,"category":"rbear"},{"type":"B","date":"2018-03-21T02:34:15.000Z","volume":100,"price":3.02,"category":"rbear"},{"type":"B","date":"2018-03-21T02:34:07.000Z","volume":100,"price":3.02,"category":"rbear"},{"type":"B","date":"2018-03-21T02:32:44.000Z","volume":100,"price":3.02,"category":"rbear"},{"type":"B","date":"2018-03-21T02:31:14.000Z","volume":100,"price":3.02,"category":"rbear"},{"type":"B","date":"2018-03-21T02:29:52.000Z","volume":100,"price":3.02,"category":"rbear"},{"type":"B","date":"2018-03-21T02:28:40.000Z","volume":100,"price":3.02,"category":"rbear"},{"type":"B","date":"2018-03-21T02:24:50.000Z","volume":100,"price":3.02,"category":"rbear"},{"type":"B","date":"2018-03-21T02:23:40.000Z","volume":100,"price":3.02,"category":"rbear"},{"type":"B","date":"2018-03-21T02:22:30.000Z","volume":100,"price":3.02,"category":"rbear"},{"type":"B","date":"2018-03-21T02:19:09.000Z","volume":100,"price":3.02,"category":"rbear"},{"type":"B","date":"2018-03-21T02:13:38.000Z","volume":100,"price":3.02,"category":"rbear"},{"type":"B","date":"2018-03-21T02:10:27.000Z","volume":100,"price":3.02,"category":"rbear"},{"type":"B","date":"2018-03-21T02:07:16.000Z","volume":100,"price":3.02,"category":"rbear"},{"type":"B","date":"2018-03-21T02:05:10.000Z","volume":100,"price":3.02,"category":"rbear"},{"type":"B","date":"2018-03-21T07:58:47.000Z","volume":1900,"price":3,"category":"bbear"},{"type":"B","date":"2018-03-21T07:58:17.000Z","volume":1200,"price":3,"category":"bbear"},{"type":"B","date":"2018-03-21T07:57:17.000Z","volume":2800,"price":3,"category":"bbear"},{"type":"B","date":"2018-03-21T07:56:32.000Z","volume":2500,"price":3,"category":"bbear"},{"type":"B","date":"2018-03-21T07:54:32.000Z","volume":2600,"price":3,"category":"bbear"},{"type":"B","date":"2018-03-21T07:52:32.000Z","volume":2300,"price":3,"category":"bbear"},{"type":"B","date":"2018-03-21T07:50:32.000Z","volume":2400,"price":3,"category":"bbear"},{"type":"B","date":"2018-03-21T07:46:32.000Z","volume":2100,"price":3,"category":"bbear"},{"type":"B","date":"2018-03-21T07:46:32.000Z","volume":2700,"price":3,"category":"bbear"},{"type":"B","date":"2018-03-21T07:42:32.000Z","volume":2400,"price":3,"category":"bbear"},{"type":"B","date":"2018-03-21T07:18:47.000Z","volume":2200,"price":2.99,"category":"bbear"},{"type":"B","date":"2018-03-21T07:18:23.000Z","volume":2000,"price":2.99,"category":"bbear"},{"type":"B","date":"2018-03-21T07:13:17.000Z","volume":2700,"price":2.99,"category":"bbear"},{"type":"B","date":"2018-03-21T07:05:06.000Z","volume":2300,"price":2.99,"category":"bbear"},{"type":"B","date":"2018-03-21T06:59:17.000Z","volume":2400,"price":2.99,"category":"bbear"},{"type":"B","date":"2018-03-21T06:50:17.000Z","volume":3200,"price":2.99,"category":"bbear"},{"type":"B","date":"2018-03-21T06:39:47.000Z","volume":1400,"price":2.99,"category":"bbear"},{"type":"B","date":"2018-03-21T06:36:32.000Z","volume":1900,"price":2.99,"category":"bbear"},{"type":"B","date":"2018-03-21T06:35:17.000Z","volume":2400,"price":2.99,"category":"bbear"},{"type":"B","date":"2018-03-21T06:34:02.000Z","volume":2400,"price":2.99,"category":"bbear"},{"type":"B","date":"2018-03-21T06:27:32.000Z","volume":2500,"price":2.99,"category":"bbear"},{"type":"B","date":"2018-03-21T06:19:17.000Z","volume":2800,"price":2.99,"category":"bbear"},{"type":"B","date":"2018-03-21T06:06:02.000Z","volume":2600,"price":2.99,"category":"bbear"},{"type":"B","date":"2018-03-21T05:57:32.000Z","volume":3100,"price":2.99,"category":"bbear"},{"type":"B","date":"2018-03-21T05:49:47.000Z","volume":2000,"price":2.99,"category":"bbear"},{"type":"B","date":"2018-03-21T05:47:47.000Z","volume":2000,"price":2.99,"category":"bbear"},{"type":"B","date":"2018-03-21T05:36:48.000Z","volume":3400,"price":2.99,"category":"bbear"},{"type":"B","date":"2018-03-21T05:36:17.000Z","volume":3400,"price":2.99,"category":"bbear"},{"type":"B","date":"2018-03-21T05:13:32.000Z","volume":1900,"price":3,"category":"bbear"},{"type":"B","date":"2018-03-21T05:09:32.000Z","volume":2300,"price":3,"category":"bbear"},{"type":"B","date":"2018-03-21T05:00:15.000Z","volume":1200,"price":3,"category":"bbear"},{"type":"B","date":"2018-03-21T03:50:32.000Z","volume":2800,"price":3,"category":"bbear"},{"type":"B","date":"2018-03-21T03:47:17.000Z","volume":1200,"price":3,"category":"bbear"},{"type":"B","date":"2018-03-21T03:40:32.000Z","volume":2600,"price":3,"category":"bbear"},{"type":"B","date":"2018-03-21T03:38:02.000Z","volume":2200,"price":3,"category":"bbear"},{"type":"B","date":"2018-03-21T03:36:17.000Z","volume":2800,"price":3,"category":"bbear"},{"type":"B","date":"2018-03-21T03:34:17.000Z","volume":2600,"price":3,"category":"bbear"},{"type":"B","date":"2018-03-21T03:29:32.000Z","volume":2100,"price":3,"category":"bbear"},{"type":"B","date":"2018-03-21T03:15:04.000Z","volume":2000,"price":3,"category":"bbear"},{"type":"B","date":"2018-03-21T03:09:17.000Z","volume":2300,"price":3,"category":"bbear"},{"type":"B","date":"2018-03-21T03:04:02.000Z","volume":3000,"price":3,"category":"bbear"},{"type":"B","date":"2018-03-21T03:01:02.000Z","volume":2300,"price":3,"category":"bbear"},{"type":"B","date":"2018-03-21T02:35:50.000Z","volume":2600,"price":3.02,"category":"bbear"},{"type":"B","date":"2018-03-21T02:31:05.000Z","volume":2700,"price":3.02,"category":"bbear"},{"type":"B","date":"2018-03-21T02:30:02.000Z","volume":2600,"price":3.02,"category":"bbear"},{"type":"B","date":"2018-03-21T02:30:02.000Z","volume":2800,"price":3.02,"category":"bbear"},{"type":"B","date":"2018-03-21T02:30:02.000Z","volume":2700,"price":3.02,"category":"bbear"},{"type":"B","date":"2018-03-21T02:30:02.000Z","volume":2800,"price":3.02,"category":"bbear"},{"type":"B","date":"2018-03-21T02:25:17.000Z","volume":2500,"price":3.02,"category":"bbear"},{"type":"B","date":"2018-03-21T02:25:17.000Z","volume":2400,"price":3.02,"category":"bbear"},{"type":"B","date":"2018-03-21T02:04:50.000Z","volume":2400,"price":3.02,"category":"bbear"},{"type":"B","date":"2018-03-21T02:03:47.000Z","volume":2700,"price":3.02,"category":"bbear"},{"type":"B","date":"2018-03-21T02:03:47.000Z","volume":2700,"price":3.02,"category":"bbear"},{"type":"B","date":"2018-03-21T02:03:47.000Z","volume":2900,"price":3.02,"category":"bbear"},{"type":"B","date":"2018-03-21T02:03:47.000Z","volume":2700,"price":3.02,"category":"bbear"},{"type":"B","date":"2018-03-21T01:47:01.000Z","volume":3300,"price":3.03,"category":"bbear"},{"type":"B","date":"2018-03-21T01:31:24.000Z","volume":1400,"price":3,"category":"bbear"},{"type":"B","date":"2018-03-21T01:30:05.000Z","volume":1300,"price":3.01,"category":"bbear"},{"type":"B","date":"2018-03-21T07:58:23.000Z","volume":20000,"price":3,"category":"ubbear"},{"type":"B","date":"2018-03-21T07:41:43.000Z","volume":100000,"price":3,"category":"ubbear"},{"type":"B","date":"2018-03-21T07:36:50.000Z","volume":10500,"price":3,"category":"ubbear"},{"type":"B","date":"2018-03-21T07:22:46.000Z","volume":9100,"price":2.99,"category":"ubbear"},{"type":"B","date":"2018-03-21T07:08:38.000Z","volume":20000,"price":2.99,"category":"ubbear"},{"type":"B","date":"2018-03-21T06:51:48.000Z","volume":16000,"price":2.99,"category":"ubbear"},{"type":"B","date":"2018-03-21T06:33:55.000Z","volume":10000,"price":2.99,"category":"ubbear"},{"type":"B","date":"2018-03-21T06:06:33.000Z","volume":10000,"price":2.99,"category":"ubbear"},{"type":"B","date":"2018-03-21T06:00:34.000Z","volume":10000,"price":2.99,"category":"ubbear"},{"type":"B","date":"2018-03-21T05:35:51.000Z","volume":39300,"price":3,"category":"ubbear"},{"type":"B","date":"2018-03-21T05:35:51.000Z","volume":25000,"price":3,"category":"ubbear"},{"type":"B","date":"2018-03-21T05:27:18.000Z","volume":30000,"price":3,"category":"ubbear"},{"type":"B","date":"2018-03-21T05:21:18.000Z","volume":10000,"price":3,"category":"ubbear"},{"type":"B","date":"2018-03-21T05:17:52.000Z","volume":120000,"price":3,"category":"ubbear"},{"type":"B","date":"2018-03-21T05:15:47.000Z","volume":6900,"price":3,"category":"ubbear"},{"type":"B","date":"2018-03-21T05:11:48.000Z","volume":120000,"price":3,"category":"ubbear"},{"type":"B","date":"2018-03-21T03:53:08.000Z","volume":14000,"price":3,"category":"ubbear"},{"type":"B","date":"2018-03-21T03:53:08.000Z","volume":6000,"price":3,"category":"ubbear"},{"type":"B","date":"2018-03-21T03:16:47.000Z","volume":11000,"price":3,"category":"ubbear"},{"type":"B","date":"2018-03-21T02:58:22.000Z","volume":125200,"price":3.01,"category":"ubbear"},{"type":"B","date":"2018-03-21T02:40:28.000Z","volume":73000,"price":3.02,"category":"ubbear"},{"type":"B","date":"2018-03-21T02:31:27.000Z","volume":5000,"price":3.02,"category":"ubbear"},{"type":"B","date":"2018-03-21T02:25:24.000Z","volume":10000,"price":3.02,"category":"ubbear"},{"type":"B","date":"2018-03-21T02:15:59.000Z","volume":50000,"price":3.02,"category":"ubbear"},{"type":"B","date":"2018-03-21T02:05:57.000Z","volume":8000,"price":3.02,"category":"ubbear"},{"type":"B","date":"2018-03-21T01:50:20.000Z","volume":20000,"price":3.03,"category":"ubbear"},{"type":"B","date":"2018-03-21T01:49:47.000Z","volume":5000,"price":3.03,"category":"ubbear"},{"type":"B","date":"2018-03-21T01:47:01.000Z","volume":5000,"price":3.03,"category":"ubbear"},{"type":"B","date":"2018-03-21T01:46:38.000Z","volume":23300,"price":3.03,"category":"ubbear"},{"type":"B","date":"2018-03-21T01:45:53.000Z","volume":10000,"price":3.03,"category":"ubbear"}]