[{"type":"A","date":"2018-05-02T01:33:29.000Z","volume":20000,"label":" ","price":3.87},{"type":"A","date":"2018-05-02T01:33:29.000Z","volume":4000,"label":"Y","price":3.87},{"type":"A","date":"2018-05-02T01:33:29.000Z","volume":16000,"label":" ","price":3.87},{"type":"B","date":"2018-05-02T01:33:30.000Z","volume":6000,"label":" ","price":3.86},{"type":"A","date":"2018-05-02T01:33:51.000Z","volume":12000,"label":" ","price":3.87},{"type":"B","date":"2018-05-02T01:33:51.000Z","volume":2000,"label":" ","price":3.87},{"type":"B","date":"2018-05-02T01:33:53.000Z","volume":20000,"label":" ","price":3.87},{"type":"A","date":"2018-05-02T01:34:18.000Z","volume":66000,"label":" ","price":3.88},{"type":"A","date":"2018-05-02T01:34:18.000Z","volume":26000,"label":" ","price":3.89},{"type":"A","date":"2018-05-02T01:34:18.000Z","volume":208000,"label":" ","price":3.89},{"type":"A","date":"2018-05-02T01:34:18.000Z","volume":16000,"label":" ","price":3.89},{"type":"A","date":"2018-05-02T01:34:19.000Z","volume":2000,"label":"Y","price":3.9},{"type":"A","date":"2018-05-02T01:34:19.000Z","volume":2000,"label":" ","price":3.9},{"type":"A","date":"2018-05-02T01:34:30.000Z","volume":8000,"label":" ","price":3.9},{"type":"B","date":"2018-05-02T01:34:32.000Z","volume":8000,"label":" ","price":3.88},{"type":"B","date":"2018-05-02T01:34:51.000Z","volume":4000,"label":" ","price":3.88},{"type":"B","date":"2018-05-02T01:34:56.000Z","volume":8000,"label":" ","price":3.88},{"type":"B","date":"2018-05-02T01:35:05.000Z","volume":2000,"label":" ","price":3.88},{"type":"A","date":"2018-05-02T01:35:24.000Z","volume":8000,"label":" ","price":3.88},{"type":"B","date":"2018-05-02T01:35:29.000Z","volume":16000,"label":" ","price":3.87},{"type":"A","date":"2018-05-02T01:35:29.000Z","volume":16000,"label":" ","price":3.88},{"type":"B","date":"2018-05-02T01:35:32.000Z","volume":72000,"label":" ","price":3.87},{"type":"B","date":"2018-05-02T01:35:32.000Z","volume":86000,"label":" ","price":3.87},{"type":"B","date":"2018-05-02T01:35:44.000Z","volume":20000,"label":" ","price":3.87},{"type":"B","date":"2018-05-02T01:36:36.000Z","volume":8000,"label":" ","price":3.87},{"type":"B","date":"2018-05-02T01:36:57.000Z","volume":70000,"label":" ","price":3.86},{"type":"A","date":"2018-05-02T01:36:57.000Z","volume":10000,"label":" ","price":3.86},{"type":"B","date":"2018-05-02T01:36:57.000Z","volume":52000,"label":" ","price":3.85},{"type":"A","date":"2018-05-02T01:36:57.000Z","volume":4000,"label":" ","price":3.86},{"type":"A","date":"2018-05-02T01:36:57.000Z","volume":2000,"label":" ","price":3.86},{"type":"U","date":"2018-05-02T01:37:15.000Z","volume":8000,"label":" ","price":3.85},{"type":"B","date":"2018-05-02T01:39:23.000Z","volume":2000,"label":" ","price":3.85},{"type":"A","date":"2018-05-02T01:39:33.000Z","volume":2000,"label":"Y","price":3.87},{"type":"A","date":"2018-05-02T01:39:33.000Z","volume":42000,"label":" ","price":3.87},{"type":"B","date":"2018-05-02T01:39:57.000Z","volume":4000,"label":" ","price":3.87},{"type":"U","date":"2018-05-02T01:40:07.000Z","volume":8000,"label":"X","price":3.875},{"type":"A","date":"2018-05-02T01:40:23.000Z","volume":2000,"label":"Y","price":3.88},{"type":"A","date":"2018-05-02T01:40:23.000Z","volume":14000,"label":" ","price":3.88},{"type":"B","date":"2018-05-02T01:41:33.000Z","volume":4000,"label":" ","price":3.88},{"type":"B","date":"2018-05-02T01:42:41.000Z","volume":4000,"label":" ","price":3.88},{"type":"B","date":"2018-05-02T01:42:42.000Z","volume":2000,"label":" ","price":3.88},{"type":"B","date":"2018-05-02T01:42:53.000Z","volume":2000,"label":" ","price":3.88},{"type":"B","date":"2018-05-02T01:43:33.000Z","volume":2000,"label":" ","price":3.88},{"type":"A","date":"2018-05-02T01:43:33.000Z","volume":30000,"label":" ","price":3.89},{"type":"A","date":"2018-05-02T01:43:34.000Z","volume":2000,"label":" ","price":3.9},{"type":"A","date":"2018-05-02T01:43:35.000Z","volume":8000,"label":" ","price":3.9},{"type":"A","date":"2018-05-02T01:43:36.000Z","volume":16000,"label":" ","price":3.9},{"type":"A","date":"2018-05-02T01:45:20.000Z","volume":4000,"label":" ","price":3.9},{"type":"B","date":"2018-05-02T01:45:20.000Z","volume":4000,"label":" ","price":3.89},{"type":"A","date":"2018-05-02T01:45:33.000Z","volume":4000,"label":" ","price":3.9},{"type":"A","date":"2018-05-02T01:45:33.000Z","volume":4000,"label":" ","price":3.9},{"type":"A","date":"2018-05-02T01:45:33.000Z","volume":2000,"label":" ","price":3.9},{"type":"A","date":"2018-05-02T01:45:33.000Z","volume":8000,"label":" ","price":3.9},{"type":"B","date":"2018-05-02T01:45:42.000Z","volume":24000,"label":" ","price":3.9},{"type":"B","date":"2018-05-02T01:45:42.000Z","volume":4000,"label":" ","price":3.9},{"type":"B","date":"2018-05-02T01:46:25.000Z","volume":2000,"label":" ","price":3.89},{"type":"B","date":"2018-05-02T01:47:05.000Z","volume":2000,"label":" ","price":3.89},{"type":"B","date":"2018-05-02T01:47:20.000Z","volume":6000,"label":" ","price":3.89},{"type":"A","date":"2018-05-02T01:47:22.000Z","volume":4000,"label":" ","price":3.89},{"type":"A","date":"2018-05-02T01:47:23.000Z","volume":8000,"label":" ","price":3.89},{"type":"A","date":"2018-05-02T01:47:23.000Z","volume":2000,"label":" ","price":3.89},{"type":"B","date":"2018-05-02T01:47:52.000Z","volume":2000,"label":" ","price":3.89},{"type":"A","date":"2018-05-02T01:48:41.000Z","volume":2000,"label":" ","price":3.9},{"type":"B","date":"2018-05-02T01:49:15.000Z","volume":2000,"label":" ","price":3.89},{"type":"B","date":"2018-05-02T01:49:38.000Z","volume":4000,"label":"Y","price":3.89},{"type":"B","date":"2018-05-02T01:49:38.000Z","volume":34000,"label":" ","price":3.89},{"type":"B","date":"2018-05-02T01:49:38.000Z","volume":2000,"label":" ","price":3.89},{"type":"A","date":"2018-05-02T01:49:38.000Z","volume":2000,"label":" ","price":3.89},{"type":"A","date":"2018-05-02T01:49:43.000Z","volume":10000,"label":" ","price":3.89},{"type":"A","date":"2018-05-02T01:49:47.000Z","volume":2000,"label":" ","price":3.89},{"type":"B","date":"2018-05-02T01:49:55.000Z","volume":2000,"label":" ","price":3.88},{"type":"U","date":"2018-05-02T01:50:07.000Z","volume":4000,"label":"X","price":3.892},{"type":"B","date":"2018-05-02T01:50:55.000Z","volume":4000,"label":" ","price":3.88},{"type":"B","date":"2018-05-02T01:50:56.000Z","volume":8000,"label":" ","price":3.88},{"type":"A","date":"2018-05-02T01:50:58.000Z","volume":12000,"label":" ","price":3.89},{"type":"A","date":"2018-05-02T01:50:59.000Z","volume":2000,"label":" ","price":3.89},{"type":"B","date":"2018-05-02T01:52:56.000Z","volume":2000,"label":" ","price":3.88},{"type":"B","date":"2018-05-02T01:52:56.000Z","volume":2000,"label":" ","price":3.88},{"type":"B","date":"2018-05-02T01:53:09.000Z","volume":4000,"label":" ","price":3.88},{"type":"B","date":"2018-05-02T01:53:23.000Z","volume":4000,"label":" ","price":3.88},{"type":"B","date":"2018-05-02T01:54:26.000Z","volume":4000,"label":" ","price":3.88},{"type":"B","date":"2018-05-02T01:54:26.000Z","volume":66000,"label":" ","price":3.88},{"type":"A","date":"2018-05-02T01:54:26.000Z","volume":12000,"label":" ","price":3.89},{"type":"A","date":"2018-05-02T01:54:27.000Z","volume":2000,"label":" ","price":3.89},{"type":"U","date":"2018-05-02T01:55:34.000Z","volume":2000,"label":" ","price":3.88},{"type":"B","date":"2018-05-02T01:56:13.000Z","volume":12000,"label":" ","price":3.87},{"type":"B","date":"2018-05-02T01:56:13.000Z","volume":46000,"label":" ","price":3.87},{"type":"B","date":"2018-05-02T01:56:13.000Z","volume":8000,"label":" ","price":3.87},{"type":"A","date":"2018-05-02T01:56:13.000Z","volume":4000,"label":" ","price":3.87},{"type":"B","date":"2018-05-02T01:56:25.000Z","volume":4000,"label":" ","price":3.86},{"type":"A","date":"2018-05-02T01:56:34.000Z","volume":6000,"label":" ","price":3.87},{"type":"B","date":"2018-05-02T01:56:36.000Z","volume":2000,"label":" ","price":3.86},{"type":"A","date":"2018-05-02T01:57:21.000Z","volume":2000,"label":" ","price":3.87},{"type":"B","date":"2018-05-02T01:57:26.000Z","volume":2000,"label":" ","price":3.86},{"type":"B","date":"2018-05-02T01:57:40.000Z","volume":10000,"label":" ","price":3.86},{"type":"A","date":"2018-05-02T01:57:40.000Z","volume":4000,"label":" ","price":3.87},{"type":"A","date":"2018-05-02T01:58:43.000Z","volume":4000,"label":" ","price":3.87},{"type":"B","date":"2018-05-02T01:58:57.000Z","volume":2000,"label":" ","price":3.86},{"type":"U","date":"2018-05-02T01:58:58.000Z","volume":10000,"label":"X","price":3.86},{"type":"B","date":"2018-05-02T01:59:47.000Z","volume":2000,"label":" ","price":3.86},{"type":"B","date":"2018-05-02T02:00:32.000Z","volume":2000,"label":" ","price":3.86},{"type":"B","date":"2018-05-02T02:00:37.000Z","volume":2000,"label":" ","price":3.86},{"type":"U","date":"2018-05-02T02:00:39.000Z","volume":2000,"label":"X","price":3.874},{"type":"U","date":"2018-05-02T02:01:10.000Z","volume":6000,"label":"X","price":3.87},{"type":"U","date":"2018-05-02T02:01:10.000Z","volume":6000,"label":"X","price":3.865},{"type":"B","date":"2018-05-02T02:01:27.000Z","volume":2000,"label":" ","price":3.86},{"type":"A","date":"2018-05-02T02:02:15.000Z","volume":2000,"label":" ","price":3.87},{"type":"U","date":"2018-05-02T02:02:15.000Z","volume":8000,"label":"X","price":3.86},{"type":"B","date":"2018-05-02T02:02:17.000Z","volume":2000,"label":" ","price":3.86},{"type":"A","date":"2018-05-02T02:03:02.000Z","volume":2000,"label":" ","price":3.87},{"type":"B","date":"2018-05-02T02:03:19.000Z","volume":4000,"label":" ","price":3.86},{"type":"A","date":"2018-05-02T02:03:19.000Z","volume":14000,"label":" ","price":3.87},{"type":"A","date":"2018-05-02T02:03:19.000Z","volume":2000,"label":" ","price":3.87},{"type":"B","date":"2018-05-02T02:03:23.000Z","volume":10000,"label":" ","price":3.86},{"type":"A","date":"2018-05-02T02:03:36.000Z","volume":2000,"label":" ","price":3.87},{"type":"U","date":"2018-05-02T02:04:33.000Z","volume":2000,"label":"X","price":3.86},{"type":"B","date":"2018-05-02T02:04:40.000Z","volume":2000,"label":" ","price":3.86},{"type":"A","date":"2018-05-02T02:05:05.000Z","volume":2000,"label":" ","price":3.87},{"type":"B","date":"2018-05-02T02:05:08.000Z","volume":2000,"label":" ","price":3.86},{"type":"A","date":"2018-05-02T02:06:00.000Z","volume":20000,"label":" ","price":3.87},{"type":"A","date":"2018-05-02T02:06:00.000Z","volume":10000,"label":" ","price":3.87},{"type":"A","date":"2018-05-02T02:06:00.000Z","volume":2000,"label":" ","price":3.87},{"type":"A","date":"2018-05-02T02:06:00.000Z","volume":10000,"label":" ","price":3.87},{"type":"A","date":"2018-05-02T02:06:01.000Z","volume":2000,"label":"Y","price":3.88},{"type":"A","date":"2018-05-02T02:06:01.000Z","volume":2000,"label":" ","price":3.88},{"type":"A","date":"2018-05-02T02:06:01.000Z","volume":8000,"label":" ","price":3.88},{"type":"B","date":"2018-05-02T02:06:01.000Z","volume":4000,"label":" ","price":3.88},{"type":"A","date":"2018-05-02T02:06:06.000Z","volume":18000,"label":" ","price":3.89},{"type":"B","date":"2018-05-02T02:06:09.000Z","volume":26000,"label":" ","price":3.88},{"type":"B","date":"2018-05-02T02:06:09.000Z","volume":2000,"label":" ","price":3.88},{"type":"A","date":"2018-05-02T02:06:11.000Z","volume":4000,"label":" ","price":3.89},{"type":"B","date":"2018-05-02T02:06:13.000Z","volume":16000,"label":" ","price":3.88},{"type":"B","date":"2018-05-02T02:06:33.000Z","volume":22000,"label":" ","price":3.87},{"type":"U","date":"2018-05-02T02:06:33.000Z","volume":6000,"label":" ","price":3.88},{"type":"B","date":"2018-05-02T02:06:33.000Z","volume":8000,"label":" ","price":3.87},{"type":"A","date":"2018-05-02T02:07:06.000Z","volume":2000,"label":" ","price":3.87},{"type":"B","date":"2018-05-02T02:07:21.000Z","volume":6000,"label":" ","price":3.86},{"type":"A","date":"2018-05-02T02:07:27.000Z","volume":8000,"label":" ","price":3.87},{"type":"U","date":"2018-05-02T02:07:34.000Z","volume":6000,"label":"X","price":3.86},{"type":"B","date":"2018-05-02T02:07:54.000Z","volume":10000,"label":" ","price":3.86},{"type":"B","date":"2018-05-02T02:08:51.000Z","volume":2000,"label":" ","price":3.86},{"type":"B","date":"2018-05-02T02:10:01.000Z","volume":4000,"label":" ","price":3.86},{"type":"U","date":"2018-05-02T02:10:24.000Z","volume":4000,"label":"X","price":3.86},{"type":"B","date":"2018-05-02T02:10:24.000Z","volume":4000,"label":" ","price":3.86},{"type":"B","date":"2018-05-02T02:10:33.000Z","volume":8000,"label":" ","price":3.86},{"type":"U","date":"2018-05-02T02:10:39.000Z","volume":2000,"label":"X","price":3.872},{"type":"A","date":"2018-05-02T02:10:54.000Z","volume":2000,"label":" ","price":3.87},{"type":"B","date":"2018-05-02T02:11:51.000Z","volume":2000,"label":" ","price":3.86},{"type":"A","date":"2018-05-02T02:11:53.000Z","volume":2000,"label":" ","price":3.87},{"type":"B","date":"2018-05-02T02:13:02.000Z","volume":2000,"label":" ","price":3.86},{"type":"B","date":"2018-05-02T02:13:02.000Z","volume":6000,"label":" ","price":3.86},{"type":"B","date":"2018-05-02T02:13:02.000Z","volume":2000,"label":" ","price":3.86},{"type":"A","date":"2018-05-02T02:13:37.000Z","volume":2000,"label":" ","price":3.87},{"type":"A","date":"2018-05-02T02:13:52.000Z","volume":2000,"label":" ","price":3.87},{"type":"B","date":"2018-05-02T02:14:02.000Z","volume":2000,"label":" ","price":3.86},{"type":"A","date":"2018-05-02T02:14:02.000Z","volume":40000,"label":" ","price":3.87},{"type":"A","date":"2018-05-02T02:14:02.000Z","volume":4000,"label":" ","price":3.87},{"type":"A","date":"2018-05-02T02:14:03.000Z","volume":2000,"label":" ","price":3.88},{"type":"A","date":"2018-05-02T02:16:19.000Z","volume":2000,"label":" ","price":3.88},{"type":"B","date":"2018-05-02T02:16:19.000Z","volume":2000,"label":" ","price":3.87},{"type":"B","date":"2018-05-02T02:16:35.000Z","volume":52000,"label":" ","price":3.87},{"type":"B","date":"2018-05-02T02:16:35.000Z","volume":58000,"label":" ","price":3.87},{"type":"B","date":"2018-05-02T02:16:53.000Z","volume":2000,"label":" ","price":3.86},{"type":"A","date":"2018-05-02T02:17:15.000Z","volume":4000,"label":" ","price":3.87},{"type":"B","date":"2018-05-02T02:17:32.000Z","volume":2000,"label":" ","price":3.86},{"type":"A","date":"2018-05-02T02:17:55.000Z","volume":6000,"label":" ","price":3.87},{"type":"B","date":"2018-05-02T02:18:02.000Z","volume":2000,"label":" ","price":3.86},{"type":"B","date":"2018-05-02T02:18:02.000Z","volume":4000,"label":" ","price":3.86},{"type":"U","date":"2018-05-02T02:18:22.000Z","volume":6000,"label":"X","price":3.86},{"type":"A","date":"2018-05-02T02:18:25.000Z","volume":2000,"label":" ","price":3.87},{"type":"B","date":"2018-05-02T02:19:02.000Z","volume":2000,"label":" ","price":3.86},{"type":"B","date":"2018-05-02T02:20:12.000Z","volume":2000,"label":" ","price":3.86},{"type":"U","date":"2018-05-02T02:20:39.000Z","volume":2000,"label":"X","price":3.869},{"type":"A","date":"2018-05-02T02:21:07.000Z","volume":2000,"label":" ","price":3.87},{"type":"U","date":"2018-05-02T02:21:07.000Z","volume":2000,"label":"X","price":3.86},{"type":"B","date":"2018-05-02T02:21:22.000Z","volume":2000,"label":" ","price":3.86},{"type":"A","date":"2018-05-02T02:21:34.000Z","volume":2000,"label":" ","price":3.87},{"type":"A","date":"2018-05-02T02:21:45.000Z","volume":4000,"label":" ","price":3.87},{"type":"A","date":"2018-05-02T02:22:26.000Z","volume":4000,"label":" ","price":3.87},{"type":"A","date":"2018-05-02T02:22:30.000Z","volume":36000,"label":" ","price":3.87},{"type":"A","date":"2018-05-02T02:22:58.000Z","volume":2000,"label":" ","price":3.87},{"type":"A","date":"2018-05-02T02:23:10.000Z","volume":10000,"label":" ","price":3.87},{"type":"A","date":"2018-05-02T02:23:22.000Z","volume":6000,"label":" ","price":3.87},{"type":"A","date":"2018-05-02T02:23:24.000Z","volume":10000,"label":" ","price":3.87},{"type":"A","date":"2018-05-02T02:23:45.000Z","volume":4000,"label":" ","price":3.87},{"type":"A","date":"2018-05-02T02:23:54.000Z","volume":2000,"label":" ","price":3.88},{"type":"B","date":"2018-05-02T02:24:40.000Z","volume":10000,"label":" ","price":3.87},{"type":"B","date":"2018-05-02T02:26:07.000Z","volume":10000,"label":" ","price":3.87},{"type":"A","date":"2018-05-02T02:26:08.000Z","volume":2000,"label":"Y","price":3.88},{"type":"A","date":"2018-05-02T02:26:08.000Z","volume":10000,"label":" ","price":3.88},{"type":"A","date":"2018-05-02T02:26:08.000Z","volume":8000,"label":" ","price":3.88},{"type":"A","date":"2018-05-02T02:26:09.000Z","volume":10000,"label":" ","price":3.89},{"type":"A","date":"2018-05-02T02:26:10.000Z","volume":2000,"label":" ","price":3.89},{"type":"U","date":"2018-05-02T02:26:17.000Z","volume":2000,"label":"X","price":3.88},{"type":"B","date":"2018-05-02T02:26:17.000Z","volume":26000,"label":" ","price":3.88},{"type":"B","date":"2018-05-02T02:26:17.000Z","volume":8000,"label":" ","price":3.88},{"type":"B","date":"2018-05-02T02:27:00.000Z","volume":20000,"label":" ","price":3.88},{"type":"B","date":"2018-05-02T02:27:35.000Z","volume":2000,"label":"Y","price":3.88},{"type":"B","date":"2018-05-02T02:28:03.000Z","volume":4000,"label":"Y","price":3.88},{"type":"B","date":"2018-05-02T02:28:03.000Z","volume":16000,"label":" ","price":3.88},{"type":"B","date":"2018-05-02T02:28:45.000Z","volume":2000,"label":" ","price":3.88},{"type":"U","date":"2018-05-02T02:29:20.000Z","volume":6000,"label":"X","price":3.88},{"type":"B","date":"2018-05-02T02:29:23.000Z","volume":6000,"label":" ","price":3.88},{"type":"B","date":"2018-05-02T02:29:50.000Z","volume":2000,"label":" ","price":3.88},{"type":"B","date":"2018-05-02T02:29:50.000Z","volume":8000,"label":" ","price":3.88},{"type":"A","date":"2018-05-02T02:29:51.000Z","volume":2000,"label":" ","price":3.89},{"type":"A","date":"2018-05-02T02:30:27.000Z","volume":30000,"label":" ","price":3.89},{"type":"U","date":"2018-05-02T02:30:39.000Z","volume":2000,"label":"X","price":3.878},{"type":"B","date":"2018-05-02T02:31:07.000Z","volume":20000,"label":" ","price":3.88},{"type":"U","date":"2018-05-02T02:32:01.000Z","volume":4000,"label":"X","price":3.87},{"type":"B","date":"2018-05-02T02:32:01.000Z","volume":2000,"label":" ","price":3.87},{"type":"B","date":"2018-05-02T02:32:47.000Z","volume":10000,"label":" ","price":3.88},{"type":"B","date":"2018-05-02T02:33:30.000Z","volume":16000,"label":" ","price":3.88},{"type":"A","date":"2018-05-02T02:33:30.000Z","volume":2000,"label":" ","price":3.88},{"type":"B","date":"2018-05-02T02:33:42.000Z","volume":8000,"label":" ","price":3.87},{"type":"B","date":"2018-05-02T02:33:42.000Z","volume":2000,"label":" ","price":3.87},{"type":"A","date":"2018-05-02T02:33:43.000Z","volume":6000,"label":" ","price":3.88},{"type":"A","date":"2018-05-02T02:33:44.000Z","volume":2000,"label":" ","price":3.88},{"type":"U","date":"2018-05-02T02:34:34.000Z","volume":4000,"label":"X","price":3.87},{"type":"A","date":"2018-05-02T02:36:12.000Z","volume":2000,"label":" ","price":3.88},{"type":"A","date":"2018-05-02T02:36:12.000Z","volume":4000,"label":"Y","price":3.88},{"type":"A","date":"2018-05-02T02:36:12.000Z","volume":20000,"label":" ","price":3.88},{"type":"A","date":"2018-05-02T02:36:34.000Z","volume":4000,"label":" ","price":3.88},{"type":"A","date":"2018-05-02T02:36:34.000Z","volume":4000,"label":" ","price":3.89},{"type":"U","date":"2018-05-02T02:37:34.000Z","volume":2000,"label":"X","price":3.88},{"type":"U","date":"2018-05-02T02:40:01.000Z","volume":4000,"label":"X","price":3.88},{"type":"A","date":"2018-05-02T02:40:12.000Z","volume":2000,"label":" ","price":3.89},{"type":"A","date":"2018-05-02T02:40:28.000Z","volume":6000,"label":" ","price":3.89},{"type":"A","date":"2018-05-02T02:40:28.000Z","volume":4000,"label":" ","price":3.89},{"type":"A","date":"2018-05-02T02:40:31.000Z","volume":8000,"label":" ","price":3.89},{"type":"U","date":"2018-05-02T02:40:42.000Z","volume":2000,"label":"X","price":3.881},{"type":"A","date":"2018-05-02T02:41:07.000Z","volume":2000,"label":" ","price":3.89},{"type":"A","date":"2018-05-02T02:42:28.000Z","volume":10000,"label":" ","price":3.89},{"type":"B","date":"2018-05-02T02:42:28.000Z","volume":2000,"label":" ","price":3.88},{"type":"A","date":"2018-05-02T02:42:40.000Z","volume":2000,"label":" ","price":3.89},{"type":"A","date":"2018-05-02T02:42:47.000Z","volume":12000,"label":" ","price":3.89},{"type":"A","date":"2018-05-02T02:42:47.000Z","volume":2000,"label":" ","price":3.89},{"type":"A","date":"2018-05-02T02:42:47.000Z","volume":6000,"label":" ","price":3.89},{"type":"U","date":"2018-05-02T02:43:00.000Z","volume":2000,"label":" ","price":3.89},{"type":"B","date":"2018-05-02T02:43:04.000Z","volume":6000,"label":" ","price":3.89},{"type":"A","date":"2018-05-02T02:43:06.000Z","volume":2000,"label":" ","price":3.9},{"type":"B","date":"2018-05-02T02:43:06.000Z","volume":12000,"label":" ","price":3.89},{"type":"B","date":"2018-05-02T02:43:08.000Z","volume":44000,"label":" ","price":3.89},{"type":"B","date":"2018-05-02T02:43:08.000Z","volume":30000,"label":" ","price":3.88},{"type":"B","date":"2018-05-02T02:43:08.000Z","volume":2000,"label":" ","price":3.87},{"type":"U","date":"2018-05-02T02:48:09.000Z","volume":4000,"label":"X","price":3.88},{"type":"U","date":"2018-05-02T02:49:19.000Z","volume":10000,"label":"X","price":3.88},{"type":"U","date":"2018-05-02T02:49:19.000Z","volume":6000,"label":"X","price":3.88},{"type":"U","date":"2018-05-02T02:49:19.000Z","volume":4000,"label":"X","price":3.88},{"type":"B","date":"2018-05-02T02:49:19.000Z","volume":8000,"label":"Y","price":3.88},{"type":"U","date":"2018-05-02T02:49:19.000Z","volume":2000,"label":"X","price":3.88},{"type":"A","date":"2018-05-02T02:49:21.000Z","volume":2000,"label":" ","price":3.89},{"type":"U","date":"2018-05-02T02:50:42.000Z","volume":2000,"label":"X","price":3.887},{"type":"B","date":"2018-05-02T02:51:26.000Z","volume":4000,"label":" ","price":3.88},{"type":"B","date":"2018-05-02T02:52:04.000Z","volume":10000,"label":" ","price":3.88},{"type":"B","date":"2018-05-02T02:53:14.000Z","volume":10000,"label":" ","price":3.88},{"type":"B","date":"2018-05-02T02:54:02.000Z","volume":4000,"label":" ","price":3.88},{"type":"B","date":"2018-05-02T02:54:11.000Z","volume":4000,"label":" ","price":3.88},{"type":"A","date":"2018-05-02T02:55:03.000Z","volume":2000,"label":" ","price":3.89},{"type":"U","date":"2018-05-02T02:55:42.000Z","volume":2000,"label":"X","price":3.881},{"type":"B","date":"2018-05-02T02:55:52.000Z","volume":2000,"label":" ","price":3.88},{"type":"A","date":"2018-05-02T02:55:52.000Z","volume":14000,"label":" ","price":3.89},{"type":"A","date":"2018-05-02T02:55:52.000Z","volume":6000,"label":" ","price":3.89},{"type":"A","date":"2018-05-02T02:55:58.000Z","volume":8000,"label":" ","price":3.89},{"type":"A","date":"2018-05-02T02:56:51.000Z","volume":2000,"label":" ","price":3.89},{"type":"A","date":"2018-05-02T02:57:39.000Z","volume":2000,"label":" ","price":3.89},{"type":"A","date":"2018-05-02T02:58:26.000Z","volume":2000,"label":" ","price":3.89},{"type":"A","date":"2018-05-02T02:59:13.000Z","volume":2000,"label":" ","price":3.89},{"type":"A","date":"2018-05-02T02:59:15.000Z","volume":2000,"label":" ","price":3.89},{"type":"A","date":"2018-05-02T02:59:15.000Z","volume":2000,"label":" ","price":3.89},{"type":"A","date":"2018-05-02T02:59:15.000Z","volume":8000,"label":" ","price":3.89},{"type":"A","date":"2018-05-02T03:00:20.000Z","volume":2000,"label":" ","price":3.89},{"type":"U","date":"2018-05-02T03:00:42.000Z","volume":2000,"label":"X","price":3.89},{"type":"B","date":"2018-05-02T03:01:53.000Z","volume":2000,"label":" ","price":3.88},{"type":"A","date":"2018-05-02T03:03:37.000Z","volume":2000,"label":" ","price":3.89},{"type":"B","date":"2018-05-02T03:04:34.000Z","volume":6000,"label":" ","price":3.88},{"type":"A","date":"2018-05-02T03:04:34.000Z","volume":8000,"label":" ","price":3.89},{"type":"A","date":"2018-05-02T03:04:35.000Z","volume":2000,"label":" ","price":3.89},{"type":"U","date":"2018-05-02T03:04:41.000Z","volume":2000,"label":"X","price":3.88},{"type":"B","date":"2018-05-02T03:07:26.000Z","volume":4000,"label":" ","price":3.88},{"type":"A","date":"2018-05-02T03:09:13.000Z","volume":2000,"label":" ","price":3.89},{"type":"B","date":"2018-05-02T03:09:54.000Z","volume":4000,"label":" ","price":3.88},{"type":"B","date":"2018-05-02T03:10:22.000Z","volume":2000,"label":"Y","price":3.88},{"type":"B","date":"2018-05-02T03:10:22.000Z","volume":36000,"label":" ","price":3.88},{"type":"A","date":"2018-05-02T03:10:22.000Z","volume":10000,"label":" ","price":3.89},{"type":"A","date":"2018-05-02T03:10:22.000Z","volume":18000,"label":" ","price":3.89},{"type":"U","date":"2018-05-02T03:10:42.000Z","volume":2000,"label":"X","price":3.884},{"type":"A","date":"2018-05-02T03:11:53.000Z","volume":4000,"label":" ","price":3.89},{"type":"A","date":"2018-05-02T03:12:27.000Z","volume":2000,"label":" ","price":3.89},{"type":"B","date":"2018-05-02T03:12:52.000Z","volume":4000,"label":" ","price":3.88},{"type":"A","date":"2018-05-02T03:12:59.000Z","volume":2000,"label":" ","price":3.89},{"type":"A","date":"2018-05-02T03:12:59.000Z","volume":4000,"label":" ","price":3.89},{"type":"A","date":"2018-05-02T03:12:59.000Z","volume":12000,"label":" ","price":3.89},{"type":"B","date":"2018-05-02T03:12:59.000Z","volume":2000,"label":" ","price":3.88},{"type":"A","date":"2018-05-02T03:13:00.000Z","volume":2000,"label":" ","price":3.89},{"type":"A","date":"2018-05-02T03:13:00.000Z","volume":2000,"label":" ","price":3.89},{"type":"A","date":"2018-05-02T03:13:02.000Z","volume":4000,"label":" ","price":3.89},{"type":"B","date":"2018-05-02T03:15:27.000Z","volume":4000,"label":" ","price":3.88},{"type":"U","date":"2018-05-02T03:15:42.000Z","volume":2000,"label":"X","price":3.888},{"type":"A","date":"2018-05-02T03:16:03.000Z","volume":2000,"label":" ","price":3.89},{"type":"A","date":"2018-05-02T03:16:09.000Z","volume":2000,"label":" ","price":3.89},{"type":"A","date":"2018-05-02T03:16:55.000Z","volume":4000,"label":" ","price":3.89},{"type":"A","date":"2018-05-02T03:16:56.000Z","volume":8000,"label":" ","price":3.89},{"type":"A","date":"2018-05-02T03:16:56.000Z","volume":4000,"label":" ","price":3.89},{"type":"A","date":"2018-05-02T03:16:57.000Z","volume":4000,"label":" ","price":3.89},{"type":"A","date":"2018-05-02T03:17:03.000Z","volume":2000,"label":" ","price":3.89},{"type":"A","date":"2018-05-02T03:21:17.000Z","volume":24000,"label":" ","price":3.89},{"type":"A","date":"2018-05-02T03:21:18.000Z","volume":8000,"label":" ","price":3.89},{"type":"A","date":"2018-05-02T03:22:03.000Z","volume":4000,"label":" ","price":3.89},{"type":"B","date":"2018-05-02T03:23:01.000Z","volume":4000,"label":" ","price":3.88},{"type":"A","date":"2018-05-02T03:23:05.000Z","volume":2000,"label":" ","price":3.89},{"type":"A","date":"2018-05-02T03:23:06.000Z","volume":4000,"label":" ","price":3.89},{"type":"A","date":"2018-05-02T03:23:44.000Z","volume":2000,"label":" ","price":3.89},{"type":"A","date":"2018-05-02T03:23:45.000Z","volume":2000,"label":" ","price":3.89},{"type":"A","date":"2018-05-02T03:23:45.000Z","volume":10000,"label":" ","price":3.89},{"type":"A","date":"2018-05-02T03:23:49.000Z","volume":4000,"label":" ","price":3.89},{"type":"A","date":"2018-05-02T03:24:04.000Z","volume":2000,"label":" ","price":3.89},{"type":"A","date":"2018-05-02T03:24:06.000Z","volume":4000,"label":" ","price":3.89},{"type":"U","date":"2018-05-02T03:25:42.000Z","volume":2000,"label":"X","price":3.89},{"type":"B","date":"2018-05-02T03:26:13.000Z","volume":20000,"label":" ","price":3.88},{"type":"A","date":"2018-05-02T03:26:15.000Z","volume":4000,"label":" ","price":3.89},{"type":"A","date":"2018-05-02T03:26:17.000Z","volume":4000,"label":" ","price":3.89},{"type":"A","date":"2018-05-02T03:26:19.000Z","volume":2000,"label":" ","price":3.89},{"type":"A","date":"2018-05-02T03:27:21.000Z","volume":6000,"label":" ","price":3.89},{"type":"A","date":"2018-05-02T03:29:43.000Z","volume":8000,"label":" ","price":3.89},{"type":"B","date":"2018-05-02T03:29:48.000Z","volume":2000,"label":" ","price":3.88},{"type":"A","date":"2018-05-02T03:30:57.000Z","volume":2000,"label":" ","price":3.89},{"type":"B","date":"2018-05-02T03:30:59.000Z","volume":2000,"label":" ","price":3.88},{"type":"B","date":"2018-05-02T03:31:39.000Z","volume":28000,"label":"Y","price":3.88},{"type":"B","date":"2018-05-02T03:31:39.000Z","volume":104000,"label":" ","price":3.88},{"type":"B","date":"2018-05-02T03:31:39.000Z","volume":2000,"label":" ","price":3.87},{"type":"U","date":"2018-05-02T03:34:38.000Z","volume":4000,"label":"X","price":3.87},{"type":"U","date":"2018-05-02T03:35:42.000Z","volume":2000,"label":"X","price":3.881},{"type":"B","date":"2018-05-02T03:36:38.000Z","volume":4000,"label":" ","price":3.87},{"type":"A","date":"2018-05-02T03:38:27.000Z","volume":116000,"label":" ","price":3.88},{"type":"A","date":"2018-05-02T03:38:28.000Z","volume":2000,"label":" ","price":3.89},{"type":"A","date":"2018-05-02T03:38:30.000Z","volume":8000,"label":" ","price":3.89},{"type":"A","date":"2018-05-02T03:38:33.000Z","volume":24000,"label":" ","price":3.89},{"type":"B","date":"2018-05-02T03:38:37.000Z","volume":14000,"label":" ","price":3.89},{"type":"U","date":"2018-05-02T03:38:42.000Z","volume":2000,"label":"X","price":3.87},{"type":"U","date":"2018-05-02T03:39:02.000Z","volume":18000,"label":"X","price":3.89},{"type":"B","date":"2018-05-02T03:39:03.000Z","volume":28000,"label":" ","price":3.89},{"type":"A","date":"2018-05-02T03:39:04.000Z","volume":2000,"label":" ","price":3.89},{"type":"U","date":"2018-05-02T03:40:42.000Z","volume":2000,"label":"X","price":3.884},{"type":"B","date":"2018-05-02T03:42:12.000Z","volume":10000,"label":" ","price":3.88},{"type":"B","date":"2018-05-02T03:42:44.000Z","volume":100000,"label":" ","price":3.88},{"type":"B","date":"2018-05-02T03:42:44.000Z","volume":6000,"label":"Y","price":3.88},{"type":"B","date":"2018-05-02T03:42:44.000Z","volume":18000,"label":" ","price":3.88},{"type":"A","date":"2018-05-02T03:42:44.000Z","volume":10000,"label":" ","price":3.88},{"type":"A","date":"2018-05-02T03:42:45.000Z","volume":4000,"label":" ","price":3.88},{"type":"A","date":"2018-05-02T03:42:48.000Z","volume":2000,"label":" ","price":3.88},{"type":"U","date":"2018-05-02T03:50:42.000Z","volume":2000,"label":"X","price":3.88},{"type":"B","date":"2018-05-02T03:52:58.000Z","volume":6000,"label":" ","price":3.88},{"type":"A","date":"2018-05-02T03:53:22.000Z","volume":2000,"label":" ","price":3.89},{"type":"A","date":"2018-05-02T03:53:42.000Z","volume":6000,"label":" ","price":3.89},{"type":"A","date":"2018-05-02T03:53:42.000Z","volume":2000,"label":" ","price":3.89},{"type":"A","date":"2018-05-02T03:53:42.000Z","volume":12000,"label":"Y","price":3.89},{"type":"A","date":"2018-05-02T03:53:42.000Z","volume":10000,"label":" ","price":3.89},{"type":"A","date":"2018-05-02T03:53:45.000Z","volume":2000,"label":" ","price":3.89},{"type":"U","date":"2018-05-02T03:54:12.000Z","volume":2000,"label":"X","price":3.89},{"type":"A","date":"2018-05-02T03:56:04.000Z","volume":4000,"label":" ","price":3.89},{"type":"A","date":"2018-05-02T03:56:04.000Z","volume":2000,"label":" ","price":3.89},{"type":"A","date":"2018-05-02T03:56:06.000Z","volume":4000,"label":" ","price":3.89},{"type":"A","date":"2018-05-02T03:56:35.000Z","volume":2000,"label":" ","price":3.89},{"type":"B","date":"2018-05-02T03:58:33.000Z","volume":2000,"label":" ","price":3.88},{"type":"A","date":"2018-05-02T03:58:45.000Z","volume":2000,"label":" ","price":3.89},{"type":"A","date":"2018-05-02T03:58:48.000Z","volume":2000,"label":" ","price":3.89},{"type":"A","date":"2018-05-02T03:58:54.000Z","volume":4000,"label":" ","price":3.89},{"type":"A","date":"2018-05-02T03:58:56.000Z","volume":8000,"label":" ","price":3.89},{"type":"A","date":"2018-05-02T05:00:00.000Z","volume":2000,"label":" ","price":3.89},{"type":"A","date":"2018-05-02T05:00:03.000Z","volume":2000,"label":" ","price":3.89},{"type":"A","date":"2018-05-02T05:00:55.000Z","volume":2000,"label":" ","price":3.89},{"type":"A","date":"2018-05-02T05:00:59.000Z","volume":14000,"label":" ","price":3.89},{"type":"A","date":"2018-05-02T05:01:00.000Z","volume":6000,"label":"Y","price":3.89},{"type":"A","date":"2018-05-02T05:01:00.000Z","volume":12000,"label":" ","price":3.89},{"type":"A","date":"2018-05-02T05:01:26.000Z","volume":2000,"label":" ","price":3.89},{"type":"A","date":"2018-05-02T05:01:43.000Z","volume":2000,"label":" ","price":3.89},{"type":"A","date":"2018-05-02T05:01:48.000Z","volume":2000,"label":" ","price":3.89},{"type":"A","date":"2018-05-02T05:01:52.000Z","volume":4000,"label":" ","price":3.89},{"type":"A","date":"2018-05-02T05:01:54.000Z","volume":2000,"label":" ","price":3.89},{"type":"U","date":"2018-05-02T05:02:02.000Z","volume":2000,"label":"X","price":3.89},{"type":"U","date":"2018-05-02T05:02:07.000Z","volume":18000,"label":"X","price":3.88},{"type":"A","date":"2018-05-02T05:02:08.000Z","volume":10000,"label":"Y","price":3.89},{"type":"U","date":"2018-05-02T05:02:43.000Z","volume":4000,"label":"X","price":3.89},{"type":"U","date":"2018-05-02T05:02:43.000Z","volume":8000,"label":"X","price":3.89},{"type":"A","date":"2018-05-02T05:02:46.000Z","volume":2000,"label":" ","price":3.89},{"type":"A","date":"2018-05-02T05:02:59.000Z","volume":2000,"label":" ","price":3.89},{"type":"A","date":"2018-05-02T05:04:17.000Z","volume":8000,"label":" ","price":3.89},{"type":"B","date":"2018-05-02T05:04:43.000Z","volume":2000,"label":" ","price":3.88},{"type":"A","date":"2018-05-02T05:04:46.000Z","volume":2000,"label":" ","price":3.89},{"type":"A","date":"2018-05-02T05:04:47.000Z","volume":2000,"label":" ","price":3.89},{"type":"A","date":"2018-05-02T05:05:41.000Z","volume":2000,"label":" ","price":3.89},{"type":"A","date":"2018-05-02T05:06:04.000Z","volume":2000,"label":" ","price":3.89},{"type":"A","date":"2018-05-02T05:06:30.000Z","volume":2000,"label":"Y","price":3.89},{"type":"A","date":"2018-05-02T05:06:39.000Z","volume":4000,"label":" ","price":3.89},{"type":"B","date":"2018-05-02T05:07:19.000Z","volume":30000,"label":" ","price":3.88},{"type":"A","date":"2018-05-02T05:07:29.000Z","volume":2000,"label":" ","price":3.89},{"type":"A","date":"2018-05-02T05:08:42.000Z","volume":2000,"label":" ","price":3.89},{"type":"A","date":"2018-05-02T05:08:59.000Z","volume":8000,"label":" ","price":3.89},{"type":"A","date":"2018-05-02T05:09:23.000Z","volume":6000,"label":" ","price":3.89},{"type":"A","date":"2018-05-02T05:09:30.000Z","volume":8000,"label":" ","price":3.89},{"type":"A","date":"2018-05-02T05:09:49.000Z","volume":2000,"label":" ","price":3.89},{"type":"B","date":"2018-05-02T05:10:17.000Z","volume":40000,"label":"Y","price":3.88},{"type":"B","date":"2018-05-02T05:10:17.000Z","volume":200000,"label":" ","price":3.88},{"type":"B","date":"2018-05-02T05:10:17.000Z","volume":24000,"label":" ","price":3.88},{"type":"A","date":"2018-05-02T05:10:19.000Z","volume":4000,"label":" ","price":3.89},{"type":"B","date":"2018-05-02T05:10:25.000Z","volume":6000,"label":" ","price":3.87},{"type":"B","date":"2018-05-02T05:10:57.000Z","volume":18000,"label":" ","price":3.87},{"type":"U","date":"2018-05-02T05:12:02.000Z","volume":2000,"label":"X","price":3.881},{"type":"B","date":"2018-05-02T05:13:19.000Z","volume":2000,"label":"Y","price":3.87},{"type":"A","date":"2018-05-02T05:14:00.000Z","volume":6000,"label":" ","price":3.88},{"type":"B","date":"2018-05-02T05:14:00.000Z","volume":2000,"label":" ","price":3.87},{"type":"A","date":"2018-05-02T05:14:00.000Z","volume":30000,"label":" ","price":3.88},{"type":"A","date":"2018-05-02T05:14:01.000Z","volume":2000,"label":" ","price":3.88},{"type":"A","date":"2018-05-02T05:14:01.000Z","volume":6000,"label":" ","price":3.88},{"type":"A","date":"2018-05-02T05:15:31.000Z","volume":4000,"label":" ","price":3.88},{"type":"B","date":"2018-05-02T05:15:33.000Z","volume":6000,"label":" ","price":3.87},{"type":"A","date":"2018-05-02T05:15:34.000Z","volume":4000,"label":" ","price":3.88},{"type":"A","date":"2018-05-02T05:15:36.000Z","volume":2000,"label":" ","price":3.88},{"type":"A","date":"2018-05-02T05:15:38.000Z","volume":6000,"label":" ","price":3.88},{"type":"A","date":"2018-05-02T05:15:51.000Z","volume":4000,"label":" ","price":3.88},{"type":"B","date":"2018-05-02T05:15:53.000Z","volume":4000,"label":"Y","price":3.87},{"type":"A","date":"2018-05-02T05:16:04.000Z","volume":4000,"label":" ","price":3.88},{"type":"A","date":"2018-05-02T05:16:07.000Z","volume":2000,"label":" ","price":3.88},{"type":"A","date":"2018-05-02T05:16:22.000Z","volume":4000,"label":" ","price":3.88},{"type":"A","date":"2018-05-02T05:16:24.000Z","volume":4000,"label":" ","price":3.88},{"type":"B","date":"2018-05-02T05:17:55.000Z","volume":4000,"label":" ","price":3.88},{"type":"B","date":"2018-05-02T05:18:29.000Z","volume":230000,"label":" ","price":3.88},{"type":"U","date":"2018-05-02T05:21:12.000Z","volume":2000,"label":"X","price":3.87},{"type":"A","date":"2018-05-02T05:21:36.000Z","volume":114000,"label":" ","price":3.88},{"type":"A","date":"2018-05-02T05:21:37.000Z","volume":4000,"label":" ","price":3.89},{"type":"A","date":"2018-05-02T05:21:45.000Z","volume":10000,"label":" ","price":3.89},{"type":"A","date":"2018-05-02T05:21:47.000Z","volume":10000,"label":" ","price":3.89},{"type":"A","date":"2018-05-02T05:21:47.000Z","volume":4000,"label":" ","price":3.89},{"type":"U","date":"2018-05-02T05:22:02.000Z","volume":2000,"label":"X","price":3.88},{"type":"B","date":"2018-05-02T05:22:13.000Z","volume":20000,"label":" ","price":3.88},{"type":"U","date":"2018-05-02T05:26:35.000Z","volume":4000,"label":"X","price":3.88},{"type":"U","date":"2018-05-02T05:27:02.000Z","volume":2000,"label":"X","price":3.88},{"type":"A","date":"2018-05-02T05:27:49.000Z","volume":4000,"label":" ","price":3.89},{"type":"A","date":"2018-05-02T05:28:46.000Z","volume":2000,"label":" ","price":3.89},{"type":"A","date":"2018-05-02T05:29:03.000Z","volume":4000,"label":" ","price":3.89},{"type":"A","date":"2018-05-02T05:29:19.000Z","volume":2000,"label":" ","price":3.89},{"type":"U","date":"2018-05-02T05:29:19.000Z","volume":4000,"label":"X","price":3.88},{"type":"A","date":"2018-05-02T05:29:52.000Z","volume":2000,"label":" ","price":3.89},{"type":"A","date":"2018-05-02T05:30:37.000Z","volume":6000,"label":" ","price":3.89},{"type":"U","date":"2018-05-02T05:30:44.000Z","volume":2000,"label":"X","price":3.89},{"type":"B","date":"2018-05-02T05:30:44.000Z","volume":20000,"label":" ","price":3.88},{"type":"A","date":"2018-05-02T05:30:44.000Z","volume":2000,"label":" ","price":3.89},{"type":"U","date":"2018-05-02T05:31:52.000Z","volume":4000,"label":"X","price":3.88},{"type":"A","date":"2018-05-02T05:32:48.000Z","volume":2000,"label":" ","price":3.89},{"type":"A","date":"2018-05-02T05:32:59.000Z","volume":10000,"label":" ","price":3.89},{"type":"A","date":"2018-05-02T05:33:00.000Z","volume":2000,"label":" ","price":3.89},{"type":"A","date":"2018-05-02T05:33:48.000Z","volume":2000,"label":" ","price":3.89},{"type":"A","date":"2018-05-02T05:33:48.000Z","volume":2000,"label":"Y","price":3.89},{"type":"A","date":"2018-05-02T05:33:48.000Z","volume":78000,"label":" ","price":3.89},{"type":"A","date":"2018-05-02T05:33:48.000Z","volume":86000,"label":" ","price":3.89},{"type":"U","date":"2018-05-02T05:33:48.000Z","volume":4000,"label":" ","price":3.89},{"type":"A","date":"2018-05-02T05:33:49.000Z","volume":2000,"label":" ","price":3.89},{"type":"A","date":"2018-05-02T05:34:24.000Z","volume":6000,"label":" ","price":3.89},{"type":"U","date":"2018-05-02T05:34:31.000Z","volume":450,"label":"D","price":3.89},{"type":"U","date":"2018-05-02T05:34:44.000Z","volume":2000,"label":"X","price":3.88},{"type":"A","date":"2018-05-02T05:34:52.000Z","volume":4000,"label":" ","price":3.89},{"type":"A","date":"2018-05-02T05:35:55.000Z","volume":10000,"label":" ","price":3.89},{"type":"A","date":"2018-05-02T05:35:56.000Z","volume":2000,"label":" ","price":3.89},{"type":"A","date":"2018-05-02T05:35:57.000Z","volume":2000,"label":" ","price":3.89},{"type":"A","date":"2018-05-02T05:35:57.000Z","volume":2000,"label":" ","price":3.89},{"type":"A","date":"2018-05-02T05:36:00.000Z","volume":2000,"label":" ","price":3.89},{"type":"B","date":"2018-05-02T05:36:12.000Z","volume":10000,"label":" ","price":3.88},{"type":"U","date":"2018-05-02T05:37:02.000Z","volume":2000,"label":"X","price":3.889},{"type":"U","date":"2018-05-02T05:37:31.000Z","volume":4000,"label":"X","price":3.88},{"type":"B","date":"2018-05-02T05:39:07.000Z","volume":4000,"label":" ","price":3.88},{"type":"A","date":"2018-05-02T05:40:05.000Z","volume":6000,"label":" ","price":3.89},{"type":"A","date":"2018-05-02T05:40:07.000Z","volume":2000,"label":" ","price":3.89},{"type":"U","date":"2018-05-02T05:40:14.000Z","volume":4000,"label":"X","price":3.89},{"type":"A","date":"2018-05-02T05:40:19.000Z","volume":14000,"label":"Y","price":3.89},{"type":"A","date":"2018-05-02T05:40:19.000Z","volume":10000,"label":" ","price":3.89},{"type":"U","date":"2018-05-02T05:40:36.000Z","volume":2000,"label":"X","price":3.88},{"type":"A","date":"2018-05-02T05:41:05.000Z","volume":6000,"label":" ","price":3.89},{"type":"A","date":"2018-05-02T05:41:59.000Z","volume":2000,"label":" ","price":3.89},{"type":"U","date":"2018-05-02T05:43:51.000Z","volume":4000,"label":"X","price":3.88},{"type":"A","date":"2018-05-02T05:44:15.000Z","volume":2000,"label":" ","price":3.89},{"type":"B","date":"2018-05-02T05:45:06.000Z","volume":6000,"label":"Y","price":3.88},{"type":"B","date":"2018-05-02T05:45:06.000Z","volume":204000,"label":" ","price":3.88},{"type":"B","date":"2018-05-02T05:45:06.000Z","volume":14000,"label":"Y","price":3.88},{"type":"B","date":"2018-05-02T05:45:06.000Z","volume":38000,"label":" ","price":3.88},{"type":"U","date":"2018-05-02T05:45:06.000Z","volume":2000,"label":" ","price":3.88},{"type":"A","date":"2018-05-02T05:45:07.000Z","volume":6000,"label":" ","price":3.88},{"type":"A","date":"2018-05-02T05:45:07.000Z","volume":2000,"label":" ","price":3.88},{"type":"A","date":"2018-05-02T05:45:07.000Z","volume":4000,"label":" ","price":3.88},{"type":"U","date":"2018-05-02T05:47:03.000Z","volume":2000,"label":"X","price":3.881},{"type":"U","date":"2018-05-02T05:47:11.000Z","volume":1000,"label":"D","price":3.82},{"type":"U","date":"2018-05-02T05:48:40.000Z","volume":4000,"label":"X","price":3.87},{"type":"B","date":"2018-05-02T05:50:20.000Z","volume":20000,"label":" ","price":3.88},{"type":"B","date":"2018-05-02T05:51:08.000Z","volume":6000,"label":" ","price":3.88},{"type":"U","date":"2018-05-02T05:51:11.000Z","volume":2000,"label":"X","price":3.88},{"type":"A","date":"2018-05-02T05:53:14.000Z","volume":2000,"label":" ","price":3.89},{"type":"B","date":"2018-05-02T05:54:19.000Z","volume":20000,"label":" ","price":3.88},{"type":"B","date":"2018-05-02T05:54:19.000Z","volume":2000,"label":" ","price":3.88},{"type":"U","date":"2018-05-02T05:54:19.000Z","volume":6000,"label":"X","price":3.88},{"type":"U","date":"2018-05-02T05:55:45.000Z","volume":6000,"label":"X","price":3.89},{"type":"A","date":"2018-05-02T05:55:57.000Z","volume":4000,"label":" ","price":3.89},{"type":"A","date":"2018-05-02T05:56:00.000Z","volume":4000,"label":"Y","price":3.89},{"type":"A","date":"2018-05-02T05:56:00.000Z","volume":16000,"label":" ","price":3.89},{"type":"A","date":"2018-05-02T05:56:01.000Z","volume":2000,"label":" ","price":3.89},{"type":"B","date":"2018-05-02T05:56:41.000Z","volume":12000,"label":" ","price":3.88},{"type":"B","date":"2018-05-02T05:56:42.000Z","volume":4000,"label":" ","price":3.88},{"type":"U","date":"2018-05-02T05:57:03.000Z","volume":2000,"label":"X","price":3.883},{"type":"U","date":"2018-05-02T05:57:07.000Z","volume":2000,"label":"X","price":3.88},{"type":"B","date":"2018-05-02T05:57:07.000Z","volume":2000,"label":" ","price":3.88},{"type":"A","date":"2018-05-02T05:57:52.000Z","volume":2000,"label":" ","price":3.89},{"type":"U","date":"2018-05-02T05:58:15.000Z","volume":6000,"label":"X","price":3.89},{"type":"A","date":"2018-05-02T05:58:15.000Z","volume":36000,"label":" ","price":3.89},{"type":"B","date":"2018-05-02T05:58:15.000Z","volume":2000,"label":" ","price":3.88},{"type":"A","date":"2018-05-02T05:58:56.000Z","volume":4000,"label":" ","price":3.89},{"type":"B","date":"2018-05-02T05:59:29.000Z","volume":110000,"label":" ","price":3.88},{"type":"B","date":"2018-05-02T05:59:29.000Z","volume":70000,"label":" ","price":3.88},{"type":"B","date":"2018-05-02T05:59:29.000Z","volume":8000,"label":" ","price":3.88},{"type":"B","date":"2018-05-02T05:59:29.000Z","volume":2000,"label":" ","price":3.87},{"type":"B","date":"2018-05-02T05:59:36.000Z","volume":10000,"label":" ","price":3.87},{"type":"U","date":"2018-05-02T06:00:01.000Z","volume":4000,"label":"X","price":3.87},{"type":"B","date":"2018-05-02T06:01:28.000Z","volume":2000,"label":"Y","price":3.88},{"type":"U","date":"2018-05-02T06:02:03.000Z","volume":2000,"label":"X","price":3.881},{"type":"U","date":"2018-05-02T06:05:04.000Z","volume":4000,"label":"X","price":3.88},{"type":"U","date":"2018-05-02T06:05:45.000Z","volume":6000,"label":"X","price":3.88},{"type":"A","date":"2018-05-02T06:07:04.000Z","volume":2000,"label":" ","price":3.89},{"type":"B","date":"2018-05-02T06:07:49.000Z","volume":6000,"label":" ","price":3.88},{"type":"U","date":"2018-05-02T06:07:49.000Z","volume":6000,"label":"X","price":3.88},{"type":"A","date":"2018-05-02T06:08:06.000Z","volume":2000,"label":" ","price":3.89},{"type":"A","date":"2018-05-02T06:09:07.000Z","volume":4000,"label":" ","price":3.89},{"type":"U","date":"2018-05-02T06:09:45.000Z","volume":2000,"label":"X","price":3.885},{"type":"A","date":"2018-05-02T06:10:44.000Z","volume":2000,"label":" ","price":3.89},{"type":"U","date":"2018-05-02T06:10:44.000Z","volume":4000,"label":"X","price":3.88},{"type":"B","date":"2018-05-02T06:11:14.000Z","volume":24000,"label":"Y","price":3.88},{"type":"B","date":"2018-05-02T06:11:14.000Z","volume":166000,"label":" ","price":3.88},{"type":"B","date":"2018-05-02T06:11:14.000Z","volume":4000,"label":" ","price":3.88},{"type":"B","date":"2018-05-02T06:11:23.000Z","volume":10000,"label":" ","price":3.88},{"type":"A","date":"2018-05-02T06:11:25.000Z","volume":2000,"label":" ","price":3.89},{"type":"U","date":"2018-05-02T06:12:03.000Z","volume":2000,"label":"X","price":3.881},{"type":"A","date":"2018-05-02T06:12:20.000Z","volume":12000,"label":" ","price":3.89},{"type":"U","date":"2018-05-02T06:13:16.000Z","volume":2000,"label":"X","price":3.88},{"type":"U","date":"2018-05-02T06:16:01.000Z","volume":6000,"label":"X","price":3.88},{"type":"U","date":"2018-05-02T06:17:03.000Z","volume":2000,"label":"X","price":3.89},{"type":"B","date":"2018-05-02T06:18:31.000Z","volume":2000,"label":" ","price":3.88},{"type":"A","date":"2018-05-02T06:19:06.000Z","volume":2000,"label":" ","price":3.89},{"type":"A","date":"2018-05-02T06:19:06.000Z","volume":16000,"label":" ","price":3.89},{"type":"A","date":"2018-05-02T06:19:06.000Z","volume":4000,"label":" ","price":3.89},{"type":"A","date":"2018-05-02T06:19:08.000Z","volume":4000,"label":" ","price":3.89},{"type":"A","date":"2018-05-02T06:20:03.000Z","volume":4000,"label":" ","price":3.89},{"type":"A","date":"2018-05-02T06:21:00.000Z","volume":4000,"label":" ","price":3.89},{"type":"A","date":"2018-05-02T06:21:05.000Z","volume":4000,"label":" ","price":3.89},{"type":"B","date":"2018-05-02T06:21:05.000Z","volume":6000,"label":" ","price":3.88},{"type":"A","date":"2018-05-02T06:23:12.000Z","volume":4000,"label":" ","price":3.89},{"type":"U","date":"2018-05-02T06:23:45.000Z","volume":10000,"label":"X","price":3.89},{"type":"B","date":"2018-05-02T06:24:02.000Z","volume":6000,"label":" ","price":3.88},{"type":"A","date":"2018-05-02T06:25:28.000Z","volume":4000,"label":" ","price":3.89},{"type":"A","date":"2018-05-02T06:25:30.000Z","volume":4000,"label":" ","price":3.89},{"type":"A","date":"2018-05-02T06:25:58.000Z","volume":4000,"label":" ","price":3.89},{"type":"B","date":"2018-05-02T06:26:01.000Z","volume":8000,"label":" ","price":3.88},{"type":"U","date":"2018-05-02T06:26:15.000Z","volume":2000,"label":"X","price":3.89},{"type":"A","date":"2018-05-02T06:26:26.000Z","volume":2000,"label":" ","price":3.89},{"type":"U","date":"2018-05-02T06:26:31.000Z","volume":4000,"label":"X","price":3.88},{"type":"U","date":"2018-05-02T06:27:03.000Z","volume":2000,"label":"X","price":3.887},{"type":"B","date":"2018-05-02T06:27:36.000Z","volume":2000,"label":" ","price":3.88},{"type":"A","date":"2018-05-02T06:28:22.000Z","volume":4000,"label":" ","price":3.89},{"type":"A","date":"2018-05-02T06:28:22.000Z","volume":4000,"label":"Y","price":3.89},{"type":"A","date":"2018-05-02T06:28:22.000Z","volume":178000,"label":" ","price":3.89},{"type":"A","date":"2018-05-02T06:28:22.000Z","volume":58000,"label":" ","price":3.89},{"type":"A","date":"2018-05-02T06:28:22.000Z","volume":4000,"label":" ","price":3.9},{"type":"B","date":"2018-05-02T06:28:22.000Z","volume":114000,"label":" ","price":3.89},{"type":"B","date":"2018-05-02T06:28:22.000Z","volume":6000,"label":" ","price":3.89},{"type":"B","date":"2018-05-02T06:28:22.000Z","volume":58000,"label":" ","price":3.89},{"type":"A","date":"2018-05-02T06:28:23.000Z","volume":10000,"label":" ","price":3.89},{"type":"A","date":"2018-05-02T06:28:23.000Z","volume":52000,"label":" ","price":3.89},{"type":"B","date":"2018-05-02T06:28:31.000Z","volume":6000,"label":" ","price":3.88},{"type":"A","date":"2018-05-02T06:28:49.000Z","volume":10000,"label":" ","price":3.89},{"type":"A","date":"2018-05-02T06:30:19.000Z","volume":4000,"label":" ","price":3.89},{"type":"A","date":"2018-05-02T06:30:21.000Z","volume":2000,"label":" ","price":3.89},{"type":"A","date":"2018-05-02T06:30:31.000Z","volume":4000,"label":" ","price":3.89},{"type":"A","date":"2018-05-02T06:31:11.000Z","volume":12000,"label":" ","price":3.89},{"type":"A","date":"2018-05-02T06:31:11.000Z","volume":2000,"label":" ","price":3.89},{"type":"B","date":"2018-05-02T06:31:11.000Z","volume":2000,"label":" ","price":3.88},{"type":"A","date":"2018-05-02T06:32:12.000Z","volume":32000,"label":" ","price":3.89},{"type":"B","date":"2018-05-02T06:32:15.000Z","volume":2000,"label":" ","price":3.88},{"type":"A","date":"2018-05-02T06:33:05.000Z","volume":2000,"label":" ","price":3.89},{"type":"A","date":"2018-05-02T06:33:13.000Z","volume":4000,"label":" ","price":3.89},{"type":"A","date":"2018-05-02T06:33:33.000Z","volume":12000,"label":" ","price":3.89},{"type":"A","date":"2018-05-02T06:33:39.000Z","volume":2000,"label":" ","price":3.89},{"type":"A","date":"2018-05-02T06:33:39.000Z","volume":12000,"label":" ","price":3.89},{"type":"B","date":"2018-05-02T06:33:40.000Z","volume":2000,"label":" ","price":3.88},{"type":"A","date":"2018-05-02T06:33:57.000Z","volume":6000,"label":" ","price":3.89},{"type":"A","date":"2018-05-02T06:34:14.000Z","volume":2000,"label":" ","price":3.89},{"type":"U","date":"2018-05-02T06:34:14.000Z","volume":2000,"label":"X","price":3.88},{"type":"A","date":"2018-05-02T06:34:15.000Z","volume":2000,"label":" ","price":3.89},{"type":"A","date":"2018-05-02T06:34:15.000Z","volume":26000,"label":" ","price":3.89},{"type":"A","date":"2018-05-02T06:34:15.000Z","volume":20000,"label":" ","price":3.89},{"type":"B","date":"2018-05-02T06:34:15.000Z","volume":2000,"label":" ","price":3.89},{"type":"B","date":"2018-05-02T06:34:15.000Z","volume":18000,"label":" ","price":3.89},{"type":"A","date":"2018-05-02T06:34:15.000Z","volume":30000,"label":" ","price":3.89},{"type":"A","date":"2018-05-02T06:34:31.000Z","volume":2000,"label":" ","price":3.89},{"type":"A","date":"2018-05-02T06:34:33.000Z","volume":2000,"label":" ","price":3.89},{"type":"A","date":"2018-05-02T06:34:41.000Z","volume":4000,"label":" ","price":3.89},{"type":"A","date":"2018-05-02T06:35:38.000Z","volume":34000,"label":"Y","price":3.89},{"type":"A","date":"2018-05-02T06:35:38.000Z","volume":4000,"label":" ","price":3.89},{"type":"A","date":"2018-05-02T06:35:39.000Z","volume":4000,"label":" ","price":3.89},{"type":"A","date":"2018-05-02T06:35:42.000Z","volume":24000,"label":" ","price":3.89},{"type":"A","date":"2018-05-02T06:35:55.000Z","volume":10000,"label":" ","price":3.89},{"type":"A","date":"2018-05-02T06:35:58.000Z","volume":6000,"label":" ","price":3.89},{"type":"A","date":"2018-05-02T06:36:02.000Z","volume":2000,"label":" ","price":3.89},{"type":"A","date":"2018-05-02T06:36:02.000Z","volume":2000,"label":" ","price":3.89},{"type":"A","date":"2018-05-02T06:36:03.000Z","volume":4000,"label":" ","price":3.89},{"type":"A","date":"2018-05-02T06:36:17.000Z","volume":2000,"label":" ","price":3.89},{"type":"B","date":"2018-05-02T06:36:35.000Z","volume":10000,"label":" ","price":3.88},{"type":"A","date":"2018-05-02T06:36:35.000Z","volume":2000,"label":" ","price":3.89},{"type":"U","date":"2018-05-02T06:37:03.000Z","volume":2000,"label":"X","price":3.89},{"type":"A","date":"2018-05-02T06:38:17.000Z","volume":10000,"label":" ","price":3.89},{"type":"A","date":"2018-05-02T06:38:32.000Z","volume":2000,"label":" ","price":3.89},{"type":"U","date":"2018-05-02T06:38:46.000Z","volume":4000,"label":"X","price":3.89},{"type":"A","date":"2018-05-02T06:38:48.000Z","volume":2000,"label":" ","price":3.89},{"type":"A","date":"2018-05-02T06:38:48.000Z","volume":2000,"label":" ","price":3.89},{"type":"A","date":"2018-05-02T06:39:04.000Z","volume":2000,"label":" ","price":3.89},{"type":"A","date":"2018-05-02T06:39:26.000Z","volume":10000,"label":" ","price":3.89},{"type":"A","date":"2018-05-02T06:39:27.000Z","volume":2000,"label":" ","price":3.89},{"type":"A","date":"2018-05-02T06:39:40.000Z","volume":20000,"label":" ","price":3.89},{"type":"U","date":"2018-05-02T06:39:43.000Z","volume":4000,"label":"X","price":3.88},{"type":"A","date":"2018-05-02T06:40:09.000Z","volume":8000,"label":" ","price":3.89},{"type":"A","date":"2018-05-02T06:40:09.000Z","volume":40000,"label":"Y","price":3.89},{"type":"A","date":"2018-05-02T06:40:09.000Z","volume":16000,"label":"Y","price":3.89},{"type":"A","date":"2018-05-02T06:40:09.000Z","volume":34000,"label":" ","price":3.89},{"type":"A","date":"2018-05-02T06:40:09.000Z","volume":4000,"label":" ","price":3.89},{"type":"A","date":"2018-05-02T06:40:10.000Z","volume":2000,"label":" ","price":3.89},{"type":"A","date":"2018-05-02T06:40:12.000Z","volume":14000,"label":"Y","price":3.89},{"type":"A","date":"2018-05-02T06:40:32.000Z","volume":6000,"label":" ","price":3.89},{"type":"A","date":"2018-05-02T06:40:39.000Z","volume":10000,"label":" ","price":3.89},{"type":"A","date":"2018-05-02T06:40:59.000Z","volume":2000,"label":" ","price":3.89},{"type":"A","date":"2018-05-02T06:41:12.000Z","volume":4000,"label":" ","price":3.89},{"type":"A","date":"2018-05-02T06:41:13.000Z","volume":2000,"label":" ","price":3.89},{"type":"A","date":"2018-05-02T06:41:20.000Z","volume":14000,"label":" ","price":3.89},{"type":"A","date":"2018-05-02T06:41:24.000Z","volume":4000,"label":" ","price":3.89},{"type":"A","date":"2018-05-02T06:41:24.000Z","volume":2000,"label":" ","price":3.89},{"type":"U","date":"2018-05-02T06:42:03.000Z","volume":2000,"label":"X","price":3.89},{"type":"A","date":"2018-05-02T06:42:19.000Z","volume":2000,"label":" ","price":3.89},{"type":"A","date":"2018-05-02T06:42:28.000Z","volume":2000,"label":" ","price":3.89},{"type":"U","date":"2018-05-02T06:42:32.000Z","volume":2000,"label":"X","price":3.88},{"type":"A","date":"2018-05-02T06:43:02.000Z","volume":2000,"label":" ","price":3.89},{"type":"A","date":"2018-05-02T06:43:13.000Z","volume":10000,"label":" ","price":3.89},{"type":"A","date":"2018-05-02T06:43:58.000Z","volume":12000,"label":" ","price":3.89},{"type":"A","date":"2018-05-02T06:44:02.000Z","volume":2000,"label":" ","price":3.89},{"type":"A","date":"2018-05-02T06:44:40.000Z","volume":2000,"label":" ","price":3.89},{"type":"U","date":"2018-05-02T06:45:08.000Z","volume":2000,"label":"X","price":3.88},{"type":"A","date":"2018-05-02T06:45:27.000Z","volume":8000,"label":"Y","price":3.89},{"type":"A","date":"2018-05-02T06:46:25.000Z","volume":2000,"label":" ","price":3.89},{"type":"A","date":"2018-05-02T06:46:32.000Z","volume":8000,"label":" ","price":3.89},{"type":"U","date":"2018-05-02T06:46:46.000Z","volume":4000,"label":"X","price":3.89},{"type":"A","date":"2018-05-02T06:46:49.000Z","volume":4000,"label":" ","price":3.89},{"type":"A","date":"2018-05-02T06:47:02.000Z","volume":2000,"label":" ","price":3.89},{"type":"A","date":"2018-05-02T06:47:16.000Z","volume":14000,"label":" ","price":3.89},{"type":"A","date":"2018-05-02T06:47:32.000Z","volume":2000,"label":" ","price":3.89},{"type":"A","date":"2018-05-02T06:48:07.000Z","volume":2000,"label":" ","price":3.89},{"type":"U","date":"2018-05-02T06:48:07.000Z","volume":6000,"label":"X","price":3.88},{"type":"A","date":"2018-05-02T06:48:08.000Z","volume":4000,"label":" ","price":3.89},{"type":"A","date":"2018-05-02T06:48:09.000Z","volume":2000,"label":" ","price":3.89},{"type":"A","date":"2018-05-02T06:48:48.000Z","volume":2000,"label":" ","price":3.89},{"type":"A","date":"2018-05-02T06:48:58.000Z","volume":70000,"label":" ","price":3.89},{"type":"A","date":"2018-05-02T06:48:58.000Z","volume":4000,"label":" ","price":3.89},{"type":"A","date":"2018-05-02T06:48:58.000Z","volume":64000,"label":"Y","price":3.89},{"type":"A","date":"2018-05-02T06:48:59.000Z","volume":2000,"label":" ","price":3.89},{"type":"A","date":"2018-05-02T06:49:00.000Z","volume":16000,"label":" ","price":3.89},{"type":"A","date":"2018-05-02T06:49:04.000Z","volume":26000,"label":" ","price":3.89},{"type":"A","date":"2018-05-02T06:49:04.000Z","volume":34000,"label":"Y","price":3.89},{"type":"A","date":"2018-05-02T06:49:04.000Z","volume":30000,"label":" ","price":3.89},{"type":"A","date":"2018-05-02T06:49:04.000Z","volume":4000,"label":" ","price":3.89},{"type":"A","date":"2018-05-02T06:49:05.000Z","volume":2000,"label":" ","price":3.89},{"type":"A","date":"2018-05-02T06:49:08.000Z","volume":10000,"label":" ","price":3.89},{"type":"A","date":"2018-05-02T06:49:08.000Z","volume":6000,"label":" ","price":3.89},{"type":"A","date":"2018-05-02T06:49:09.000Z","volume":8000,"label":" ","price":3.89},{"type":"A","date":"2018-05-02T06:49:10.000Z","volume":2000,"label":" ","price":3.89},{"type":"A","date":"2018-05-02T06:49:11.000Z","volume":2000,"label":" ","price":3.89},{"type":"A","date":"2018-05-02T06:49:16.000Z","volume":26000,"label":" ","price":3.89},{"type":"A","date":"2018-05-02T06:49:16.000Z","volume":8000,"label":" ","price":3.89},{"type":"U","date":"2018-05-02T06:49:16.000Z","volume":2000,"label":"Y","price":3.89},{"type":"A","date":"2018-05-02T06:49:17.000Z","volume":2000,"label":" ","price":3.9},{"type":"B","date":"2018-05-02T06:49:21.000Z","volume":30000,"label":" ","price":3.89},{"type":"A","date":"2018-05-02T06:49:51.000Z","volume":8000,"label":" ","price":3.9},{"type":"A","date":"2018-05-02T06:49:51.000Z","volume":26000,"label":" ","price":3.9},{"type":"A","date":"2018-05-02T06:49:52.000Z","volume":4000,"label":" ","price":3.9},{"type":"A","date":"2018-05-02T06:49:52.000Z","volume":10000,"label":" ","price":3.9},{"type":"A","date":"2018-05-02T06:49:53.000Z","volume":2000,"label":" ","price":3.9},{"type":"A","date":"2018-05-02T06:49:54.000Z","volume":2000,"label":" ","price":3.9},{"type":"A","date":"2018-05-02T06:50:07.000Z","volume":8000,"label":" ","price":3.9},{"type":"A","date":"2018-05-02T06:50:07.000Z","volume":2000,"label":" ","price":3.9},{"type":"A","date":"2018-05-02T06:50:08.000Z","volume":4000,"label":" ","price":3.9},{"type":"A","date":"2018-05-02T06:50:09.000Z","volume":2000,"label":" ","price":3.9},{"type":"U","date":"2018-05-02T06:50:33.000Z","volume":8000,"label":"X","price":3.9},{"type":"U","date":"2018-05-02T06:52:02.000Z","volume":2000,"label":"X","price":3.9},{"type":"U","date":"2018-05-02T06:52:03.000Z","volume":2000,"label":"X","price":3.891},{"type":"B","date":"2018-05-02T06:52:35.000Z","volume":2000,"label":" ","price":3.89},{"type":"A","date":"2018-05-02T06:53:06.000Z","volume":4000,"label":"Y","price":3.9},{"type":"A","date":"2018-05-02T06:53:07.000Z","volume":2000,"label":" ","price":3.9},{"type":"A","date":"2018-05-02T06:53:07.000Z","volume":2000,"label":" ","price":3.9},{"type":"A","date":"2018-05-02T06:53:10.000Z","volume":10000,"label":" ","price":3.9},{"type":"A","date":"2018-05-02T06:53:14.000Z","volume":4000,"label":" ","price":3.9},{"type":"A","date":"2018-05-02T06:53:14.000Z","volume":2000,"label":" ","price":3.9},{"type":"A","date":"2018-05-02T06:53:26.000Z","volume":12000,"label":" ","price":3.9},{"type":"A","date":"2018-05-02T06:54:00.000Z","volume":2000,"label":"Y","price":3.9},{"type":"B","date":"2018-05-02T06:54:53.000Z","volume":30000,"label":" ","price":3.89},{"type":"A","date":"2018-05-02T06:55:29.000Z","volume":2000,"label":" ","price":3.9},{"type":"A","date":"2018-05-02T06:55:29.000Z","volume":4000,"label":" ","price":3.9},{"type":"A","date":"2018-05-02T06:55:30.000Z","volume":2000,"label":" ","price":3.9},{"type":"A","date":"2018-05-02T06:55:31.000Z","volume":2000,"label":" ","price":3.9},{"type":"A","date":"2018-05-02T06:55:32.000Z","volume":2000,"label":" ","price":3.9},{"type":"A","date":"2018-05-02T06:55:33.000Z","volume":4000,"label":" ","price":3.9},{"type":"A","date":"2018-05-02T06:55:35.000Z","volume":4000,"label":" ","price":3.9},{"type":"A","date":"2018-05-02T06:56:00.000Z","volume":10000,"label":" ","price":3.9},{"type":"U","date":"2018-05-02T06:56:02.000Z","volume":4000,"label":"X","price":3.89},{"type":"A","date":"2018-05-02T06:56:05.000Z","volume":2000,"label":" ","price":3.9},{"type":"A","date":"2018-05-02T06:56:16.000Z","volume":10000,"label":" ","price":3.9},{"type":"A","date":"2018-05-02T06:56:31.000Z","volume":2000,"label":" ","price":3.9},{"type":"A","date":"2018-05-02T06:56:32.000Z","volume":2000,"label":" ","price":3.9},{"type":"A","date":"2018-05-02T06:56:34.000Z","volume":2000,"label":" ","price":3.9},{"type":"U","date":"2018-05-02T06:57:03.000Z","volume":2000,"label":"X","price":3.897},{"type":"A","date":"2018-05-02T06:57:22.000Z","volume":2000,"label":" ","price":3.9},{"type":"A","date":"2018-05-02T06:58:03.000Z","volume":2000,"label":" ","price":3.9},{"type":"A","date":"2018-05-02T06:58:32.000Z","volume":4000,"label":" ","price":3.9},{"type":"A","date":"2018-05-02T06:59:06.000Z","volume":10000,"label":" ","price":3.9},{"type":"U","date":"2018-05-02T06:59:07.000Z","volume":2000,"label":"X","price":3.89},{"type":"B","date":"2018-05-02T06:59:07.000Z","volume":6000,"label":" ","price":3.89},{"type":"A","date":"2018-05-02T06:59:07.000Z","volume":2000,"label":" ","price":3.9},{"type":"A","date":"2018-05-02T06:59:12.000Z","volume":2000,"label":" ","price":3.9},{"type":"A","date":"2018-05-02T06:59:19.000Z","volume":8000,"label":" ","price":3.9},{"type":"A","date":"2018-05-02T06:59:39.000Z","volume":4000,"label":" ","price":3.9},{"type":"B","date":"2018-05-02T06:59:47.000Z","volume":10000,"label":" ","price":3.89},{"type":"B","date":"2018-05-02T07:00:28.000Z","volume":4000,"label":"Y","price":3.89},{"type":"B","date":"2018-05-02T07:00:28.000Z","volume":110000,"label":" ","price":3.89},{"type":"B","date":"2018-05-02T07:00:28.000Z","volume":106000,"label":" ","price":3.89},{"type":"U","date":"2018-05-02T07:00:28.000Z","volume":2000,"label":" ","price":3.89},{"type":"A","date":"2018-05-02T07:00:29.000Z","volume":2000,"label":" ","price":3.9},{"type":"B","date":"2018-05-02T07:00:38.000Z","volume":14000,"label":" ","price":3.88},{"type":"U","date":"2018-05-02T07:01:47.000Z","volume":6000,"label":"X","price":3.89},{"type":"U","date":"2018-05-02T07:02:43.000Z","volume":892027,"label":"X","price":3.895},{"type":"B","date":"2018-05-02T07:04:22.000Z","volume":6000,"label":" ","price":3.89},{"type":"B","date":"2018-05-02T07:04:49.000Z","volume":8000,"label":" ","price":3.89},{"type":"B","date":"2018-05-02T07:04:49.000Z","volume":2000,"label":" ","price":3.89},{"type":"A","date":"2018-05-02T07:06:54.000Z","volume":12000,"label":" ","price":3.9},{"type":"U","date":"2018-05-02T07:07:03.000Z","volume":2000,"label":"X","price":3.891},{"type":"B","date":"2018-05-02T07:07:28.000Z","volume":6000,"label":" ","price":3.89},{"type":"A","date":"2018-05-02T07:09:01.000Z","volume":4000,"label":" ","price":3.9},{"type":"A","date":"2018-05-02T07:09:08.000Z","volume":10000,"label":" ","price":3.9},{"type":"B","date":"2018-05-02T07:09:08.000Z","volume":2000,"label":" ","price":3.89},{"type":"U","date":"2018-05-02T07:09:16.000Z","volume":2000,"label":"X","price":3.9},{"type":"B","date":"2018-05-02T07:10:19.000Z","volume":6000,"label":" ","price":3.89},{"type":"A","date":"2018-05-02T07:10:23.000Z","volume":4000,"label":" ","price":3.9},{"type":"A","date":"2018-05-02T07:11:23.000Z","volume":4000,"label":" ","price":3.9},{"type":"A","date":"2018-05-02T07:11:28.000Z","volume":2000,"label":" ","price":3.9},{"type":"A","date":"2018-05-02T07:11:30.000Z","volume":8000,"label":" ","price":3.9},{"type":"A","date":"2018-05-02T07:11:31.000Z","volume":2000,"label":" ","price":3.9},{"type":"A","date":"2018-05-02T07:11:31.000Z","volume":6000,"label":" ","price":3.9},{"type":"B","date":"2018-05-02T07:11:32.000Z","volume":4000,"label":" ","price":3.89},{"type":"U","date":"2018-05-02T07:11:46.000Z","volume":4000,"label":"X","price":3.9},{"type":"B","date":"2018-05-02T07:11:57.000Z","volume":2000,"label":"Y","price":3.89},{"type":"A","date":"2018-05-02T07:11:57.000Z","volume":18000,"label":" ","price":3.9},{"type":"B","date":"2018-05-02T07:11:57.000Z","volume":6000,"label":" ","price":3.89},{"type":"B","date":"2018-05-02T07:11:57.000Z","volume":2000,"label":" ","price":3.89},{"type":"A","date":"2018-05-02T07:11:59.000Z","volume":2000,"label":" ","price":3.9},{"type":"U","date":"2018-05-02T07:12:03.000Z","volume":2000,"label":"X","price":3.897},{"type":"A","date":"2018-05-02T07:12:20.000Z","volume":2000,"label":" ","price":3.9},{"type":"A","date":"2018-05-02T07:12:22.000Z","volume":2000,"label":" ","price":3.9},{"type":"B","date":"2018-05-02T07:13:03.000Z","volume":6000,"label":" ","price":3.89},{"type":"A","date":"2018-05-02T07:13:18.000Z","volume":2000,"label":" ","price":3.9},{"type":"A","date":"2018-05-02T07:14:20.000Z","volume":6000,"label":" ","price":3.9},{"type":"A","date":"2018-05-02T07:14:21.000Z","volume":2000,"label":" ","price":3.9},{"type":"A","date":"2018-05-02T07:14:21.000Z","volume":2000,"label":" ","price":3.9},{"type":"A","date":"2018-05-02T07:14:42.000Z","volume":10000,"label":" ","price":3.9},{"type":"B","date":"2018-05-02T07:14:42.000Z","volume":2000,"label":" ","price":3.89},{"type":"A","date":"2018-05-02T07:14:42.000Z","volume":28000,"label":" ","price":3.9},{"type":"U","date":"2018-05-02T07:14:46.000Z","volume":4000,"label":"X","price":3.9},{"type":"B","date":"2018-05-02T07:14:50.000Z","volume":2000,"label":" ","price":3.89},{"type":"A","date":"2018-05-02T07:15:25.000Z","volume":2000,"label":" ","price":3.9},{"type":"B","date":"2018-05-02T07:15:43.000Z","volume":2000,"label":" ","price":3.89},{"type":"B","date":"2018-05-02T07:16:00.000Z","volume":6000,"label":" ","price":3.89},{"type":"A","date":"2018-05-02T07:16:16.000Z","volume":10000,"label":" ","price":3.9},{"type":"A","date":"2018-05-02T07:17:04.000Z","volume":12000,"label":" ","price":3.9},{"type":"B","date":"2018-05-02T07:17:04.000Z","volume":2000,"label":" ","price":3.89},{"type":"A","date":"2018-05-02T07:17:05.000Z","volume":2000,"label":" ","price":3.9},{"type":"A","date":"2018-05-02T07:17:11.000Z","volume":12000,"label":" ","price":3.9},{"type":"A","date":"2018-05-02T07:17:14.000Z","volume":10000,"label":" ","price":3.9},{"type":"A","date":"2018-05-02T07:18:00.000Z","volume":4000,"label":" ","price":3.9},{"type":"A","date":"2018-05-02T07:18:01.000Z","volume":4000,"label":" ","price":3.9},{"type":"B","date":"2018-05-02T07:18:27.000Z","volume":4000,"label":"Y","price":3.89},{"type":"B","date":"2018-05-02T07:18:27.000Z","volume":2000,"label":" ","price":3.89},{"type":"B","date":"2018-05-02T07:18:59.000Z","volume":8000,"label":"Y","price":3.89},{"type":"B","date":"2018-05-02T07:18:59.000Z","volume":2000,"label":" ","price":3.89},{"type":"A","date":"2018-05-02T07:18:59.000Z","volume":88000,"label":" ","price":3.9},{"type":"A","date":"2018-05-02T07:18:59.000Z","volume":2000,"label":" ","price":3.9},{"type":"A","date":"2018-05-02T07:19:00.000Z","volume":2000,"label":" ","price":3.9},{"type":"A","date":"2018-05-02T07:19:01.000Z","volume":2000,"label":" ","price":3.9},{"type":"A","date":"2018-05-02T07:19:01.000Z","volume":2000,"label":"Y","price":3.9},{"type":"A","date":"2018-05-02T07:19:01.000Z","volume":20000,"label":" ","price":3.9},{"type":"A","date":"2018-05-02T07:19:02.000Z","volume":2000,"label":" ","price":3.91},{"type":"A","date":"2018-05-02T07:19:02.000Z","volume":2000,"label":" ","price":3.91},{"type":"A","date":"2018-05-02T07:19:26.000Z","volume":14000,"label":" ","price":3.91},{"type":"A","date":"2018-05-02T07:20:01.000Z","volume":10000,"label":" ","price":3.91},{"type":"A","date":"2018-05-02T07:20:02.000Z","volume":2000,"label":" ","price":3.91},{"type":"A","date":"2018-05-02T07:20:02.000Z","volume":28000,"label":" ","price":3.91},{"type":"A","date":"2018-05-02T07:20:03.000Z","volume":4000,"label":" ","price":3.91},{"type":"A","date":"2018-05-02T07:20:13.000Z","volume":4000,"label":" ","price":3.91},{"type":"U","date":"2018-05-02T07:22:03.000Z","volume":2000,"label":"X","price":3.901},{"type":"A","date":"2018-05-02T07:22:32.000Z","volume":10000,"label":" ","price":3.91},{"type":"A","date":"2018-05-02T07:22:54.000Z","volume":4000,"label":" ","price":3.91},{"type":"A","date":"2018-05-02T07:23:20.000Z","volume":14000,"label":" ","price":3.91},{"type":"A","date":"2018-05-02T07:23:21.000Z","volume":2000,"label":" ","price":3.91},{"type":"A","date":"2018-05-02T07:23:21.000Z","volume":2000,"label":" ","price":3.91},{"type":"U","date":"2018-05-02T07:23:29.000Z","volume":6000,"label":"X","price":3.91},{"type":"A","date":"2018-05-02T07:23:43.000Z","volume":2000,"label":" ","price":3.91},{"type":"U","date":"2018-05-02T07:23:50.000Z","volume":2000,"label":"X","price":3.91},{"type":"A","date":"2018-05-02T07:23:54.000Z","volume":2000,"label":" ","price":3.91},{"type":"U","date":"2018-05-02T07:24:50.000Z","volume":2000,"label":"X","price":3.91},{"type":"U","date":"2018-05-02T07:24:50.000Z","volume":2000,"label":"X","price":3.91},{"type":"A","date":"2018-05-02T07:24:54.000Z","volume":2000,"label":" ","price":3.91},{"type":"U","date":"2018-05-02T07:25:34.000Z","volume":2000,"label":"X","price":3.91},{"type":"A","date":"2018-05-02T07:25:42.000Z","volume":4000,"label":" ","price":3.91},{"type":"A","date":"2018-05-02T07:26:46.000Z","volume":4000,"label":" ","price":3.91},{"type":"A","date":"2018-05-02T07:26:48.000Z","volume":2000,"label":" ","price":3.91},{"type":"B","date":"2018-05-02T07:26:59.000Z","volume":2000,"label":" ","price":3.9},{"type":"A","date":"2018-05-02T07:27:00.000Z","volume":8000,"label":" ","price":3.91},{"type":"U","date":"2018-05-02T07:27:03.000Z","volume":2000,"label":"X","price":3.91},{"type":"U","date":"2018-05-02T07:27:03.000Z","volume":2000,"label":"X","price":3.91},{"type":"U","date":"2018-05-02T07:27:17.000Z","volume":4000,"label":"X","price":3.91},{"type":"B","date":"2018-05-02T07:29:09.000Z","volume":20000,"label":" ","price":3.9},{"type":"A","date":"2018-05-02T07:29:12.000Z","volume":10000,"label":" ","price":3.91},{"type":"A","date":"2018-05-02T07:29:15.000Z","volume":12000,"label":" ","price":3.91},{"type":"A","date":"2018-05-02T07:29:16.000Z","volume":2000,"label":" ","price":3.91},{"type":"A","date":"2018-05-02T07:29:22.000Z","volume":14000,"label":" ","price":3.91},{"type":"A","date":"2018-05-02T07:29:22.000Z","volume":10000,"label":" ","price":3.91},{"type":"A","date":"2018-05-02T07:29:22.000Z","volume":10000,"label":" ","price":3.91},{"type":"A","date":"2018-05-02T07:29:23.000Z","volume":2000,"label":" ","price":3.91},{"type":"A","date":"2018-05-02T07:29:29.000Z","volume":12000,"label":" ","price":3.91},{"type":"A","date":"2018-05-02T07:29:29.000Z","volume":10000,"label":" ","price":3.91},{"type":"A","date":"2018-05-02T07:29:30.000Z","volume":2000,"label":" ","price":3.91},{"type":"A","date":"2018-05-02T07:30:01.000Z","volume":2000,"label":" ","price":3.91},{"type":"B","date":"2018-05-02T07:30:01.000Z","volume":8000,"label":" ","price":3.9},{"type":"A","date":"2018-05-02T07:30:36.000Z","volume":2000,"label":" ","price":3.91},{"type":"U","date":"2018-05-02T07:31:34.000Z","volume":2000,"label":"X","price":3.91},{"type":"A","date":"2018-05-02T07:32:30.000Z","volume":4000,"label":" ","price":3.91},{"type":"B","date":"2018-05-02T07:33:00.000Z","volume":8000,"label":" ","price":3.9},{"type":"B","date":"2018-05-02T07:33:09.000Z","volume":4000,"label":" ","price":3.9},{"type":"U","date":"2018-05-02T07:33:30.000Z","volume":4000,"label":"X","price":3.91},{"type":"U","date":"2018-05-02T07:33:30.000Z","volume":2000,"label":"X","price":3.91},{"type":"B","date":"2018-05-02T07:34:01.000Z","volume":10000,"label":" ","price":3.9},{"type":"B","date":"2018-05-02T07:34:03.000Z","volume":6000,"label":" ","price":3.9},{"type":"A","date":"2018-05-02T07:34:29.000Z","volume":4000,"label":" ","price":3.91},{"type":"A","date":"2018-05-02T07:35:20.000Z","volume":2000,"label":" ","price":3.91},{"type":"B","date":"2018-05-02T07:35:31.000Z","volume":10000,"label":" ","price":3.9},{"type":"A","date":"2018-05-02T07:35:39.000Z","volume":4000,"label":" ","price":3.91},{"type":"A","date":"2018-05-02T07:36:43.000Z","volume":2000,"label":" ","price":3.91},{"type":"A","date":"2018-05-02T07:36:52.000Z","volume":4000,"label":" ","price":3.91},{"type":"A","date":"2018-05-02T07:36:52.000Z","volume":2000,"label":" ","price":3.91},{"type":"B","date":"2018-05-02T07:37:01.000Z","volume":20000,"label":" ","price":3.9},{"type":"B","date":"2018-05-02T07:37:01.000Z","volume":6000,"label":" ","price":3.9},{"type":"U","date":"2018-05-02T07:37:03.000Z","volume":2000,"label":"X","price":3.905},{"type":"A","date":"2018-05-02T07:37:33.000Z","volume":2000,"label":" ","price":3.91},{"type":"A","date":"2018-05-02T07:37:36.000Z","volume":14000,"label":" ","price":3.91},{"type":"A","date":"2018-05-02T07:37:39.000Z","volume":4000,"label":" ","price":3.91},{"type":"B","date":"2018-05-02T07:37:51.000Z","volume":2000,"label":" ","price":3.9},{"type":"B","date":"2018-05-02T07:38:34.000Z","volume":2000,"label":"Y","price":3.9},{"type":"B","date":"2018-05-02T07:38:34.000Z","volume":6000,"label":" ","price":3.9},{"type":"B","date":"2018-05-02T07:38:34.000Z","volume":2000,"label":" ","price":3.9},{"type":"B","date":"2018-05-02T07:38:36.000Z","volume":6000,"label":" ","price":3.9},{"type":"A","date":"2018-05-02T07:38:51.000Z","volume":2000,"label":" ","price":3.91},{"type":"A","date":"2018-05-02T07:39:11.000Z","volume":2000,"label":" ","price":3.91},{"type":"A","date":"2018-05-02T07:39:24.000Z","volume":4000,"label":" ","price":3.91},{"type":"B","date":"2018-05-02T07:40:18.000Z","volume":4000,"label":" ","price":3.9},{"type":"A","date":"2018-05-02T07:40:21.000Z","volume":2000,"label":" ","price":3.91},{"type":"U","date":"2018-05-02T07:40:30.000Z","volume":2000,"label":"X","price":3.91},{"type":"A","date":"2018-05-02T07:40:30.000Z","volume":4000,"label":" ","price":3.91},{"type":"B","date":"2018-05-02T07:40:31.000Z","volume":2000,"label":" ","price":3.9},{"type":"A","date":"2018-05-02T07:40:31.000Z","volume":2000,"label":" ","price":3.91},{"type":"A","date":"2018-05-02T07:40:32.000Z","volume":4000,"label":" ","price":3.91},{"type":"A","date":"2018-05-02T07:41:02.000Z","volume":2000,"label":" ","price":3.91},{"type":"A","date":"2018-05-02T07:41:25.000Z","volume":4000,"label":" ","price":3.91},{"type":"B","date":"2018-05-02T07:41:25.000Z","volume":6000,"label":" ","price":3.9},{"type":"B","date":"2018-05-02T07:41:25.000Z","volume":10000,"label":" ","price":3.9},{"type":"B","date":"2018-05-02T07:41:25.000Z","volume":2000,"label":" ","price":3.9},{"type":"B","date":"2018-05-02T07:41:49.000Z","volume":30000,"label":" ","price":3.9},{"type":"B","date":"2018-05-02T07:41:49.000Z","volume":4000,"label":" ","price":3.9},{"type":"B","date":"2018-05-02T07:41:49.000Z","volume":2000,"label":" ","price":3.9},{"type":"A","date":"2018-05-02T07:41:50.000Z","volume":2000,"label":" ","price":3.91},{"type":"A","date":"2018-05-02T07:42:26.000Z","volume":4000,"label":" ","price":3.91},{"type":"A","date":"2018-05-02T07:42:39.000Z","volume":36000,"label":" ","price":3.91},{"type":"B","date":"2018-05-02T07:42:39.000Z","volume":4000,"label":" ","price":3.9},{"type":"A","date":"2018-05-02T07:42:40.000Z","volume":2000,"label":" ","price":3.91},{"type":"A","date":"2018-05-02T07:43:06.000Z","volume":2000,"label":" ","price":3.91},{"type":"B","date":"2018-05-02T07:43:07.000Z","volume":4000,"label":" ","price":3.9},{"type":"B","date":"2018-05-02T07:43:08.000Z","volume":2000,"label":" ","price":3.9},{"type":"A","date":"2018-05-02T07:44:04.000Z","volume":2000,"label":" ","price":3.91},{"type":"B","date":"2018-05-02T07:44:04.000Z","volume":10000,"label":" ","price":3.9},{"type":"B","date":"2018-05-02T07:44:27.000Z","volume":6000,"label":" ","price":3.9},{"type":"B","date":"2018-05-02T07:44:27.000Z","volume":2000,"label":" ","price":3.9},{"type":"B","date":"2018-05-02T07:44:51.000Z","volume":2000,"label":" ","price":3.9},{"type":"A","date":"2018-05-02T07:45:19.000Z","volume":4000,"label":" ","price":3.91},{"type":"A","date":"2018-05-02T07:46:33.000Z","volume":16000,"label":" ","price":3.91},{"type":"A","date":"2018-05-02T07:46:38.000Z","volume":2000,"label":" ","price":3.91},{"type":"B","date":"2018-05-02T07:47:01.000Z","volume":12000,"label":" ","price":3.9},{"type":"B","date":"2018-05-02T07:47:01.000Z","volume":4000,"label":" ","price":3.9},{"type":"B","date":"2018-05-02T07:47:01.000Z","volume":2000,"label":" ","price":3.9},{"type":"A","date":"2018-05-02T07:47:02.000Z","volume":2000,"label":" ","price":3.91},{"type":"U","date":"2018-05-02T07:47:03.000Z","volume":2000,"label":"X","price":3.905},{"type":"A","date":"2018-05-02T07:48:04.000Z","volume":2000,"label":" ","price":3.91},{"type":"A","date":"2018-05-02T07:48:12.000Z","volume":2000,"label":" ","price":3.91},{"type":"B","date":"2018-05-02T07:48:21.000Z","volume":6000,"label":" ","price":3.9},{"type":"B","date":"2018-05-02T07:48:25.000Z","volume":6000,"label":" ","price":3.9},{"type":"U","date":"2018-05-02T07:49:04.000Z","volume":8000,"label":"X","price":3.91},{"type":"A","date":"2018-05-02T07:49:09.000Z","volume":10000,"label":" ","price":3.91},{"type":"A","date":"2018-05-02T07:49:09.000Z","volume":2000,"label":" ","price":3.91},{"type":"B","date":"2018-05-02T07:49:09.000Z","volume":2000,"label":" ","price":3.9},{"type":"A","date":"2018-05-02T07:49:53.000Z","volume":2000,"label":" ","price":3.91},{"type":"B","date":"2018-05-02T07:49:53.000Z","volume":10000,"label":" ","price":3.9},{"type":"B","date":"2018-05-02T07:49:57.000Z","volume":2000,"label":" ","price":3.9},{"type":"A","date":"2018-05-02T07:50:13.000Z","volume":2000,"label":" ","price":3.91},{"type":"B","date":"2018-05-02T07:50:21.000Z","volume":4000,"label":" ","price":3.9},{"type":"B","date":"2018-05-02T07:51:00.000Z","volume":2000,"label":" ","price":3.9},{"type":"B","date":"2018-05-02T07:51:10.000Z","volume":6000,"label":" ","price":3.9},{"type":"B","date":"2018-05-02T07:51:10.000Z","volume":2000,"label":" ","price":3.9},{"type":"A","date":"2018-05-02T07:51:11.000Z","volume":2000,"label":" ","price":3.91},{"type":"A","date":"2018-05-02T07:51:17.000Z","volume":6000,"label":" ","price":3.91},{"type":"A","date":"2018-05-02T07:51:27.000Z","volume":14000,"label":" ","price":3.91},{"type":"B","date":"2018-05-02T07:52:02.000Z","volume":34000,"label":" ","price":3.9},{"type":"B","date":"2018-05-02T07:52:03.000Z","volume":2000,"label":" ","price":3.9},{"type":"A","date":"2018-05-02T07:52:08.000Z","volume":34000,"label":" ","price":3.91},{"type":"A","date":"2018-05-02T07:52:08.000Z","volume":2000,"label":" ","price":3.91},{"type":"A","date":"2018-05-02T07:52:09.000Z","volume":2000,"label":" ","price":3.91},{"type":"B","date":"2018-05-02T07:52:10.000Z","volume":4000,"label":" ","price":3.9},{"type":"A","date":"2018-05-02T07:52:15.000Z","volume":4000,"label":" ","price":3.91},{"type":"A","date":"2018-05-02T07:52:21.000Z","volume":4000,"label":" ","price":3.91},{"type":"B","date":"2018-05-02T07:52:27.000Z","volume":2000,"label":" ","price":3.9},{"type":"B","date":"2018-05-02T07:52:28.000Z","volume":8000,"label":" ","price":3.9},{"type":"A","date":"2018-05-02T07:52:30.000Z","volume":20000,"label":" ","price":3.91},{"type":"A","date":"2018-05-02T07:52:31.000Z","volume":2000,"label":" ","price":3.91},{"type":"A","date":"2018-05-02T07:52:56.000Z","volume":16000,"label":" ","price":3.91},{"type":"A","date":"2018-05-02T07:52:56.000Z","volume":2000,"label":" ","price":3.91},{"type":"B","date":"2018-05-02T07:53:20.000Z","volume":2000,"label":"Y","price":3.9},{"type":"B","date":"2018-05-02T07:53:20.000Z","volume":4000,"label":" ","price":3.9},{"type":"A","date":"2018-05-02T07:53:21.000Z","volume":2000,"label":" ","price":3.91},{"type":"A","date":"2018-05-02T07:53:22.000Z","volume":2000,"label":" ","price":3.91},{"type":"A","date":"2018-05-02T07:53:23.000Z","volume":2000,"label":" ","price":3.91},{"type":"B","date":"2018-05-02T07:53:27.000Z","volume":2000,"label":" ","price":3.9},{"type":"B","date":"2018-05-02T07:53:45.000Z","volume":2000,"label":" ","price":3.9},{"type":"B","date":"2018-05-02T07:53:54.000Z","volume":12000,"label":" ","price":3.9},{"type":"A","date":"2018-05-02T07:54:10.000Z","volume":12000,"label":" ","price":3.91},{"type":"A","date":"2018-05-02T07:54:11.000Z","volume":2000,"label":" ","price":3.91},{"type":"A","date":"2018-05-02T07:54:25.000Z","volume":2000,"label":" ","price":3.91},{"type":"B","date":"2018-05-02T07:54:32.000Z","volume":2000,"label":"Y","price":3.9},{"type":"B","date":"2018-05-02T07:54:32.000Z","volume":8000,"label":" ","price":3.9},{"type":"A","date":"2018-05-02T07:54:47.000Z","volume":100000,"label":" ","price":3.91},{"type":"A","date":"2018-05-02T07:54:47.000Z","volume":2000,"label":" ","price":3.91},{"type":"B","date":"2018-05-02T07:54:57.000Z","volume":2000,"label":" ","price":3.9},{"type":"U","date":"2018-05-02T07:55:05.000Z","volume":2000,"label":"X","price":3.91},{"type":"B","date":"2018-05-02T07:55:33.000Z","volume":2000,"label":" ","price":3.9},{"type":"B","date":"2018-05-02T07:55:45.000Z","volume":2000,"label":"Y","price":3.9},{"type":"B","date":"2018-05-02T07:55:45.000Z","volume":2000,"label":" ","price":3.9},{"type":"A","date":"2018-05-02T07:55:48.000Z","volume":2000,"label":" ","price":3.91},{"type":"B","date":"2018-05-02T07:56:09.000Z","volume":4000,"label":" ","price":3.9},{"type":"A","date":"2018-05-02T07:56:09.000Z","volume":2000,"label":" ","price":3.91},{"type":"A","date":"2018-05-02T07:56:13.000Z","volume":2000,"label":" ","price":3.91},{"type":"A","date":"2018-05-02T07:56:20.000Z","volume":4000,"label":" ","price":3.91},{"type":"B","date":"2018-05-02T07:56:29.000Z","volume":2000,"label":" ","price":3.9},{"type":"B","date":"2018-05-02T07:56:39.000Z","volume":2000,"label":" ","price":3.9},{"type":"B","date":"2018-05-02T07:57:13.000Z","volume":2000,"label":" ","price":3.9},{"type":"A","date":"2018-05-02T07:57:25.000Z","volume":2000,"label":" ","price":3.91},{"type":"B","date":"2018-05-02T07:57:28.000Z","volume":2000,"label":" ","price":3.9},{"type":"A","date":"2018-05-02T07:57:29.000Z","volume":4000,"label":" ","price":3.91},{"type":"A","date":"2018-05-02T07:57:37.000Z","volume":6000,"label":"Y","price":3.91},{"type":"A","date":"2018-05-02T07:57:37.000Z","volume":106000,"label":" ","price":3.91},{"type":"A","date":"2018-05-02T07:57:38.000Z","volume":2000,"label":" ","price":3.91},{"type":"A","date":"2018-05-02T07:57:38.000Z","volume":2000,"label":" ","price":3.91},{"type":"B","date":"2018-05-02T07:57:46.000Z","volume":2000,"label":" ","price":3.9},{"type":"A","date":"2018-05-02T07:57:55.000Z","volume":2000,"label":" ","price":3.91},{"type":"A","date":"2018-05-02T07:57:55.000Z","volume":2000,"label":" ","price":3.91},{"type":"A","date":"2018-05-02T07:57:56.000Z","volume":4000,"label":" ","price":3.91},{"type":"A","date":"2018-05-02T07:57:57.000Z","volume":16000,"label":" ","price":3.91},{"type":"A","date":"2018-05-02T07:57:58.000Z","volume":4000,"label":" ","price":3.91},{"type":"A","date":"2018-05-02T07:58:13.000Z","volume":4000,"label":" ","price":3.91},{"type":"B","date":"2018-05-02T07:58:17.000Z","volume":2000,"label":" ","price":3.9},{"type":"A","date":"2018-05-02T07:58:18.000Z","volume":18000,"label":" ","price":3.91},{"type":"B","date":"2018-05-02T07:58:20.000Z","volume":4000,"label":" ","price":3.9},{"type":"A","date":"2018-05-02T07:58:28.000Z","volume":4000,"label":" ","price":3.91},{"type":"A","date":"2018-05-02T07:58:29.000Z","volume":2000,"label":" ","price":3.91},{"type":"A","date":"2018-05-02T07:58:33.000Z","volume":114000,"label":" ","price":3.91},{"type":"A","date":"2018-05-02T07:58:33.000Z","volume":2000,"label":" ","price":3.91},{"type":"A","date":"2018-05-02T07:58:33.000Z","volume":34000,"label":" ","price":3.91},{"type":"A","date":"2018-05-02T07:58:34.000Z","volume":4000,"label":" ","price":3.91},{"type":"A","date":"2018-05-02T07:58:34.000Z","volume":2000,"label":" ","price":3.91},{"type":"A","date":"2018-05-02T07:58:48.000Z","volume":4000,"label":" ","price":3.91},{"type":"A","date":"2018-05-02T07:58:48.000Z","volume":6000,"label":" ","price":3.91},{"type":"A","date":"2018-05-02T07:58:51.000Z","volume":2000,"label":" ","price":3.91},{"type":"B","date":"2018-05-02T07:58:53.000Z","volume":2000,"label":" ","price":3.9},{"type":"A","date":"2018-05-02T07:58:55.000Z","volume":6000,"label":" ","price":3.91},{"type":"A","date":"2018-05-02T07:58:57.000Z","volume":14000,"label":" ","price":3.91},{"type":"U","date":"2018-05-02T07:59:00.000Z","volume":2000,"label":"X","price":3.91},{"type":"U","date":"2018-05-02T07:59:01.000Z","volume":6000,"label":"X","price":3.91},{"type":"B","date":"2018-05-02T07:59:01.000Z","volume":2000,"label":"Y","price":3.9},{"type":"U","date":"2018-05-02T07:59:02.000Z","volume":2000,"label":"X","price":3.91},{"type":"A","date":"2018-05-02T07:59:03.000Z","volume":4000,"label":" ","price":3.91},{"type":"A","date":"2018-05-02T07:59:04.000Z","volume":2000,"label":" ","price":3.91},{"type":"U","date":"2018-05-02T07:59:05.000Z","volume":2000,"label":"X","price":3.91},{"type":"U","date":"2018-05-02T07:59:05.000Z","volume":2000,"label":"X","price":3.91},{"type":"B","date":"2018-05-02T07:59:10.000Z","volume":2000,"label":" ","price":3.9},{"type":"U","date":"2018-05-02T07:59:13.000Z","volume":2000,"label":"X","price":3.91},{"type":"U","date":"2018-05-02T07:59:13.000Z","volume":2000,"label":"X","price":3.91},{"type":"A","date":"2018-05-02T07:59:14.000Z","volume":2000,"label":" ","price":3.91},{"type":"U","date":"2018-05-02T07:59:17.000Z","volume":2000,"label":"X","price":3.91},{"type":"A","date":"2018-05-02T07:59:20.000Z","volume":4000,"label":" ","price":3.91},{"type":"A","date":"2018-05-02T07:59:20.000Z","volume":2000,"label":" ","price":3.91},{"type":"U","date":"2018-05-02T07:59:20.000Z","volume":2000,"label":"X","price":3.91},{"type":"U","date":"2018-05-02T07:59:21.000Z","volume":2000,"label":"X","price":3.91},{"type":"B","date":"2018-05-02T07:59:21.000Z","volume":2000,"label":" ","price":3.9},{"type":"U","date":"2018-05-02T07:59:21.000Z","volume":2000,"label":"X","price":3.91},{"type":"A","date":"2018-05-02T07:59:22.000Z","volume":36000,"label":" ","price":3.91},{"type":"A","date":"2018-05-02T07:59:22.000Z","volume":2000,"label":" ","price":3.91},{"type":"B","date":"2018-05-02T07:59:22.000Z","volume":4000,"label":" ","price":3.9},{"type":"U","date":"2018-05-02T07:59:25.000Z","volume":2000,"label":"X","price":3.905},{"type":"A","date":"2018-05-02T07:59:30.000Z","volume":8000,"label":" ","price":3.91},{"type":"B","date":"2018-05-02T07:59:30.000Z","volume":4000,"label":" ","price":3.9},{"type":"A","date":"2018-05-02T07:59:31.000Z","volume":2000,"label":" ","price":3.91},{"type":"B","date":"2018-05-02T07:59:32.000Z","volume":6000,"label":" ","price":3.9},{"type":"A","date":"2018-05-02T07:59:32.000Z","volume":8000,"label":" ","price":3.91},{"type":"B","date":"2018-05-02T07:59:32.000Z","volume":2000,"label":" ","price":3.9},{"type":"B","date":"2018-05-02T07:59:33.000Z","volume":4000,"label":" ","price":3.9},{"type":"A","date":"2018-05-02T07:59:34.000Z","volume":2000,"label":" ","price":3.91},{"type":"B","date":"2018-05-02T07:59:36.000Z","volume":2000,"label":" ","price":3.9},{"type":"A","date":"2018-05-02T07:59:39.000Z","volume":18000,"label":" ","price":3.91},{"type":"A","date":"2018-05-02T07:59:44.000Z","volume":2000,"label":" ","price":3.91},{"type":"A","date":"2018-05-02T07:59:47.000Z","volume":2000,"label":" ","price":3.91},{"type":"A","date":"2018-05-02T07:59:50.000Z","volume":2000,"label":" ","price":3.91},{"type":"B","date":"2018-05-02T07:59:50.000Z","volume":2000,"label":" ","price":3.9},{"type":"A","date":"2018-05-02T07:59:50.000Z","volume":4000,"label":" ","price":3.91},{"type":"A","date":"2018-05-02T07:59:52.000Z","volume":2000,"label":" ","price":3.91},{"type":"A","date":"2018-05-02T07:59:55.000Z","volume":2000,"label":" ","price":3.91},{"type":"A","date":"2018-05-02T07:59:56.000Z","volume":4000,"label":" ","price":3.91},{"type":"A","date":"2018-05-02T07:59:57.000Z","volume":2000,"label":" ","price":3.91},{"type":"A","date":"2018-05-02T07:59:57.000Z","volume":2000,"label":" ","price":3.91},{"type":"A","date":"2018-05-02T07:59:58.000Z","volume":2000,"label":" ","price":3.91},{"type":"A","date":"2018-05-02T07:59:59.000Z","volume":2000,"label":" ","price":3.91},{"type":"U","date":"2018-05-02T08:09:02.000Z","volume":358000,"label":"U","price":3.9}]