[{"type":"A","date":"2018-03-15T07:58:14.000Z","volume":679000,"price":0.91,"category":"ubbull"},{"type":"A","date":"2018-03-15T07:23:02.000Z","volume":1346000,"price":0.91,"category":"ubbull"},{"type":"A","date":"2018-03-15T07:22:55.000Z","volume":3000000,"price":0.91,"category":"ubbull"},{"type":"A","date":"2018-03-15T07:22:36.000Z","volume":330000,"price":0.91,"category":"ubbull"},{"type":"A","date":"2018-03-15T07:21:48.000Z","volume":100000,"price":0.91,"category":"ubbull"},{"type":"A","date":"2018-03-15T07:19:13.000Z","volume":100000,"price":0.91,"category":"ubbull"},{"type":"A","date":"2018-03-15T07:07:44.000Z","volume":100000,"price":0.91,"category":"ubbull"},{"type":"A","date":"2018-03-15T06:56:59.000Z","volume":186000,"price":0.91,"category":"ubbull"},{"type":"A","date":"2018-03-15T06:42:36.000Z","volume":411000,"price":0.91,"category":"ubbull"},{"type":"A","date":"2018-03-15T05:29:53.000Z","volume":100000,"price":0.92,"category":"ubbull"},{"type":"A","date":"2018-03-15T05:08:40.000Z","volume":117000,"price":0.92,"category":"ubbull"},{"type":"A","date":"2018-03-15T02:16:38.000Z","volume":500000,"price":0.91,"category":"ubbull"},{"type":"A","date":"2018-03-15T02:13:37.000Z","volume":153000,"price":0.91,"category":"ubbull"},{"type":"A","date":"2018-03-15T02:10:30.000Z","volume":232000,"price":0.91,"category":"ubbull"},{"type":"A","date":"2018-03-15T07:22:55.000Z","volume":24000,"price":0.91,"category":"bbull"},{"type":"A","date":"2018-03-15T07:15:35.000Z","volume":45000,"price":0.91,"category":"bbull"},{"type":"A","date":"2018-03-15T07:14:46.000Z","volume":44000,"price":0.91,"category":"bbull"},{"type":"A","date":"2018-03-15T05:20:30.000Z","volume":32000,"price":0.92,"category":"bbull"},{"type":"A","date":"2018-03-15T05:13:55.000Z","volume":27000,"price":0.92,"category":"bbull"},{"type":"A","date":"2018-03-15T05:04:10.000Z","volume":30000,"price":0.92,"category":"bbull"},{"type":"A","date":"2018-03-15T03:40:09.000Z","volume":48000,"price":0.92,"category":"bbull"},{"type":"A","date":"2018-03-15T03:14:10.000Z","volume":40000,"price":0.92,"category":"bbull"},{"type":"A","date":"2018-03-15T02:17:34.000Z","volume":50000,"price":0.91,"category":"bbull"},{"type":"A","date":"2018-03-15T02:04:08.000Z","volume":68000,"price":0.92,"category":"bbull"},{"type":"A","date":"2018-03-15T02:01:37.000Z","volume":55000,"price":0.92,"category":"bbull"},{"type":"A","date":"2018-03-15T07:59:18.000Z","volume":1000,"price":0.91,"category":"rbull"},{"type":"A","date":"2018-03-15T07:59:16.000Z","volume":1000,"price":0.91,"category":"rbull"},{"type":"A","date":"2018-03-15T07:57:29.000Z","volume":1000,"price":0.92,"category":"rbull"},{"type":"A","date":"2018-03-15T07:56:49.000Z","volume":1000,"price":0.92,"category":"rbull"},{"type":"A","date":"2018-03-15T07:56:36.000Z","volume":2000,"price":0.92,"category":"rbull"},{"type":"A","date":"2018-03-15T07:56:01.000Z","volume":1000,"price":0.92,"category":"rbull"},{"type":"A","date":"2018-03-15T07:54:57.000Z","volume":2000,"price":0.92,"category":"rbull"},{"type":"A","date":"2018-03-15T07:51:56.000Z","volume":1000,"price":0.92,"category":"rbull"},{"type":"A","date":"2018-03-15T07:51:51.000Z","volume":2000,"price":0.92,"category":"rbull"},{"type":"A","date":"2018-03-15T07:51:49.000Z","volume":1000,"price":0.92,"category":"rbull"},{"type":"A","date":"2018-03-15T07:51:37.000Z","volume":1000,"price":0.92,"category":"rbull"},{"type":"A","date":"2018-03-15T07:51:34.000Z","volume":1000,"price":0.92,"category":"rbull"},{"type":"A","date":"2018-03-15T07:51:32.000Z","volume":1000,"price":0.92,"category":"rbull"},{"type":"A","date":"2018-03-15T07:51:23.000Z","volume":1000,"price":0.92,"category":"rbull"},{"type":"A","date":"2018-03-15T07:51:17.000Z","volume":1000,"price":0.92,"category":"rbull"},{"type":"A","date":"2018-03-15T07:51:15.000Z","volume":2000,"price":0.92,"category":"rbull"},{"type":"A","date":"2018-03-15T07:51:07.000Z","volume":1000,"price":0.92,"category":"rbull"},{"type":"A","date":"2018-03-15T07:50:55.000Z","volume":1000,"price":0.92,"category":"rbull"},{"type":"A","date":"2018-03-15T07:50:27.000Z","volume":1000,"price":0.92,"category":"rbull"},{"type":"A","date":"2018-03-15T07:50:17.000Z","volume":1000,"price":0.92,"category":"rbull"},{"type":"A","date":"2018-03-15T07:47:20.000Z","volume":2000,"price":0.92,"category":"rbull"},{"type":"A","date":"2018-03-15T07:46:49.000Z","volume":2000,"price":0.92,"category":"rbull"},{"type":"A","date":"2018-03-15T07:44:48.000Z","volume":2000,"price":0.92,"category":"rbull"},{"type":"A","date":"2018-03-15T07:43:47.000Z","volume":1000,"price":0.92,"category":"rbull"},{"type":"A","date":"2018-03-15T07:42:47.000Z","volume":1000,"price":0.92,"category":"rbull"},{"type":"A","date":"2018-03-15T07:41:49.000Z","volume":2000,"price":0.92,"category":"rbull"},{"type":"A","date":"2018-03-15T07:39:35.000Z","volume":2000,"price":0.92,"category":"rbull"},{"type":"A","date":"2018-03-15T07:37:42.000Z","volume":1000,"price":0.92,"category":"rbull"},{"type":"A","date":"2018-03-15T07:31:59.000Z","volume":1000,"price":0.92,"category":"rbull"},{"type":"A","date":"2018-03-15T07:25:18.000Z","volume":2000,"price":0.92,"category":"rbull"},{"type":"A","date":"2018-03-15T07:23:08.000Z","volume":1000,"price":0.92,"category":"rbull"},{"type":"A","date":"2018-03-15T07:22:35.000Z","volume":1000,"price":0.91,"category":"rbull"},{"type":"A","date":"2018-03-15T07:22:29.000Z","volume":1000,"price":0.91,"category":"rbull"},{"type":"A","date":"2018-03-15T07:21:27.000Z","volume":2000,"price":0.91,"category":"rbull"},{"type":"A","date":"2018-03-15T07:20:42.000Z","volume":1000,"price":0.91,"category":"rbull"},{"type":"A","date":"2018-03-15T07:19:14.000Z","volume":2000,"price":0.91,"category":"rbull"},{"type":"A","date":"2018-03-15T07:19:03.000Z","volume":1000,"price":0.91,"category":"rbull"},{"type":"A","date":"2018-03-15T07:15:26.000Z","volume":1000,"price":0.91,"category":"rbull"},{"type":"A","date":"2018-03-15T07:15:04.000Z","volume":1000,"price":0.91,"category":"rbull"},{"type":"A","date":"2018-03-15T07:15:02.000Z","volume":2000,"price":0.91,"category":"rbull"},{"type":"A","date":"2018-03-15T07:12:21.000Z","volume":1000,"price":0.91,"category":"rbull"},{"type":"A","date":"2018-03-15T07:06:20.000Z","volume":1000,"price":0.91,"category":"rbull"},{"type":"A","date":"2018-03-15T07:01:11.000Z","volume":1000,"price":0.91,"category":"rbull"},{"type":"A","date":"2018-03-15T06:57:58.000Z","volume":1000,"price":0.91,"category":"rbull"},{"type":"A","date":"2018-03-15T06:57:38.000Z","volume":1000,"price":0.91,"category":"rbull"},{"type":"A","date":"2018-03-15T06:37:28.000Z","volume":1000,"price":0.91,"category":"rbull"},{"type":"A","date":"2018-03-15T06:36:45.000Z","volume":1000,"price":0.91,"category":"rbull"},{"type":"A","date":"2018-03-15T06:35:53.000Z","volume":2000,"price":0.92,"category":"rbull"},{"type":"A","date":"2018-03-15T06:28:56.000Z","volume":2000,"price":0.92,"category":"rbull"},{"type":"A","date":"2018-03-15T06:27:27.000Z","volume":2000,"price":0.92,"category":"rbull"},{"type":"A","date":"2018-03-15T06:20:27.000Z","volume":1000,"price":0.92,"category":"rbull"},{"type":"A","date":"2018-03-15T06:17:15.000Z","volume":1000,"price":0.92,"category":"rbull"},{"type":"A","date":"2018-03-15T06:15:34.000Z","volume":1000,"price":0.92,"category":"rbull"},{"type":"A","date":"2018-03-15T06:11:34.000Z","volume":2000,"price":0.92,"category":"rbull"},{"type":"A","date":"2018-03-15T06:05:05.000Z","volume":2000,"price":0.92,"category":"rbull"},{"type":"A","date":"2018-03-15T06:04:55.000Z","volume":1000,"price":0.92,"category":"rbull"},{"type":"A","date":"2018-03-15T06:04:02.000Z","volume":2000,"price":0.92,"category":"rbull"},{"type":"A","date":"2018-03-15T06:03:55.000Z","volume":2000,"price":0.92,"category":"rbull"},{"type":"A","date":"2018-03-15T06:01:36.000Z","volume":2000,"price":0.92,"category":"rbull"},{"type":"A","date":"2018-03-15T05:54:16.000Z","volume":1000,"price":0.92,"category":"rbull"},{"type":"A","date":"2018-03-15T05:53:45.000Z","volume":2000,"price":0.92,"category":"rbull"},{"type":"A","date":"2018-03-15T05:44:10.000Z","volume":2000,"price":0.92,"category":"rbull"},{"type":"A","date":"2018-03-15T05:43:07.000Z","volume":1000,"price":0.92,"category":"rbull"},{"type":"A","date":"2018-03-15T05:39:56.000Z","volume":1000,"price":0.92,"category":"rbull"},{"type":"A","date":"2018-03-15T05:37:48.000Z","volume":2000,"price":0.92,"category":"rbull"},{"type":"A","date":"2018-03-15T05:37:13.000Z","volume":1000,"price":0.92,"category":"rbull"},{"type":"A","date":"2018-03-15T05:31:57.000Z","volume":1000,"price":0.92,"category":"rbull"},{"type":"A","date":"2018-03-15T05:29:59.000Z","volume":2000,"price":0.92,"category":"rbull"},{"type":"A","date":"2018-03-15T05:29:59.000Z","volume":1000,"price":0.92,"category":"rbull"},{"type":"A","date":"2018-03-15T05:24:31.000Z","volume":2000,"price":0.92,"category":"rbull"},{"type":"A","date":"2018-03-15T05:22:24.000Z","volume":1000,"price":0.92,"category":"rbull"},{"type":"A","date":"2018-03-15T05:20:17.000Z","volume":1000,"price":0.92,"category":"rbull"},{"type":"A","date":"2018-03-15T05:13:55.000Z","volume":1000,"price":0.92,"category":"rbull"},{"type":"A","date":"2018-03-15T05:12:48.000Z","volume":1000,"price":0.92,"category":"rbull"},{"type":"A","date":"2018-03-15T05:12:48.000Z","volume":2000,"price":0.92,"category":"rbull"},{"type":"A","date":"2018-03-15T05:12:48.000Z","volume":2000,"price":0.92,"category":"rbull"},{"type":"A","date":"2018-03-15T05:09:54.000Z","volume":2000,"price":0.92,"category":"rbull"},{"type":"A","date":"2018-03-15T05:09:54.000Z","volume":1000,"price":0.92,"category":"rbull"},{"type":"A","date":"2018-03-15T05:09:41.000Z","volume":2000,"price":0.92,"category":"rbull"},{"type":"A","date":"2018-03-15T05:09:38.000Z","volume":1000,"price":0.92,"category":"rbull"},{"type":"A","date":"2018-03-15T05:09:38.000Z","volume":1000,"price":0.92,"category":"rbull"},{"type":"A","date":"2018-03-15T05:07:20.000Z","volume":1000,"price":0.92,"category":"rbull"},{"type":"A","date":"2018-03-15T05:07:15.000Z","volume":2000,"price":0.92,"category":"rbull"},{"type":"A","date":"2018-03-15T05:05:28.000Z","volume":1000,"price":0.92,"category":"rbull"},{"type":"A","date":"2018-03-15T05:05:28.000Z","volume":1000,"price":0.92,"category":"rbull"},{"type":"A","date":"2018-03-15T05:05:04.000Z","volume":2000,"price":0.92,"category":"rbull"},{"type":"A","date":"2018-03-15T05:05:04.000Z","volume":1000,"price":0.92,"category":"rbull"},{"type":"A","date":"2018-03-15T05:04:42.000Z","volume":1000,"price":0.92,"category":"rbull"},{"type":"A","date":"2018-03-15T05:03:53.000Z","volume":1000,"price":0.92,"category":"rbull"},{"type":"A","date":"2018-03-15T05:03:53.000Z","volume":1000,"price":0.92,"category":"rbull"},{"type":"A","date":"2018-03-15T05:03:21.000Z","volume":1000,"price":0.92,"category":"rbull"},{"type":"A","date":"2018-03-15T05:03:21.000Z","volume":1000,"price":0.92,"category":"rbull"},{"type":"A","date":"2018-03-15T05:03:12.000Z","volume":2000,"price":0.92,"category":"rbull"},{"type":"A","date":"2018-03-15T05:03:12.000Z","volume":1000,"price":0.92,"category":"rbull"},{"type":"A","date":"2018-03-15T05:03:01.000Z","volume":1000,"price":0.92,"category":"rbull"},{"type":"A","date":"2018-03-15T05:02:34.000Z","volume":1000,"price":0.92,"category":"rbull"},{"type":"A","date":"2018-03-15T05:02:34.000Z","volume":1000,"price":0.92,"category":"rbull"},{"type":"A","date":"2018-03-15T05:02:05.000Z","volume":1000,"price":0.92,"category":"rbull"},{"type":"A","date":"2018-03-15T05:02:05.000Z","volume":1000,"price":0.92,"category":"rbull"},{"type":"A","date":"2018-03-15T05:00:50.000Z","volume":1000,"price":0.92,"category":"rbull"},{"type":"A","date":"2018-03-15T05:00:50.000Z","volume":2000,"price":0.92,"category":"rbull"},{"type":"A","date":"2018-03-15T05:00:06.000Z","volume":1000,"price":0.92,"category":"rbull"},{"type":"A","date":"2018-03-15T05:00:05.000Z","volume":1000,"price":0.92,"category":"rbull"},{"type":"A","date":"2018-03-15T05:00:05.000Z","volume":1000,"price":0.92,"category":"rbull"},{"type":"A","date":"2018-03-15T05:00:05.000Z","volume":2000,"price":0.92,"category":"rbull"},{"type":"A","date":"2018-03-15T05:00:04.000Z","volume":1000,"price":0.92,"category":"rbull"},{"type":"A","date":"2018-03-15T03:56:54.000Z","volume":1000,"price":0.92,"category":"rbull"},{"type":"A","date":"2018-03-15T03:56:11.000Z","volume":1000,"price":0.92,"category":"rbull"},{"type":"A","date":"2018-03-15T03:50:30.000Z","volume":2000,"price":0.92,"category":"rbull"},{"type":"A","date":"2018-03-15T03:36:34.000Z","volume":2000,"price":0.92,"category":"rbull"},{"type":"A","date":"2018-03-15T03:35:09.000Z","volume":1000,"price":0.92,"category":"rbull"},{"type":"A","date":"2018-03-15T03:32:34.000Z","volume":1000,"price":0.92,"category":"rbull"},{"type":"A","date":"2018-03-15T03:28:05.000Z","volume":2000,"price":0.92,"category":"rbull"},{"type":"A","date":"2018-03-15T03:23:47.000Z","volume":1000,"price":0.92,"category":"rbull"},{"type":"A","date":"2018-03-15T03:18:17.000Z","volume":2000,"price":0.92,"category":"rbull"},{"type":"A","date":"2018-03-15T03:15:30.000Z","volume":2000,"price":0.92,"category":"rbull"},{"type":"A","date":"2018-03-15T03:15:28.000Z","volume":2000,"price":0.92,"category":"rbull"},{"type":"A","date":"2018-03-15T03:13:10.000Z","volume":1000,"price":0.92,"category":"rbull"},{"type":"A","date":"2018-03-15T03:04:46.000Z","volume":2000,"price":0.92,"category":"rbull"},{"type":"A","date":"2018-03-15T02:58:40.000Z","volume":2000,"price":0.92,"category":"rbull"},{"type":"A","date":"2018-03-15T02:55:41.000Z","volume":2000,"price":0.92,"category":"rbull"},{"type":"A","date":"2018-03-15T02:43:13.000Z","volume":1000,"price":0.92,"category":"rbull"},{"type":"A","date":"2018-03-15T02:32:53.000Z","volume":1000,"price":0.92,"category":"rbull"},{"type":"A","date":"2018-03-15T02:32:42.000Z","volume":2000,"price":0.92,"category":"rbull"},{"type":"A","date":"2018-03-15T02:27:19.000Z","volume":2000,"price":0.92,"category":"rbull"},{"type":"A","date":"2018-03-15T02:19:59.000Z","volume":2000,"price":0.92,"category":"rbull"},{"type":"A","date":"2018-03-15T02:13:48.000Z","volume":1000,"price":0.91,"category":"rbull"},{"type":"A","date":"2018-03-15T02:10:29.000Z","volume":1000,"price":0.91,"category":"rbull"},{"type":"A","date":"2018-03-15T02:07:38.000Z","volume":1000,"price":0.92,"category":"rbull"},{"type":"A","date":"2018-03-15T02:06:15.000Z","volume":2000,"price":0.92,"category":"rbull"},{"type":"A","date":"2018-03-15T02:04:04.000Z","volume":1000,"price":0.92,"category":"rbull"},{"type":"A","date":"2018-03-15T02:03:33.000Z","volume":1000,"price":0.92,"category":"rbull"},{"type":"A","date":"2018-03-15T02:01:36.000Z","volume":1000,"price":0.92,"category":"rbull"},{"type":"A","date":"2018-03-15T02:00:19.000Z","volume":2000,"price":0.92,"category":"rbull"},{"type":"A","date":"2018-03-15T01:57:57.000Z","volume":1000,"price":0.92,"category":"rbull"},{"type":"A","date":"2018-03-15T01:57:55.000Z","volume":1000,"price":0.92,"category":"rbull"},{"type":"A","date":"2018-03-15T01:57:53.000Z","volume":2000,"price":0.92,"category":"rbull"},{"type":"A","date":"2018-03-15T01:53:11.000Z","volume":1000,"price":0.92,"category":"rbull"},{"type":"A","date":"2018-03-15T01:50:36.000Z","volume":1000,"price":0.92,"category":"rbull"},{"type":"A","date":"2018-03-15T01:50:25.000Z","volume":2000,"price":0.92,"category":"rbull"},{"type":"A","date":"2018-03-15T01:46:45.000Z","volume":1000,"price":0.92,"category":"rbull"},{"type":"A","date":"2018-03-15T01:46:43.000Z","volume":1000,"price":0.92,"category":"rbull"},{"type":"A","date":"2018-03-15T01:46:41.000Z","volume":2000,"price":0.92,"category":"rbull"},{"type":"A","date":"2018-03-15T01:40:59.000Z","volume":2000,"price":0.92,"category":"rbull"},{"type":"A","date":"2018-03-15T01:37:12.000Z","volume":1000,"price":0.92,"category":"rbull"},{"type":"A","date":"2018-03-15T01:37:10.000Z","volume":1000,"price":0.92,"category":"rbull"},{"type":"A","date":"2018-03-15T01:37:09.000Z","volume":2000,"price":0.92,"category":"rbull"},{"type":"A","date":"2018-03-15T01:32:04.000Z","volume":2000,"price":0.92,"category":"rbull"},{"type":"B","date":"2018-03-15T07:59:50.000Z","volume":1000,"price":0.9,"category":"rbear"},{"type":"B","date":"2018-03-15T07:59:41.000Z","volume":2000,"price":0.9,"category":"rbear"},{"type":"B","date":"2018-03-15T07:59:31.000Z","volume":1000,"price":0.9,"category":"rbear"},{"type":"B","date":"2018-03-15T07:59:31.000Z","volume":1000,"price":0.9,"category":"rbear"},{"type":"B","date":"2018-03-15T07:59:21.000Z","volume":2000,"price":0.9,"category":"rbear"},{"type":"B","date":"2018-03-15T07:59:11.000Z","volume":2000,"price":0.9,"category":"rbear"},{"type":"B","date":"2018-03-15T07:59:01.000Z","volume":2000,"price":0.9,"category":"rbear"},{"type":"B","date":"2018-03-15T07:58:51.000Z","volume":2000,"price":0.9,"category":"rbear"},{"type":"B","date":"2018-03-15T07:58:51.000Z","volume":1000,"price":0.9,"category":"rbear"},{"type":"B","date":"2018-03-15T07:58:41.000Z","volume":1000,"price":0.9,"category":"rbear"},{"type":"B","date":"2018-03-15T07:58:41.000Z","volume":1000,"price":0.9,"category":"rbear"},{"type":"B","date":"2018-03-15T07:58:31.000Z","volume":2000,"price":0.9,"category":"rbear"},{"type":"B","date":"2018-03-15T07:58:20.000Z","volume":1000,"price":0.9,"category":"rbear"},{"type":"B","date":"2018-03-15T07:58:20.000Z","volume":1000,"price":0.9,"category":"rbear"},{"type":"B","date":"2018-03-15T07:58:09.000Z","volume":1000,"price":0.91,"category":"rbear"},{"type":"B","date":"2018-03-15T07:57:59.000Z","volume":1000,"price":0.91,"category":"rbear"},{"type":"B","date":"2018-03-15T07:57:59.000Z","volume":1000,"price":0.91,"category":"rbear"},{"type":"B","date":"2018-03-15T07:57:49.000Z","volume":1000,"price":0.91,"category":"rbear"},{"type":"B","date":"2018-03-15T07:57:49.000Z","volume":1000,"price":0.91,"category":"rbear"},{"type":"B","date":"2018-03-15T07:57:39.000Z","volume":1000,"price":0.91,"category":"rbear"},{"type":"B","date":"2018-03-15T07:57:39.000Z","volume":1000,"price":0.91,"category":"rbear"},{"type":"B","date":"2018-03-15T07:57:29.000Z","volume":1000,"price":0.91,"category":"rbear"},{"type":"B","date":"2018-03-15T07:57:29.000Z","volume":1000,"price":0.91,"category":"rbear"},{"type":"B","date":"2018-03-15T07:57:19.000Z","volume":1000,"price":0.91,"category":"rbear"},{"type":"B","date":"2018-03-15T07:57:19.000Z","volume":1000,"price":0.91,"category":"rbear"},{"type":"B","date":"2018-03-15T07:57:09.000Z","volume":1000,"price":0.91,"category":"rbear"},{"type":"B","date":"2018-03-15T07:56:59.000Z","volume":1000,"price":0.91,"category":"rbear"},{"type":"B","date":"2018-03-15T07:56:59.000Z","volume":1000,"price":0.91,"category":"rbear"},{"type":"B","date":"2018-03-15T07:56:49.000Z","volume":1000,"price":0.91,"category":"rbear"},{"type":"B","date":"2018-03-15T07:56:49.000Z","volume":1000,"price":0.91,"category":"rbear"},{"type":"B","date":"2018-03-15T07:56:39.000Z","volume":1000,"price":0.91,"category":"rbear"},{"type":"B","date":"2018-03-15T07:56:39.000Z","volume":1000,"price":0.91,"category":"rbear"},{"type":"B","date":"2018-03-15T07:56:29.000Z","volume":1000,"price":0.91,"category":"rbear"},{"type":"B","date":"2018-03-15T07:56:19.000Z","volume":1000,"price":0.91,"category":"rbear"},{"type":"B","date":"2018-03-15T07:56:19.000Z","volume":1000,"price":0.91,"category":"rbear"},{"type":"B","date":"2018-03-15T07:56:09.000Z","volume":1000,"price":0.91,"category":"rbear"},{"type":"B","date":"2018-03-15T07:56:09.000Z","volume":1000,"price":0.91,"category":"rbear"},{"type":"B","date":"2018-03-15T07:55:59.000Z","volume":1000,"price":0.91,"category":"rbear"},{"type":"B","date":"2018-03-15T07:55:49.000Z","volume":1000,"price":0.91,"category":"rbear"},{"type":"B","date":"2018-03-15T07:55:49.000Z","volume":1000,"price":0.91,"category":"rbear"},{"type":"B","date":"2018-03-15T07:55:39.000Z","volume":1000,"price":0.91,"category":"rbear"},{"type":"B","date":"2018-03-15T07:55:29.000Z","volume":1000,"price":0.91,"category":"rbear"},{"type":"B","date":"2018-03-15T07:55:29.000Z","volume":1000,"price":0.91,"category":"rbear"},{"type":"B","date":"2018-03-15T07:55:19.000Z","volume":1000,"price":0.91,"category":"rbear"},{"type":"B","date":"2018-03-15T07:55:19.000Z","volume":1000,"price":0.91,"category":"rbear"},{"type":"B","date":"2018-03-15T07:55:09.000Z","volume":1000,"price":0.91,"category":"rbear"},{"type":"B","date":"2018-03-15T07:54:59.000Z","volume":1000,"price":0.91,"category":"rbear"},{"type":"B","date":"2018-03-15T07:54:59.000Z","volume":1000,"price":0.91,"category":"rbear"},{"type":"B","date":"2018-03-15T07:54:49.000Z","volume":1000,"price":0.91,"category":"rbear"},{"type":"B","date":"2018-03-15T07:54:39.000Z","volume":1000,"price":0.91,"category":"rbear"},{"type":"B","date":"2018-03-15T07:54:39.000Z","volume":1000,"price":0.91,"category":"rbear"},{"type":"B","date":"2018-03-15T07:54:29.000Z","volume":1000,"price":0.91,"category":"rbear"},{"type":"B","date":"2018-03-15T07:54:19.000Z","volume":2000,"price":0.91,"category":"rbear"},{"type":"B","date":"2018-03-15T07:54:09.000Z","volume":1000,"price":0.91,"category":"rbear"},{"type":"B","date":"2018-03-15T07:53:59.000Z","volume":1000,"price":0.91,"category":"rbear"},{"type":"B","date":"2018-03-15T07:53:59.000Z","volume":1000,"price":0.91,"category":"rbear"},{"type":"B","date":"2018-03-15T07:53:49.000Z","volume":1000,"price":0.91,"category":"rbear"},{"type":"B","date":"2018-03-15T07:53:39.000Z","volume":1000,"price":0.91,"category":"rbear"},{"type":"B","date":"2018-03-15T07:53:39.000Z","volume":1000,"price":0.91,"category":"rbear"},{"type":"B","date":"2018-03-15T07:53:29.000Z","volume":1000,"price":0.91,"category":"rbear"},{"type":"B","date":"2018-03-15T07:53:19.000Z","volume":1000,"price":0.91,"category":"rbear"},{"type":"B","date":"2018-03-15T07:53:09.000Z","volume":2000,"price":0.91,"category":"rbear"},{"type":"B","date":"2018-03-15T07:52:59.000Z","volume":1000,"price":0.91,"category":"rbear"},{"type":"B","date":"2018-03-15T07:52:46.000Z","volume":2000,"price":0.91,"category":"rbear"},{"type":"B","date":"2018-03-15T07:52:36.000Z","volume":1000,"price":0.91,"category":"rbear"},{"type":"B","date":"2018-03-15T07:52:26.000Z","volume":1000,"price":0.91,"category":"rbear"},{"type":"B","date":"2018-03-15T07:52:16.000Z","volume":2000,"price":0.91,"category":"rbear"},{"type":"B","date":"2018-03-15T07:52:06.000Z","volume":1000,"price":0.91,"category":"rbear"},{"type":"B","date":"2018-03-15T07:51:56.000Z","volume":1000,"price":0.91,"category":"rbear"},{"type":"B","date":"2018-03-15T07:51:46.000Z","volume":2000,"price":0.91,"category":"rbear"},{"type":"B","date":"2018-03-15T07:51:36.000Z","volume":1000,"price":0.91,"category":"rbear"},{"type":"B","date":"2018-03-15T07:51:25.000Z","volume":1000,"price":0.91,"category":"rbear"},{"type":"B","date":"2018-03-15T07:51:15.000Z","volume":1000,"price":0.91,"category":"rbear"},{"type":"B","date":"2018-03-15T07:51:05.000Z","volume":2000,"price":0.91,"category":"rbear"},{"type":"B","date":"2018-03-15T07:50:55.000Z","volume":1000,"price":0.91,"category":"rbear"},{"type":"B","date":"2018-03-15T07:50:45.000Z","volume":1000,"price":0.91,"category":"rbear"},{"type":"B","date":"2018-03-15T07:50:35.000Z","volume":1000,"price":0.91,"category":"rbear"},{"type":"B","date":"2018-03-15T07:50:25.000Z","volume":1000,"price":0.91,"category":"rbear"},{"type":"B","date":"2018-03-15T07:50:15.000Z","volume":2000,"price":0.91,"category":"rbear"},{"type":"B","date":"2018-03-15T07:50:05.000Z","volume":1000,"price":0.91,"category":"rbear"},{"type":"B","date":"2018-03-15T07:49:55.000Z","volume":1000,"price":0.91,"category":"rbear"},{"type":"B","date":"2018-03-15T07:49:45.000Z","volume":1000,"price":0.91,"category":"rbear"},{"type":"B","date":"2018-03-15T07:49:35.000Z","volume":1000,"price":0.91,"category":"rbear"},{"type":"B","date":"2018-03-15T07:49:25.000Z","volume":1000,"price":0.91,"category":"rbear"},{"type":"B","date":"2018-03-15T07:49:15.000Z","volume":1000,"price":0.91,"category":"rbear"},{"type":"B","date":"2018-03-15T07:49:05.000Z","volume":1000,"price":0.91,"category":"rbear"},{"type":"B","date":"2018-03-15T07:48:55.000Z","volume":1000,"price":0.91,"category":"rbear"},{"type":"B","date":"2018-03-15T07:48:45.000Z","volume":2000,"price":0.91,"category":"rbear"},{"type":"B","date":"2018-03-15T07:48:35.000Z","volume":1000,"price":0.91,"category":"rbear"},{"type":"B","date":"2018-03-15T07:48:25.000Z","volume":1000,"price":0.91,"category":"rbear"},{"type":"B","date":"2018-03-15T07:48:15.000Z","volume":1000,"price":0.91,"category":"rbear"},{"type":"B","date":"2018-03-15T07:48:05.000Z","volume":1000,"price":0.91,"category":"rbear"},{"type":"B","date":"2018-03-15T07:47:55.000Z","volume":1000,"price":0.91,"category":"rbear"},{"type":"B","date":"2018-03-15T07:47:43.000Z","volume":1000,"price":0.91,"category":"rbear"},{"type":"B","date":"2018-03-15T07:47:33.000Z","volume":1000,"price":0.91,"category":"rbear"},{"type":"B","date":"2018-03-15T07:47:23.000Z","volume":1000,"price":0.91,"category":"rbear"},{"type":"B","date":"2018-03-15T07:47:13.000Z","volume":1000,"price":0.91,"category":"rbear"},{"type":"B","date":"2018-03-15T07:47:03.000Z","volume":1000,"price":0.91,"category":"rbear"},{"type":"B","date":"2018-03-15T07:46:53.000Z","volume":1000,"price":0.91,"category":"rbear"},{"type":"B","date":"2018-03-15T07:46:33.000Z","volume":1000,"price":0.91,"category":"rbear"},{"type":"B","date":"2018-03-15T07:46:23.000Z","volume":1000,"price":0.91,"category":"rbear"},{"type":"B","date":"2018-03-15T07:46:13.000Z","volume":1000,"price":0.91,"category":"rbear"},{"type":"B","date":"2018-03-15T07:46:03.000Z","volume":1000,"price":0.91,"category":"rbear"},{"type":"B","date":"2018-03-15T07:45:52.000Z","volume":1000,"price":0.91,"category":"rbear"},{"type":"B","date":"2018-03-15T07:45:42.000Z","volume":1000,"price":0.91,"category":"rbear"},{"type":"B","date":"2018-03-15T07:45:32.000Z","volume":1000,"price":0.91,"category":"rbear"},{"type":"B","date":"2018-03-15T07:45:22.000Z","volume":1000,"price":0.91,"category":"rbear"},{"type":"B","date":"2018-03-15T07:45:12.000Z","volume":1000,"price":0.91,"category":"rbear"},{"type":"B","date":"2018-03-15T07:44:52.000Z","volume":1000,"price":0.91,"category":"rbear"},{"type":"B","date":"2018-03-15T07:44:42.000Z","volume":1000,"price":0.91,"category":"rbear"},{"type":"B","date":"2018-03-15T07:44:32.000Z","volume":1000,"price":0.91,"category":"rbear"},{"type":"B","date":"2018-03-15T07:44:22.000Z","volume":1000,"price":0.91,"category":"rbear"},{"type":"B","date":"2018-03-15T07:44:02.000Z","volume":1000,"price":0.91,"category":"rbear"},{"type":"B","date":"2018-03-15T07:43:52.000Z","volume":1000,"price":0.91,"category":"rbear"},{"type":"B","date":"2018-03-15T07:43:42.000Z","volume":1000,"price":0.91,"category":"rbear"},{"type":"B","date":"2018-03-15T07:43:32.000Z","volume":1000,"price":0.91,"category":"rbear"},{"type":"B","date":"2018-03-15T07:43:12.000Z","volume":1000,"price":0.91,"category":"rbear"},{"type":"B","date":"2018-03-15T07:43:02.000Z","volume":1000,"price":0.91,"category":"rbear"},{"type":"B","date":"2018-03-15T07:42:52.000Z","volume":1000,"price":0.91,"category":"rbear"},{"type":"B","date":"2018-03-15T07:42:32.000Z","volume":1000,"price":0.91,"category":"rbear"},{"type":"B","date":"2018-03-15T07:42:22.000Z","volume":1000,"price":0.91,"category":"rbear"},{"type":"B","date":"2018-03-15T07:42:02.000Z","volume":1000,"price":0.91,"category":"rbear"},{"type":"B","date":"2018-03-15T07:41:52.000Z","volume":1000,"price":0.91,"category":"rbear"},{"type":"B","date":"2018-03-15T07:41:42.000Z","volume":1000,"price":0.91,"category":"rbear"},{"type":"B","date":"2018-03-15T07:41:22.000Z","volume":1000,"price":0.91,"category":"rbear"},{"type":"B","date":"2018-03-15T07:41:12.000Z","volume":1000,"price":0.91,"category":"rbear"},{"type":"B","date":"2018-03-15T07:40:52.000Z","volume":1000,"price":0.91,"category":"rbear"},{"type":"B","date":"2018-03-15T07:40:41.000Z","volume":1000,"price":0.91,"category":"rbear"},{"type":"B","date":"2018-03-15T07:40:21.000Z","volume":1000,"price":0.91,"category":"rbear"},{"type":"B","date":"2018-03-15T07:40:01.000Z","volume":1000,"price":0.91,"category":"rbear"},{"type":"B","date":"2018-03-15T07:39:51.000Z","volume":1000,"price":0.91,"category":"rbear"},{"type":"B","date":"2018-03-15T07:39:31.000Z","volume":1000,"price":0.91,"category":"rbear"},{"type":"B","date":"2018-03-15T07:39:11.000Z","volume":1000,"price":0.91,"category":"rbear"},{"type":"B","date":"2018-03-15T07:39:01.000Z","volume":1000,"price":0.91,"category":"rbear"},{"type":"B","date":"2018-03-15T07:38:41.000Z","volume":1000,"price":0.91,"category":"rbear"},{"type":"B","date":"2018-03-15T07:31:25.000Z","volume":2000,"price":0.91,"category":"rbear"},{"type":"B","date":"2018-03-15T07:25:13.000Z","volume":2000,"price":0.91,"category":"rbear"},{"type":"B","date":"2018-03-15T07:23:09.000Z","volume":1000,"price":0.91,"category":"rbear"},{"type":"B","date":"2018-03-15T07:12:25.000Z","volume":1000,"price":0.9,"category":"rbear"},{"type":"B","date":"2018-03-15T07:11:51.000Z","volume":1000,"price":0.9,"category":"rbear"},{"type":"B","date":"2018-03-15T07:00:06.000Z","volume":2000,"price":0.9,"category":"rbear"},{"type":"B","date":"2018-03-15T06:59:06.000Z","volume":1000,"price":0.9,"category":"rbear"},{"type":"B","date":"2018-03-15T06:58:06.000Z","volume":2000,"price":0.9,"category":"rbear"},{"type":"B","date":"2018-03-15T06:57:06.000Z","volume":2000,"price":0.9,"category":"rbear"},{"type":"B","date":"2018-03-15T06:56:06.000Z","volume":2000,"price":0.9,"category":"rbear"},{"type":"B","date":"2018-03-15T06:55:05.000Z","volume":2000,"price":0.9,"category":"rbear"},{"type":"B","date":"2018-03-15T06:54:05.000Z","volume":2000,"price":0.9,"category":"rbear"},{"type":"B","date":"2018-03-15T06:53:05.000Z","volume":2000,"price":0.9,"category":"rbear"},{"type":"B","date":"2018-03-15T06:52:05.000Z","volume":2000,"price":0.9,"category":"rbear"},{"type":"B","date":"2018-03-15T06:51:03.000Z","volume":2000,"price":0.9,"category":"rbear"},{"type":"B","date":"2018-03-15T06:50:05.000Z","volume":2000,"price":0.9,"category":"rbear"},{"type":"B","date":"2018-03-15T06:49:02.000Z","volume":1000,"price":0.9,"category":"rbear"},{"type":"B","date":"2018-03-15T06:48:03.000Z","volume":2000,"price":0.9,"category":"rbear"},{"type":"B","date":"2018-03-15T06:47:02.000Z","volume":2000,"price":0.9,"category":"rbear"},{"type":"B","date":"2018-03-15T06:46:03.000Z","volume":2000,"price":0.9,"category":"rbear"},{"type":"B","date":"2018-03-15T06:45:04.000Z","volume":2000,"price":0.9,"category":"rbear"},{"type":"B","date":"2018-03-15T06:44:01.000Z","volume":2000,"price":0.9,"category":"rbear"},{"type":"B","date":"2018-03-15T06:43:00.000Z","volume":2000,"price":0.9,"category":"rbear"},{"type":"B","date":"2018-03-15T06:42:00.000Z","volume":2000,"price":0.9,"category":"rbear"},{"type":"B","date":"2018-03-15T06:41:03.000Z","volume":2000,"price":0.9,"category":"rbear"},{"type":"B","date":"2018-03-15T06:40:06.000Z","volume":2000,"price":0.9,"category":"rbear"},{"type":"B","date":"2018-03-15T06:40:02.000Z","volume":1000,"price":0.9,"category":"rbear"},{"type":"B","date":"2018-03-15T06:39:01.000Z","volume":2000,"price":0.9,"category":"rbear"},{"type":"B","date":"2018-03-15T06:38:00.000Z","volume":2000,"price":0.9,"category":"rbear"},{"type":"B","date":"2018-03-15T06:37:00.000Z","volume":2000,"price":0.9,"category":"rbear"},{"type":"B","date":"2018-03-15T06:36:01.000Z","volume":2000,"price":0.91,"category":"rbear"},{"type":"B","date":"2018-03-15T06:09:28.000Z","volume":2000,"price":0.91,"category":"rbear"},{"type":"B","date":"2018-03-15T03:59:35.000Z","volume":1000,"price":0.91,"category":"rbear"},{"type":"B","date":"2018-03-15T03:58:55.000Z","volume":1000,"price":0.91,"category":"rbear"},{"type":"B","date":"2018-03-15T03:58:35.000Z","volume":1000,"price":0.91,"category":"rbear"},{"type":"B","date":"2018-03-15T03:58:05.000Z","volume":1000,"price":0.91,"category":"rbear"},{"type":"B","date":"2018-03-15T03:57:45.000Z","volume":1000,"price":0.91,"category":"rbear"},{"type":"B","date":"2018-03-15T03:57:25.000Z","volume":1000,"price":0.91,"category":"rbear"},{"type":"B","date":"2018-03-15T03:57:05.000Z","volume":1000,"price":0.91,"category":"rbear"},{"type":"B","date":"2018-03-15T03:56:55.000Z","volume":1000,"price":0.91,"category":"rbear"},{"type":"B","date":"2018-03-15T03:56:35.000Z","volume":1000,"price":0.91,"category":"rbear"},{"type":"B","date":"2018-03-15T03:56:25.000Z","volume":1000,"price":0.91,"category":"rbear"},{"type":"B","date":"2018-03-15T03:56:05.000Z","volume":1000,"price":0.91,"category":"rbear"},{"type":"B","date":"2018-03-15T03:55:45.000Z","volume":1000,"price":0.91,"category":"rbear"},{"type":"B","date":"2018-03-15T03:55:35.000Z","volume":1000,"price":0.91,"category":"rbear"},{"type":"B","date":"2018-03-15T03:55:14.000Z","volume":1000,"price":0.91,"category":"rbear"},{"type":"B","date":"2018-03-15T03:55:04.000Z","volume":1000,"price":0.91,"category":"rbear"},{"type":"B","date":"2018-03-15T03:54:44.000Z","volume":1000,"price":0.91,"category":"rbear"},{"type":"B","date":"2018-03-15T03:54:34.000Z","volume":1000,"price":0.91,"category":"rbear"},{"type":"B","date":"2018-03-15T03:54:14.000Z","volume":1000,"price":0.91,"category":"rbear"},{"type":"B","date":"2018-03-15T03:54:04.000Z","volume":1000,"price":0.91,"category":"rbear"},{"type":"B","date":"2018-03-15T03:53:44.000Z","volume":1000,"price":0.91,"category":"rbear"},{"type":"B","date":"2018-03-15T03:53:34.000Z","volume":1000,"price":0.91,"category":"rbear"},{"type":"B","date":"2018-03-15T03:53:14.000Z","volume":1000,"price":0.91,"category":"rbear"},{"type":"B","date":"2018-03-15T03:53:04.000Z","volume":1000,"price":0.91,"category":"rbear"},{"type":"B","date":"2018-03-15T03:52:44.000Z","volume":1000,"price":0.91,"category":"rbear"},{"type":"B","date":"2018-03-15T03:52:24.000Z","volume":1000,"price":0.91,"category":"rbear"},{"type":"B","date":"2018-03-15T03:52:14.000Z","volume":1000,"price":0.91,"category":"rbear"},{"type":"B","date":"2018-03-15T03:51:54.000Z","volume":1000,"price":0.91,"category":"rbear"},{"type":"B","date":"2018-03-15T03:51:34.000Z","volume":1000,"price":0.91,"category":"rbear"},{"type":"B","date":"2018-03-15T03:51:24.000Z","volume":1000,"price":0.91,"category":"rbear"},{"type":"B","date":"2018-03-15T03:51:04.000Z","volume":1000,"price":0.91,"category":"rbear"},{"type":"B","date":"2018-03-15T03:50:44.000Z","volume":1000,"price":0.91,"category":"rbear"},{"type":"B","date":"2018-03-15T03:50:24.000Z","volume":1000,"price":0.91,"category":"rbear"},{"type":"B","date":"2018-03-15T03:50:14.000Z","volume":1000,"price":0.91,"category":"rbear"},{"type":"B","date":"2018-03-15T03:49:54.000Z","volume":1000,"price":0.91,"category":"rbear"},{"type":"B","date":"2018-03-15T03:49:34.000Z","volume":1000,"price":0.91,"category":"rbear"},{"type":"B","date":"2018-03-15T03:49:14.000Z","volume":1000,"price":0.91,"category":"rbear"},{"type":"B","date":"2018-03-15T03:48:54.000Z","volume":1000,"price":0.91,"category":"rbear"},{"type":"B","date":"2018-03-15T03:48:34.000Z","volume":1000,"price":0.91,"category":"rbear"},{"type":"B","date":"2018-03-15T03:48:14.000Z","volume":1000,"price":0.91,"category":"rbear"},{"type":"B","date":"2018-03-15T03:47:44.000Z","volume":1000,"price":0.91,"category":"rbear"},{"type":"B","date":"2018-03-15T03:47:24.000Z","volume":1000,"price":0.91,"category":"rbear"},{"type":"B","date":"2018-03-15T03:47:04.000Z","volume":1000,"price":0.91,"category":"rbear"},{"type":"B","date":"2018-03-15T03:46:44.000Z","volume":1000,"price":0.91,"category":"rbear"},{"type":"B","date":"2018-03-15T03:46:14.000Z","volume":1000,"price":0.91,"category":"rbear"},{"type":"B","date":"2018-03-15T03:45:53.000Z","volume":1000,"price":0.91,"category":"rbear"},{"type":"B","date":"2018-03-15T03:45:23.000Z","volume":1000,"price":0.91,"category":"rbear"},{"type":"B","date":"2018-03-15T03:45:03.000Z","volume":1000,"price":0.91,"category":"rbear"},{"type":"B","date":"2018-03-15T03:44:33.000Z","volume":1000,"price":0.91,"category":"rbear"},{"type":"B","date":"2018-03-15T03:44:13.000Z","volume":1000,"price":0.91,"category":"rbear"},{"type":"B","date":"2018-03-15T03:43:43.000Z","volume":1000,"price":0.91,"category":"rbear"},{"type":"B","date":"2018-03-15T03:43:13.000Z","volume":1000,"price":0.91,"category":"rbear"},{"type":"B","date":"2018-03-15T03:42:53.000Z","volume":1000,"price":0.91,"category":"rbear"},{"type":"B","date":"2018-03-15T03:42:23.000Z","volume":1000,"price":0.91,"category":"rbear"},{"type":"B","date":"2018-03-15T03:42:02.000Z","volume":1000,"price":0.91,"category":"rbear"},{"type":"B","date":"2018-03-15T03:41:32.000Z","volume":1000,"price":0.91,"category":"rbear"},{"type":"B","date":"2018-03-15T03:41:12.000Z","volume":1000,"price":0.91,"category":"rbear"},{"type":"B","date":"2018-03-15T03:40:52.000Z","volume":1000,"price":0.91,"category":"rbear"},{"type":"B","date":"2018-03-15T03:40:22.000Z","volume":1000,"price":0.91,"category":"rbear"},{"type":"B","date":"2018-03-15T03:40:02.000Z","volume":1000,"price":0.91,"category":"rbear"},{"type":"B","date":"2018-03-15T03:39:42.000Z","volume":1000,"price":0.91,"category":"rbear"},{"type":"B","date":"2018-03-15T03:39:22.000Z","volume":1000,"price":0.91,"category":"rbear"},{"type":"B","date":"2018-03-15T03:39:02.000Z","volume":1000,"price":0.91,"category":"rbear"},{"type":"B","date":"2018-03-15T03:38:42.000Z","volume":1000,"price":0.91,"category":"rbear"},{"type":"B","date":"2018-03-15T03:38:22.000Z","volume":1000,"price":0.91,"category":"rbear"},{"type":"B","date":"2018-03-15T03:38:02.000Z","volume":1000,"price":0.91,"category":"rbear"},{"type":"B","date":"2018-03-15T03:37:42.000Z","volume":1000,"price":0.91,"category":"rbear"},{"type":"B","date":"2018-03-15T03:37:22.000Z","volume":1000,"price":0.91,"category":"rbear"},{"type":"B","date":"2018-03-15T03:37:11.000Z","volume":1000,"price":0.91,"category":"rbear"},{"type":"B","date":"2018-03-15T03:36:51.000Z","volume":1000,"price":0.91,"category":"rbear"},{"type":"B","date":"2018-03-15T03:36:31.000Z","volume":1000,"price":0.91,"category":"rbear"},{"type":"B","date":"2018-03-15T03:36:21.000Z","volume":1000,"price":0.91,"category":"rbear"},{"type":"B","date":"2018-03-15T03:36:01.000Z","volume":1000,"price":0.91,"category":"rbear"},{"type":"B","date":"2018-03-15T03:35:41.000Z","volume":1000,"price":0.91,"category":"rbear"},{"type":"B","date":"2018-03-15T03:35:31.000Z","volume":1000,"price":0.91,"category":"rbear"},{"type":"B","date":"2018-03-15T03:35:11.000Z","volume":1000,"price":0.91,"category":"rbear"},{"type":"B","date":"2018-03-15T03:35:01.000Z","volume":1000,"price":0.91,"category":"rbear"},{"type":"B","date":"2018-03-15T03:34:41.000Z","volume":1000,"price":0.91,"category":"rbear"},{"type":"B","date":"2018-03-15T03:34:31.000Z","volume":1000,"price":0.91,"category":"rbear"},{"type":"B","date":"2018-03-15T03:34:21.000Z","volume":1000,"price":0.91,"category":"rbear"},{"type":"B","date":"2018-03-15T03:34:01.000Z","volume":1000,"price":0.91,"category":"rbear"},{"type":"B","date":"2018-03-15T03:33:51.000Z","volume":1000,"price":0.91,"category":"rbear"},{"type":"B","date":"2018-03-15T03:33:41.000Z","volume":1000,"price":0.91,"category":"rbear"},{"type":"B","date":"2018-03-15T03:33:21.000Z","volume":1000,"price":0.91,"category":"rbear"},{"type":"B","date":"2018-03-15T03:33:11.000Z","volume":1000,"price":0.91,"category":"rbear"},{"type":"B","date":"2018-03-15T03:33:01.000Z","volume":1000,"price":0.91,"category":"rbear"},{"type":"B","date":"2018-03-15T03:32:51.000Z","volume":1000,"price":0.91,"category":"rbear"},{"type":"B","date":"2018-03-15T03:32:31.000Z","volume":1000,"price":0.91,"category":"rbear"},{"type":"B","date":"2018-03-15T03:32:21.000Z","volume":1000,"price":0.91,"category":"rbear"},{"type":"B","date":"2018-03-15T03:32:10.000Z","volume":1000,"price":0.91,"category":"rbear"},{"type":"B","date":"2018-03-15T03:32:00.000Z","volume":1000,"price":0.91,"category":"rbear"},{"type":"B","date":"2018-03-15T03:31:50.000Z","volume":1000,"price":0.91,"category":"rbear"},{"type":"B","date":"2018-03-15T03:31:40.000Z","volume":1000,"price":0.91,"category":"rbear"},{"type":"B","date":"2018-03-15T03:31:30.000Z","volume":1000,"price":0.91,"category":"rbear"},{"type":"B","date":"2018-03-15T03:31:10.000Z","volume":1000,"price":0.91,"category":"rbear"},{"type":"B","date":"2018-03-15T03:30:59.000Z","volume":1000,"price":0.91,"category":"rbear"},{"type":"B","date":"2018-03-15T03:30:49.000Z","volume":1000,"price":0.91,"category":"rbear"},{"type":"B","date":"2018-03-15T03:30:39.000Z","volume":1000,"price":0.91,"category":"rbear"},{"type":"B","date":"2018-03-15T03:30:29.000Z","volume":1000,"price":0.91,"category":"rbear"},{"type":"B","date":"2018-03-15T03:30:19.000Z","volume":1000,"price":0.91,"category":"rbear"},{"type":"B","date":"2018-03-15T03:24:28.000Z","volume":1000,"price":0.91,"category":"rbear"},{"type":"B","date":"2018-03-15T03:07:21.000Z","volume":1000,"price":0.91,"category":"rbear"},{"type":"B","date":"2018-03-15T02:54:49.000Z","volume":1000,"price":0.91,"category":"rbear"},{"type":"B","date":"2018-03-15T02:43:21.000Z","volume":1000,"price":0.91,"category":"rbear"},{"type":"B","date":"2018-03-15T02:35:02.000Z","volume":1000,"price":0.91,"category":"rbear"},{"type":"B","date":"2018-03-15T02:03:37.000Z","volume":1000,"price":0.91,"category":"rbear"},{"type":"B","date":"2018-03-15T02:00:27.000Z","volume":1000,"price":0.91,"category":"rbear"},{"type":"B","date":"2018-03-15T01:57:57.000Z","volume":2000,"price":0.91,"category":"rbear"},{"type":"B","date":"2018-03-15T01:50:45.000Z","volume":1000,"price":0.91,"category":"rbear"},{"type":"B","date":"2018-03-15T01:50:35.000Z","volume":1000,"price":0.91,"category":"rbear"},{"type":"B","date":"2018-03-15T01:46:44.000Z","volume":2000,"price":0.91,"category":"rbear"},{"type":"B","date":"2018-03-15T01:41:02.000Z","volume":1000,"price":0.91,"category":"rbear"},{"type":"B","date":"2018-03-15T01:37:12.000Z","volume":2000,"price":0.91,"category":"rbear"},{"type":"B","date":"2018-03-15T01:36:12.000Z","volume":2000,"price":0.91,"category":"rbear"},{"type":"B","date":"2018-03-15T07:58:13.000Z","volume":53000,"price":0.91,"category":"bbear"},{"type":"B","date":"2018-03-15T07:56:51.000Z","volume":30000,"price":0.91,"category":"bbear"},{"type":"B","date":"2018-03-15T07:47:21.000Z","volume":50000,"price":0.91,"category":"bbear"},{"type":"B","date":"2018-03-15T07:31:22.000Z","volume":38000,"price":0.91,"category":"bbear"},{"type":"B","date":"2018-03-15T07:23:09.000Z","volume":37000,"price":0.91,"category":"bbear"},{"type":"B","date":"2018-03-15T07:08:44.000Z","volume":58000,"price":0.9,"category":"bbear"},{"type":"B","date":"2018-03-15T07:06:58.000Z","volume":50000,"price":0.9,"category":"bbear"},{"type":"B","date":"2018-03-15T06:44:51.000Z","volume":30000,"price":0.9,"category":"bbear"},{"type":"B","date":"2018-03-15T06:42:37.000Z","volume":46000,"price":0.9,"category":"bbear"},{"type":"B","date":"2018-03-15T06:30:10.000Z","volume":80000,"price":0.91,"category":"bbear"},{"type":"B","date":"2018-03-15T06:15:17.000Z","volume":30000,"price":0.91,"category":"bbear"},{"type":"B","date":"2018-03-15T05:38:52.000Z","volume":35000,"price":0.91,"category":"bbear"},{"type":"B","date":"2018-03-15T05:20:30.000Z","volume":50000,"price":0.91,"category":"bbear"},{"type":"B","date":"2018-03-15T05:00:11.000Z","volume":30000,"price":0.91,"category":"bbear"},{"type":"B","date":"2018-03-15T05:00:02.000Z","volume":24000,"price":0.91,"category":"bbear"},{"type":"B","date":"2018-03-15T05:00:02.000Z","volume":26000,"price":0.91,"category":"bbear"},{"type":"B","date":"2018-03-15T03:34:42.000Z","volume":50000,"price":0.91,"category":"bbear"},{"type":"B","date":"2018-03-15T03:30:09.000Z","volume":24000,"price":0.91,"category":"bbear"},{"type":"B","date":"2018-03-15T03:24:22.000Z","volume":40000,"price":0.91,"category":"bbear"},{"type":"B","date":"2018-03-15T03:07:47.000Z","volume":24000,"price":0.91,"category":"bbear"},{"type":"B","date":"2018-03-15T02:40:35.000Z","volume":80000,"price":0.91,"category":"bbear"},{"type":"B","date":"2018-03-15T02:10:29.000Z","volume":44000,"price":0.91,"category":"bbear"},{"type":"B","date":"2018-03-15T02:04:17.000Z","volume":31000,"price":0.91,"category":"bbear"},{"type":"B","date":"2018-03-15T02:01:47.000Z","volume":27000,"price":0.91,"category":"bbear"},{"type":"B","date":"2018-03-15T02:01:37.000Z","volume":55000,"price":0.91,"category":"bbear"},{"type":"B","date":"2018-03-15T07:57:58.000Z","volume":95000,"price":0.91,"category":"ubbear"},{"type":"B","date":"2018-03-15T07:57:58.000Z","volume":1405000,"price":0.91,"category":"ubbear"},{"type":"B","date":"2018-03-15T07:54:53.000Z","volume":84000,"price":0.91,"category":"ubbear"},{"type":"B","date":"2018-03-15T07:52:11.000Z","volume":300000,"price":0.91,"category":"ubbear"},{"type":"B","date":"2018-03-15T07:46:02.000Z","volume":400000,"price":0.91,"category":"ubbear"},{"type":"B","date":"2018-03-15T07:42:31.000Z","volume":100000,"price":0.91,"category":"ubbear"},{"type":"B","date":"2018-03-15T07:39:23.000Z","volume":200000,"price":0.91,"category":"ubbear"},{"type":"B","date":"2018-03-15T07:25:09.000Z","volume":100000,"price":0.91,"category":"ubbear"},{"type":"B","date":"2018-03-15T07:23:37.000Z","volume":100000,"price":0.91,"category":"ubbear"},{"type":"B","date":"2018-03-15T06:36:30.000Z","volume":576000,"price":0.91,"category":"ubbear"},{"type":"B","date":"2018-03-15T06:36:26.000Z","volume":1000000,"price":0.91,"category":"ubbear"},{"type":"B","date":"2018-03-15T06:36:16.000Z","volume":500000,"price":0.91,"category":"ubbear"},{"type":"B","date":"2018-03-15T06:25:04.000Z","volume":1000000,"price":0.91,"category":"ubbear"},{"type":"B","date":"2018-03-15T06:25:04.000Z","volume":1000000,"price":0.91,"category":"ubbear"},{"type":"B","date":"2018-03-15T06:15:40.000Z","volume":1000000,"price":0.91,"category":"ubbear"},{"type":"B","date":"2018-03-15T06:11:08.000Z","volume":300000,"price":0.91,"category":"ubbear"},{"type":"B","date":"2018-03-15T06:10:40.000Z","volume":500000,"price":0.91,"category":"ubbear"},{"type":"B","date":"2018-03-15T05:44:08.000Z","volume":315000,"price":0.91,"category":"ubbear"},{"type":"B","date":"2018-03-15T05:38:53.000Z","volume":100000,"price":0.91,"category":"ubbear"},{"type":"B","date":"2018-03-15T05:29:32.000Z","volume":300000,"price":0.91,"category":"ubbear"},{"type":"B","date":"2018-03-15T05:23:40.000Z","volume":300000,"price":0.91,"category":"ubbear"},{"type":"B","date":"2018-03-15T05:04:10.000Z","volume":300000,"price":0.91,"category":"ubbear"},{"type":"B","date":"2018-03-15T03:58:03.000Z","volume":300000,"price":0.91,"category":"ubbear"},{"type":"B","date":"2018-03-15T03:27:41.000Z","volume":300000,"price":0.91,"category":"ubbear"},{"type":"B","date":"2018-03-15T03:27:16.000Z","volume":200000,"price":0.91,"category":"ubbear"},{"type":"B","date":"2018-03-15T03:18:14.000Z","volume":100000,"price":0.91,"category":"ubbear"},{"type":"B","date":"2018-03-15T03:05:25.000Z","volume":200000,"price":0.91,"category":"ubbear"},{"type":"B","date":"2018-03-15T02:54:51.000Z","volume":300000,"price":0.91,"category":"ubbear"},{"type":"B","date":"2018-03-15T02:42:44.000Z","volume":340000,"price":0.91,"category":"ubbear"},{"type":"B","date":"2018-03-15T02:38:51.000Z","volume":300000,"price":0.91,"category":"ubbear"},{"type":"B","date":"2018-03-15T02:17:40.000Z","volume":118000,"price":0.91,"category":"ubbear"},{"type":"B","date":"2018-03-15T02:10:29.000Z","volume":1186000,"price":0.91,"category":"ubbear"},{"type":"B","date":"2018-03-15T02:10:28.000Z","volume":422000,"price":0.91,"category":"ubbear"},{"type":"B","date":"2018-03-15T02:10:23.000Z","volume":300000,"price":0.91,"category":"ubbear"},{"type":"B","date":"2018-03-15T02:08:04.000Z","volume":300000,"price":0.91,"category":"ubbear"},{"type":"B","date":"2018-03-15T02:05:46.000Z","volume":700000,"price":0.91,"category":"ubbear"},{"type":"B","date":"2018-03-15T02:05:27.000Z","volume":200000,"price":0.91,"category":"ubbear"},{"type":"B","date":"2018-03-15T02:04:52.000Z","volume":100000,"price":0.91,"category":"ubbear"},{"type":"B","date":"2018-03-15T02:04:07.000Z","volume":113000,"price":0.91,"category":"ubbear"},{"type":"B","date":"2018-03-15T02:04:04.000Z","volume":460000,"price":0.91,"category":"ubbear"},{"type":"B","date":"2018-03-15T02:01:33.000Z","volume":110000,"price":0.91,"category":"ubbear"}]