[{"type":"U","date":"2018-03-19T01:20:00.000Z","volume":6000,"label":"U","price":1.8},{"type":"A","date":"2018-03-19T01:30:21.000Z","volume":8000,"label":" ","price":1.8},{"type":"A","date":"2018-03-19T01:35:05.000Z","volume":24000,"label":" ","price":1.82},{"type":"A","date":"2018-03-19T01:35:32.000Z","volume":40000,"label":" ","price":1.83},{"type":"A","date":"2018-03-19T01:36:20.000Z","volume":6000,"label":" ","price":1.83},{"type":"A","date":"2018-03-19T01:44:10.000Z","volume":32000,"label":" ","price":1.84},{"type":"A","date":"2018-03-19T01:44:10.000Z","volume":18000,"label":" ","price":1.85},{"type":"A","date":"2018-03-19T01:45:30.000Z","volume":2000,"label":" ","price":1.83},{"type":"A","date":"2018-03-19T01:45:30.000Z","volume":32000,"label":" ","price":1.85},{"type":"B","date":"2018-03-19T01:47:22.000Z","volume":12000,"label":" ","price":1.86},{"type":"A","date":"2018-03-19T01:47:34.000Z","volume":2000,"label":" ","price":1.86},{"type":"A","date":"2018-03-19T01:49:10.000Z","volume":6000,"label":" ","price":1.86},{"type":"B","date":"2018-03-19T01:49:24.000Z","volume":18000,"label":"Y","price":1.86},{"type":"B","date":"2018-03-19T01:51:57.000Z","volume":20000,"label":" ","price":1.86},{"type":"B","date":"2018-03-19T01:54:34.000Z","volume":50000,"label":" ","price":1.86},{"type":"A","date":"2018-03-19T01:59:18.000Z","volume":6000,"label":" ","price":1.89},{"type":"A","date":"2018-03-19T02:02:07.000Z","volume":14000,"label":" ","price":1.89},{"type":"A","date":"2018-03-19T02:02:21.000Z","volume":200000,"label":" ","price":1.9},{"type":"A","date":"2018-03-19T02:02:22.000Z","volume":16000,"label":" ","price":1.9},{"type":"A","date":"2018-03-19T02:02:26.000Z","volume":20000,"label":" ","price":1.9},{"type":"A","date":"2018-03-19T02:02:28.000Z","volume":60000,"label":" ","price":1.9},{"type":"A","date":"2018-03-19T02:02:44.000Z","volume":28000,"label":" ","price":1.9},{"type":"A","date":"2018-03-19T02:03:20.000Z","volume":16000,"label":" ","price":1.89},{"type":"A","date":"2018-03-19T02:04:11.000Z","volume":2000,"label":" ","price":1.89},{"type":"A","date":"2018-03-19T02:04:17.000Z","volume":50000,"label":" ","price":1.9},{"type":"A","date":"2018-03-19T02:05:03.000Z","volume":100000,"label":" ","price":1.9},{"type":"A","date":"2018-03-19T02:05:03.000Z","volume":24000,"label":" ","price":1.9},{"type":"A","date":"2018-03-19T02:07:52.000Z","volume":20000,"label":" ","price":1.95},{"type":"A","date":"2018-03-19T02:09:07.000Z","volume":8000,"label":" ","price":1.97},{"type":"A","date":"2018-03-19T02:09:20.000Z","volume":10000,"label":" ","price":1.96},{"type":"A","date":"2018-03-19T02:09:20.000Z","volume":6000,"label":" ","price":1.97},{"type":"A","date":"2018-03-19T02:09:29.000Z","volume":10000,"label":" ","price":1.96},{"type":"A","date":"2018-03-19T02:09:29.000Z","volume":6000,"label":" ","price":1.97},{"type":"A","date":"2018-03-19T02:09:29.000Z","volume":14000,"label":" ","price":1.97},{"type":"A","date":"2018-03-19T02:10:28.000Z","volume":10000,"label":" ","price":1.96},{"type":"A","date":"2018-03-19T02:10:28.000Z","volume":20000,"label":" ","price":1.97},{"type":"B","date":"2018-03-19T02:10:33.000Z","volume":4000,"label":" ","price":1.92},{"type":"B","date":"2018-03-19T02:10:33.000Z","volume":4000,"label":" ","price":1.92},{"type":"A","date":"2018-03-19T02:11:05.000Z","volume":10000,"label":" ","price":1.96},{"type":"A","date":"2018-03-19T02:11:05.000Z","volume":20000,"label":" ","price":1.97},{"type":"A","date":"2018-03-19T02:13:17.000Z","volume":20000,"label":" ","price":1.95},{"type":"A","date":"2018-03-19T02:13:17.000Z","volume":10000,"label":" ","price":1.96},{"type":"B","date":"2018-03-19T02:14:05.000Z","volume":20000,"label":" ","price":1.94},{"type":"B","date":"2018-03-19T02:14:05.000Z","volume":4000,"label":" ","price":1.94},{"type":"B","date":"2018-03-19T02:14:09.000Z","volume":10000,"label":" ","price":1.93},{"type":"B","date":"2018-03-19T02:14:21.000Z","volume":30000,"label":" ","price":1.93},{"type":"B","date":"2018-03-19T02:14:25.000Z","volume":18000,"label":" ","price":1.9},{"type":"B","date":"2018-03-19T02:15:00.000Z","volume":4000,"label":" ","price":1.9},{"type":"A","date":"2018-03-19T02:15:59.000Z","volume":18000,"label":" ","price":1.93},{"type":"A","date":"2018-03-19T02:15:59.000Z","volume":6000,"label":" ","price":1.94},{"type":"A","date":"2018-03-19T02:19:04.000Z","volume":18000,"label":" ","price":1.93},{"type":"A","date":"2018-03-19T02:19:04.000Z","volume":2000,"label":" ","price":1.93},{"type":"A","date":"2018-03-19T02:27:55.000Z","volume":6000,"label":" ","price":1.93},{"type":"A","date":"2018-03-19T02:29:48.000Z","volume":8000,"label":" ","price":1.92},{"type":"B","date":"2018-03-19T02:33:04.000Z","volume":36000,"label":" ","price":1.9},{"type":"B","date":"2018-03-19T02:35:19.000Z","volume":16000,"label":" ","price":1.88},{"type":"A","date":"2018-03-19T02:39:10.000Z","volume":14000,"label":" ","price":1.9},{"type":"A","date":"2018-03-19T02:42:09.000Z","volume":4000,"label":" ","price":1.9},{"type":"B","date":"2018-03-19T02:48:56.000Z","volume":4000,"label":" ","price":1.9},{"type":"A","date":"2018-03-19T02:54:09.000Z","volume":14000,"label":" ","price":1.9},{"type":"A","date":"2018-03-19T02:54:09.000Z","volume":6000,"label":" ","price":1.9},{"type":"B","date":"2018-03-19T03:08:43.000Z","volume":4000,"label":" ","price":1.9},{"type":"A","date":"2018-03-19T03:10:27.000Z","volume":2000,"label":" ","price":1.9},{"type":"A","date":"2018-03-19T03:11:02.000Z","volume":20000,"label":" ","price":1.9},{"type":"A","date":"2018-03-19T03:15:18.000Z","volume":24000,"label":" ","price":1.9},{"type":"A","date":"2018-03-19T03:15:18.000Z","volume":2000,"label":" ","price":1.9},{"type":"B","date":"2018-03-19T03:21:56.000Z","volume":34000,"label":" ","price":1.9},{"type":"A","date":"2018-03-19T03:22:03.000Z","volume":2000,"label":" ","price":1.9},{"type":"B","date":"2018-03-19T03:42:59.000Z","volume":100000,"label":" ","price":1.89},{"type":"B","date":"2018-03-19T03:42:59.000Z","volume":12000,"label":" ","price":1.89},{"type":"A","date":"2018-03-19T03:43:04.000Z","volume":4000,"label":" ","price":1.9},{"type":"B","date":"2018-03-19T03:48:14.000Z","volume":20000,"label":" ","price":1.89},{"type":"A","date":"2018-03-19T03:55:04.000Z","volume":40000,"label":" ","price":1.9},{"type":"A","date":"2018-03-19T05:00:13.000Z","volume":12000,"label":" ","price":1.9},{"type":"B","date":"2018-03-19T05:33:12.000Z","volume":50000,"label":" ","price":1.89},{"type":"B","date":"2018-03-19T05:33:23.000Z","volume":100000,"label":" ","price":1.89},{"type":"B","date":"2018-03-19T05:33:23.000Z","volume":2000,"label":" ","price":1.89},{"type":"B","date":"2018-03-19T05:33:23.000Z","volume":4000,"label":" ","price":1.89},{"type":"B","date":"2018-03-19T05:33:32.000Z","volume":50000,"label":" ","price":1.89},{"type":"B","date":"2018-03-19T05:33:38.000Z","volume":42000,"label":" ","price":1.89},{"type":"B","date":"2018-03-19T05:44:20.000Z","volume":18000,"label":" ","price":1.87},{"type":"B","date":"2018-03-19T05:55:27.000Z","volume":18000,"label":" ","price":1.88},{"type":"B","date":"2018-03-19T06:23:35.000Z","volume":20000,"label":" ","price":1.88},{"type":"B","date":"2018-03-19T06:27:26.000Z","volume":52000,"label":" ","price":1.87},{"type":"B","date":"2018-03-19T07:02:58.000Z","volume":2000,"label":" ","price":1.86},{"type":"B","date":"2018-03-19T07:30:14.000Z","volume":50000,"label":" ","price":1.85},{"type":"B","date":"2018-03-19T07:30:39.000Z","volume":10000,"label":" ","price":1.85},{"type":"A","date":"2018-03-19T07:50:40.000Z","volume":6000,"label":" ","price":1.86},{"type":"A","date":"2018-03-19T07:53:31.000Z","volume":20000,"label":" ","price":1.87},{"type":"A","date":"2018-03-19T07:53:48.000Z","volume":6000,"label":" ","price":1.87},{"type":"B","date":"2018-03-19T07:59:13.000Z","volume":10000,"label":" ","price":1.87},{"type":"A","date":"2018-03-19T07:59:52.000Z","volume":14000,"label":" ","price":1.87}]