[{"type":"B","date":"2018-03-23T01:30:46.000Z","volume":1000,"label":" ","price":1.81},{"type":"B","date":"2018-03-23T01:31:27.000Z","volume":9000,"label":" ","price":1.81},{"type":"B","date":"2018-03-23T01:31:41.000Z","volume":10000,"label":" ","price":1.78},{"type":"B","date":"2018-03-23T01:38:13.000Z","volume":1000,"label":" ","price":1.63},{"type":"A","date":"2018-03-23T01:47:07.000Z","volume":10000,"label":" ","price":1.78},{"type":"B","date":"2018-03-23T01:50:19.000Z","volume":10000,"label":" ","price":1.78},{"type":"A","date":"2018-03-23T01:51:02.000Z","volume":45000,"label":" ","price":1.78},{"type":"A","date":"2018-03-23T01:56:14.000Z","volume":11000,"label":" ","price":1.79},{"type":"B","date":"2018-03-23T01:57:53.000Z","volume":9000,"label":" ","price":1.79},{"type":"A","date":"2018-03-23T02:01:45.000Z","volume":1000,"label":" ","price":1.79},{"type":"A","date":"2018-03-23T02:03:27.000Z","volume":1000,"label":" ","price":1.8},{"type":"B","date":"2018-03-23T02:13:57.000Z","volume":9000,"label":" ","price":1.79},{"type":"A","date":"2018-03-23T02:19:54.000Z","volume":116000,"label":" ","price":1.79},{"type":"A","date":"2018-03-23T02:19:54.000Z","volume":20000,"label":" ","price":1.79},{"type":"A","date":"2018-03-23T02:20:00.000Z","volume":30000,"label":" ","price":1.79},{"type":"A","date":"2018-03-23T02:22:15.000Z","volume":24000,"label":" ","price":1.79},{"type":"A","date":"2018-03-23T02:31:21.000Z","volume":235000,"label":" ","price":1.8},{"type":"B","date":"2018-03-23T02:38:49.000Z","volume":6000,"label":" ","price":1.79},{"type":"A","date":"2018-03-23T02:43:18.000Z","volume":4000,"label":" ","price":1.79},{"type":"A","date":"2018-03-23T02:47:32.000Z","volume":1000,"label":" ","price":1.8},{"type":"B","date":"2018-03-23T02:56:19.000Z","volume":20000,"label":" ","price":1.79},{"type":"B","date":"2018-03-23T03:04:43.000Z","volume":6000,"label":" ","price":1.79},{"type":"A","date":"2018-03-23T03:13:50.000Z","volume":64000,"label":" ","price":1.79},{"type":"A","date":"2018-03-23T03:13:50.000Z","volume":6000,"label":" ","price":1.8},{"type":"A","date":"2018-03-23T03:24:21.000Z","volume":1000,"label":" ","price":1.8},{"type":"A","date":"2018-03-23T03:43:00.000Z","volume":100000,"label":" ","price":1.8},{"type":"A","date":"2018-03-23T03:43:04.000Z","volume":6000,"label":" ","price":1.8},{"type":"A","date":"2018-03-23T03:44:22.000Z","volume":11000,"label":" ","price":1.81},{"type":"B","date":"2018-03-23T03:45:45.000Z","volume":9000,"label":" ","price":1.81},{"type":"A","date":"2018-03-23T03:59:53.000Z","volume":1000,"label":" ","price":1.81},{"type":"B","date":"2018-03-23T05:32:16.000Z","volume":138000,"label":" ","price":1.78},{"type":"A","date":"2018-03-23T05:36:53.000Z","volume":42000,"label":" ","price":1.78},{"type":"A","date":"2018-03-23T05:39:59.000Z","volume":60000,"label":" ","price":1.79},{"type":"A","date":"2018-03-23T05:48:28.000Z","volume":50000,"label":" ","price":1.79},{"type":"A","date":"2018-03-23T05:58:31.000Z","volume":1000,"label":" ","price":1.79},{"type":"A","date":"2018-03-23T06:00:18.000Z","volume":49000,"label":" ","price":1.79},{"type":"A","date":"2018-03-23T06:00:18.000Z","volume":151000,"label":" ","price":1.8},{"type":"B","date":"2018-03-23T06:04:54.000Z","volume":8000,"label":" ","price":1.78},{"type":"B","date":"2018-03-23T06:04:54.000Z","volume":10000,"label":" ","price":1.77},{"type":"B","date":"2018-03-23T06:04:54.000Z","volume":30000,"label":" ","price":1.75},{"type":"B","date":"2018-03-23T06:04:54.000Z","volume":2000,"label":" ","price":1.73},{"type":"A","date":"2018-03-23T06:15:00.000Z","volume":1000,"label":" ","price":1.8},{"type":"A","date":"2018-03-23T06:19:19.000Z","volume":112000,"label":" ","price":1.79},{"type":"B","date":"2018-03-23T06:20:14.000Z","volume":18000,"label":" ","price":1.79},{"type":"A","date":"2018-03-23T06:21:47.000Z","volume":82000,"label":" ","price":1.79},{"type":"A","date":"2018-03-23T06:21:47.000Z","volume":18000,"label":" ","price":1.8},{"type":"A","date":"2018-03-23T06:22:11.000Z","volume":14000,"label":" ","price":1.79},{"type":"A","date":"2018-03-23T06:22:29.000Z","volume":8000,"label":" ","price":1.79},{"type":"A","date":"2018-03-23T06:26:15.000Z","volume":110000,"label":" ","price":1.79},{"type":"A","date":"2018-03-23T06:26:15.000Z","volume":10000,"label":" ","price":1.8},{"type":"A","date":"2018-03-23T06:26:44.000Z","volume":1000,"label":" ","price":1.8},{"type":"A","date":"2018-03-23T06:32:27.000Z","volume":50000,"label":" ","price":1.79},{"type":"A","date":"2018-03-23T06:33:09.000Z","volume":50000,"label":" ","price":1.79},{"type":"B","date":"2018-03-23T06:34:53.000Z","volume":30000,"label":" ","price":1.79},{"type":"B","date":"2018-03-23T06:34:53.000Z","volume":31000,"label":" ","price":1.79},{"type":"B","date":"2018-03-23T06:35:24.000Z","volume":9000,"label":" ","price":1.79},{"type":"A","date":"2018-03-23T06:38:19.000Z","volume":20000,"label":" ","price":1.79},{"type":"A","date":"2018-03-23T06:39:29.000Z","volume":61000,"label":" ","price":1.79},{"type":"A","date":"2018-03-23T06:39:29.000Z","volume":39000,"label":" ","price":1.8},{"type":"A","date":"2018-03-23T06:40:05.000Z","volume":15000,"label":" ","price":1.79},{"type":"A","date":"2018-03-23T06:41:21.000Z","volume":65000,"label":" ","price":1.79},{"type":"A","date":"2018-03-23T06:41:21.000Z","volume":35000,"label":" ","price":1.8},{"type":"A","date":"2018-03-23T06:45:21.000Z","volume":90000,"label":" ","price":1.79},{"type":"A","date":"2018-03-23T06:45:21.000Z","volume":10000,"label":" ","price":1.8},{"type":"A","date":"2018-03-23T06:48:00.000Z","volume":150000,"label":" ","price":1.79},{"type":"A","date":"2018-03-23T06:50:50.000Z","volume":30000,"label":" ","price":1.79},{"type":"A","date":"2018-03-23T06:50:50.000Z","volume":20000,"label":" ","price":1.8},{"type":"A","date":"2018-03-23T06:52:02.000Z","volume":30000,"label":" ","price":1.79},{"type":"A","date":"2018-03-23T06:52:02.000Z","volume":20000,"label":" ","price":1.8},{"type":"A","date":"2018-03-23T06:52:47.000Z","volume":1000,"label":" ","price":1.79},{"type":"A","date":"2018-03-23T06:53:43.000Z","volume":60000,"label":" ","price":1.79},{"type":"A","date":"2018-03-23T06:53:47.000Z","volume":13000,"label":" ","price":1.79},{"type":"A","date":"2018-03-23T06:56:30.000Z","volume":100000,"label":" ","price":1.79},{"type":"A","date":"2018-03-23T06:56:37.000Z","volume":6000,"label":" ","price":1.79},{"type":"B","date":"2018-03-23T06:56:43.000Z","volume":1000,"label":" ","price":1.79},{"type":"A","date":"2018-03-23T06:56:48.000Z","volume":10000,"label":" ","price":1.79},{"type":"A","date":"2018-03-23T06:57:46.000Z","volume":19000,"label":" ","price":1.79},{"type":"B","date":"2018-03-23T06:58:58.000Z","volume":30000,"label":" ","price":1.79},{"type":"B","date":"2018-03-23T07:16:32.000Z","volume":30000,"label":" ","price":1.79},{"type":"B","date":"2018-03-23T07:16:51.000Z","volume":21000,"label":" ","price":1.79},{"type":"A","date":"2018-03-23T07:16:56.000Z","volume":9000,"label":" ","price":1.79},{"type":"A","date":"2018-03-23T07:17:21.000Z","volume":14000,"label":" ","price":1.79},{"type":"A","date":"2018-03-23T07:18:18.000Z","volume":16000,"label":" ","price":1.79},{"type":"A","date":"2018-03-23T07:18:18.000Z","volume":4000,"label":" ","price":1.8},{"type":"A","date":"2018-03-23T07:32:21.000Z","volume":43000,"label":" ","price":1.8},{"type":"A","date":"2018-03-23T07:32:21.000Z","volume":7000,"label":" ","price":1.81},{"type":"A","date":"2018-03-23T07:35:02.000Z","volume":138000,"label":" ","price":1.8},{"type":"B","date":"2018-03-23T07:36:21.000Z","volume":1000,"label":" ","price":1.8},{"type":"B","date":"2018-03-23T07:37:19.000Z","volume":1000,"label":" ","price":1.8},{"type":"A","date":"2018-03-23T07:44:55.000Z","volume":1000,"label":" ","price":1.8},{"type":"A","date":"2018-03-23T07:56:27.000Z","volume":190000,"label":" ","price":1.8},{"type":"A","date":"2018-03-23T07:56:31.000Z","volume":2000,"label":" ","price":1.8},{"type":"A","date":"2018-03-23T07:59:12.000Z","volume":1000,"label":" ","price":1.81}]