[{"type":"U","date":"2018-04-10T01:20:00.000Z","volume":140000,"label":"U","price":0.375},{"type":"B","date":"2018-04-10T01:37:08.000Z","volume":10000,"label":" ","price":0.37},{"type":"B","date":"2018-04-10T01:48:35.000Z","volume":60000,"label":" ","price":0.37},{"type":"B","date":"2018-04-10T02:05:39.000Z","volume":240000,"label":" ","price":0.37},{"type":"B","date":"2018-04-10T02:05:39.000Z","volume":190000,"label":" ","price":0.37},{"type":"B","date":"2018-04-10T02:05:39.000Z","volume":130000,"label":" ","price":0.37},{"type":"B","date":"2018-04-10T02:05:39.000Z","volume":110000,"label":" ","price":0.37},{"type":"B","date":"2018-04-10T02:05:39.000Z","volume":10000,"label":" ","price":0.37},{"type":"A","date":"2018-04-10T02:12:49.000Z","volume":70000,"label":" ","price":0.37},{"type":"A","date":"2018-04-10T02:14:03.000Z","volume":10000,"label":" ","price":0.37},{"type":"A","date":"2018-04-10T02:16:56.000Z","volume":50000,"label":" ","price":0.37},{"type":"A","date":"2018-04-10T02:23:26.000Z","volume":140000,"label":" ","price":0.37},{"type":"A","date":"2018-04-10T02:23:33.000Z","volume":10000,"label":" ","price":0.37},{"type":"B","date":"2018-04-10T02:27:23.000Z","volume":210000,"label":" ","price":0.365},{"type":"A","date":"2018-04-10T02:34:33.000Z","volume":10000,"label":" ","price":0.37},{"type":"A","date":"2018-04-10T02:35:48.000Z","volume":100000,"label":" ","price":0.37},{"type":"A","date":"2018-04-10T02:35:54.000Z","volume":10000,"label":" ","price":0.37},{"type":"B","date":"2018-04-10T02:51:29.000Z","volume":160000,"label":" ","price":0.365},{"type":"A","date":"2018-04-10T02:57:33.000Z","volume":10000,"label":" ","price":0.37},{"type":"B","date":"2018-04-10T03:10:05.000Z","volume":1820000,"label":" ","price":0.365},{"type":"B","date":"2018-04-10T03:10:41.000Z","volume":500000,"label":" ","price":0.365},{"type":"B","date":"2018-04-10T03:10:41.000Z","volume":240000,"label":" ","price":0.365},{"type":"B","date":"2018-04-10T03:10:41.000Z","volume":40000,"label":" ","price":0.365},{"type":"B","date":"2018-04-10T03:10:41.000Z","volume":270000,"label":" ","price":0.365},{"type":"B","date":"2018-04-10T03:10:41.000Z","volume":120000,"label":" ","price":0.365},{"type":"A","date":"2018-04-10T03:10:43.000Z","volume":10000,"label":" ","price":0.37},{"type":"B","date":"2018-04-10T03:10:43.000Z","volume":20000,"label":" ","price":0.365},{"type":"B","date":"2018-04-10T03:10:44.000Z","volume":40000,"label":" ","price":0.365},{"type":"B","date":"2018-04-10T03:10:44.000Z","volume":30000,"label":" ","price":0.365},{"type":"B","date":"2018-04-10T03:10:48.000Z","volume":30000,"label":" ","price":0.365},{"type":"B","date":"2018-04-10T03:10:50.000Z","volume":150000,"label":" ","price":0.365},{"type":"A","date":"2018-04-10T03:13:33.000Z","volume":60000,"label":" ","price":0.365},{"type":"B","date":"2018-04-10T03:15:29.000Z","volume":10000,"label":" ","price":0.36},{"type":"A","date":"2018-04-10T03:24:32.000Z","volume":840000,"label":" ","price":0.365},{"type":"A","date":"2018-04-10T03:24:34.000Z","volume":30000,"label":" ","price":0.37},{"type":"A","date":"2018-04-10T03:31:10.000Z","volume":10000,"label":" ","price":0.37},{"type":"B","date":"2018-04-10T03:34:08.000Z","volume":30000,"label":" ","price":0.365},{"type":"B","date":"2018-04-10T03:40:14.000Z","volume":50000,"label":" ","price":0.365},{"type":"U","date":"2018-04-10T03:55:56.000Z","volume":2500,"label":"D","price":0.355},{"type":"A","date":"2018-04-10T03:58:15.000Z","volume":10000,"label":" ","price":0.37},{"type":"A","date":"2018-04-10T05:02:17.000Z","volume":10000,"label":" ","price":0.37},{"type":"A","date":"2018-04-10T05:21:17.000Z","volume":10000,"label":" ","price":0.37},{"type":"A","date":"2018-04-10T05:25:13.000Z","volume":20000,"label":" ","price":0.37},{"type":"A","date":"2018-04-10T05:59:05.000Z","volume":10000,"label":" ","price":0.37},{"type":"B","date":"2018-04-10T06:05:57.000Z","volume":10000,"label":" ","price":0.365},{"type":"B","date":"2018-04-10T06:06:54.000Z","volume":100000,"label":" ","price":0.365},{"type":"A","date":"2018-04-10T06:07:02.000Z","volume":10000,"label":" ","price":0.37},{"type":"A","date":"2018-04-10T06:18:17.000Z","volume":10000,"label":" ","price":0.37},{"type":"B","date":"2018-04-10T06:18:41.000Z","volume":50000,"label":" ","price":0.365},{"type":"A","date":"2018-04-10T06:34:01.000Z","volume":30000,"label":" ","price":0.37},{"type":"B","date":"2018-04-10T06:34:56.000Z","volume":10000,"label":" ","price":0.365},{"type":"A","date":"2018-04-10T06:38:38.000Z","volume":30000,"label":" ","price":0.37},{"type":"A","date":"2018-04-10T06:39:02.000Z","volume":10000,"label":" ","price":0.37},{"type":"B","date":"2018-04-10T06:46:42.000Z","volume":50000,"label":" ","price":0.365},{"type":"B","date":"2018-04-10T06:52:28.000Z","volume":20000,"label":" ","price":0.365},{"type":"A","date":"2018-04-10T06:55:44.000Z","volume":300000,"label":" ","price":0.37},{"type":"A","date":"2018-04-10T06:55:44.000Z","volume":1140000,"label":" ","price":0.37},{"type":"A","date":"2018-04-10T06:55:46.000Z","volume":400000,"label":" ","price":0.37},{"type":"A","date":"2018-04-10T06:55:51.000Z","volume":50000,"label":" ","price":0.37},{"type":"A","date":"2018-04-10T06:55:51.000Z","volume":70000,"label":" ","price":0.37},{"type":"A","date":"2018-04-10T06:55:51.000Z","volume":40000,"label":" ","price":0.37},{"type":"A","date":"2018-04-10T06:55:54.000Z","volume":10000,"label":" ","price":0.37},{"type":"A","date":"2018-04-10T06:56:00.000Z","volume":60000,"label":"Y","price":0.37},{"type":"A","date":"2018-04-10T06:56:44.000Z","volume":20000,"label":" ","price":0.37},{"type":"B","date":"2018-04-10T07:00:52.000Z","volume":40000,"label":" ","price":0.365},{"type":"A","date":"2018-04-10T07:00:52.000Z","volume":10000,"label":" ","price":0.37},{"type":"A","date":"2018-04-10T07:03:50.000Z","volume":10000,"label":" ","price":0.37},{"type":"B","date":"2018-04-10T07:07:05.000Z","volume":60000,"label":" ","price":0.365},{"type":"A","date":"2018-04-10T07:08:17.000Z","volume":800000,"label":"Y","price":0.37},{"type":"A","date":"2018-04-10T07:08:17.000Z","volume":10000,"label":" ","price":0.37},{"type":"B","date":"2018-04-10T07:14:39.000Z","volume":120000,"label":" ","price":0.365},{"type":"A","date":"2018-04-10T07:14:40.000Z","volume":20000,"label":" ","price":0.37},{"type":"A","date":"2018-04-10T07:16:08.000Z","volume":710000,"label":" ","price":0.37},{"type":"A","date":"2018-04-10T07:16:12.000Z","volume":10000,"label":" ","price":0.375},{"type":"A","date":"2018-04-10T07:17:17.000Z","volume":90000,"label":" ","price":0.375},{"type":"B","date":"2018-04-10T07:20:57.000Z","volume":10000,"label":" ","price":0.37},{"type":"A","date":"2018-04-10T07:24:50.000Z","volume":10000,"label":" ","price":0.375},{"type":"A","date":"2018-04-10T07:46:20.000Z","volume":10000,"label":" ","price":0.375},{"type":"A","date":"2018-04-10T07:46:24.000Z","volume":10000,"label":" ","price":0.375},{"type":"B","date":"2018-04-10T07:47:21.000Z","volume":60000,"label":" ","price":0.37},{"type":"B","date":"2018-04-10T07:51:16.000Z","volume":310000,"label":" ","price":0.37},{"type":"A","date":"2018-04-10T07:51:17.000Z","volume":10000,"label":" ","price":0.37},{"type":"A","date":"2018-04-10T07:51:28.000Z","volume":360000,"label":" ","price":0.37},{"type":"A","date":"2018-04-10T07:51:31.000Z","volume":10000,"label":" ","price":0.37},{"type":"U","date":"2018-04-10T07:57:52.000Z","volume":5000,"label":"D","price":0.35},{"type":"B","date":"2018-04-10T07:58:23.000Z","volume":650000,"label":" ","price":0.365},{"type":"A","date":"2018-04-10T07:58:26.000Z","volume":20000,"label":" ","price":0.37},{"type":"A","date":"2018-04-10T07:58:50.000Z","volume":340000,"label":" ","price":0.37},{"type":"A","date":"2018-04-10T07:58:53.000Z","volume":20000,"label":" ","price":0.37},{"type":"A","date":"2018-04-10T07:58:59.000Z","volume":10000,"label":" ","price":0.37},{"type":"A","date":"2018-04-10T07:59:30.000Z","volume":20000,"label":" ","price":0.37},{"type":"A","date":"2018-04-10T07:59:30.000Z","volume":100000,"label":" ","price":0.37},{"type":"U","date":"2018-04-10T08:08:54.000Z","volume":10000,"label":"U","price":0.37}]