[{"type":"U","date":"2018-03-29T01:20:00.000Z","volume":2000,"label":"U","price":0.47},{"type":"B","date":"2018-03-29T01:31:10.000Z","volume":18000,"label":"Y","price":0.465},{"type":"B","date":"2018-03-29T01:31:10.000Z","volume":128000,"label":" ","price":0.465},{"type":"B","date":"2018-03-29T01:31:39.000Z","volume":2000,"label":" ","price":0.465},{"type":"B","date":"2018-03-29T01:38:11.000Z","volume":20000,"label":" ","price":0.46},{"type":"B","date":"2018-03-29T01:38:24.000Z","volume":120000,"label":" ","price":0.46},{"type":"B","date":"2018-03-29T01:38:35.000Z","volume":200000,"label":" ","price":0.46},{"type":"B","date":"2018-03-29T01:38:41.000Z","volume":80000,"label":" ","price":0.46},{"type":"B","date":"2018-03-29T01:38:53.000Z","volume":256000,"label":" ","price":0.46},{"type":"B","date":"2018-03-29T01:40:04.000Z","volume":160000,"label":" ","price":0.46},{"type":"B","date":"2018-03-29T01:40:29.000Z","volume":316000,"label":" ","price":0.46},{"type":"B","date":"2018-03-29T01:40:29.000Z","volume":160000,"label":" ","price":0.46},{"type":"B","date":"2018-03-29T01:40:30.000Z","volume":140000,"label":" ","price":0.46},{"type":"B","date":"2018-03-29T01:40:33.000Z","volume":100000,"label":" ","price":0.46},{"type":"B","date":"2018-03-29T01:40:36.000Z","volume":100000,"label":" ","price":0.46},{"type":"B","date":"2018-03-29T01:40:36.000Z","volume":262000,"label":" ","price":0.46},{"type":"A","date":"2018-03-29T01:40:55.000Z","volume":22000,"label":" ","price":0.46},{"type":"A","date":"2018-03-29T01:41:23.000Z","volume":50000,"label":" ","price":0.46},{"type":"A","date":"2018-03-29T01:45:51.000Z","volume":100000,"label":" ","price":0.46},{"type":"A","date":"2018-03-29T01:45:59.000Z","volume":300000,"label":" ","price":0.46},{"type":"A","date":"2018-03-29T01:46:08.000Z","volume":20000,"label":" ","price":0.46},{"type":"A","date":"2018-03-29T01:46:16.000Z","volume":10000,"label":" ","price":0.46},{"type":"A","date":"2018-03-29T01:46:39.000Z","volume":30000,"label":" ","price":0.46},{"type":"B","date":"2018-03-29T01:46:53.000Z","volume":16000,"label":" ","price":0.46},{"type":"U","date":"2018-03-29T01:47:42.000Z","volume":22000,"label":"X","price":0.46},{"type":"A","date":"2018-03-29T01:48:51.000Z","volume":4000,"label":" ","price":0.465},{"type":"B","date":"2018-03-29T01:54:16.000Z","volume":54000,"label":" ","price":0.46},{"type":"B","date":"2018-03-29T01:54:16.000Z","volume":46000,"label":" ","price":0.455},{"type":"A","date":"2018-03-29T01:55:18.000Z","volume":90000,"label":" ","price":0.46},{"type":"B","date":"2018-03-29T01:56:23.000Z","volume":16000,"label":" ","price":0.46},{"type":"U","date":"2018-03-29T01:57:43.000Z","volume":2000,"label":"X","price":0.459},{"type":"B","date":"2018-03-29T01:59:24.000Z","volume":98000,"label":" ","price":0.46},{"type":"A","date":"2018-03-29T02:08:27.000Z","volume":100000,"label":" ","price":0.46},{"type":"A","date":"2018-03-29T02:08:39.000Z","volume":4000,"label":" ","price":0.46},{"type":"A","date":"2018-03-29T02:08:39.000Z","volume":2000,"label":" ","price":0.46},{"type":"U","date":"2018-03-29T02:12:07.000Z","volume":2000,"label":"X","price":0.46},{"type":"A","date":"2018-03-29T02:20:39.000Z","volume":6000,"label":"Y","price":0.46},{"type":"A","date":"2018-03-29T02:20:39.000Z","volume":12000,"label":" ","price":0.46},{"type":"B","date":"2018-03-29T02:24:39.000Z","volume":100000,"label":" ","price":0.455},{"type":"B","date":"2018-03-29T02:25:46.000Z","volume":300000,"label":" ","price":0.455},{"type":"B","date":"2018-03-29T02:27:24.000Z","volume":16000,"label":" ","price":0.455},{"type":"B","date":"2018-03-29T02:27:33.000Z","volume":16000,"label":" ","price":0.455},{"type":"B","date":"2018-03-29T02:27:44.000Z","volume":34000,"label":" ","price":0.455},{"type":"B","date":"2018-03-29T02:29:54.000Z","volume":10000,"label":" ","price":0.455},{"type":"A","date":"2018-03-29T02:29:54.000Z","volume":18000,"label":" ","price":0.46},{"type":"B","date":"2018-03-29T02:30:06.000Z","volume":100000,"label":" ","price":0.455},{"type":"A","date":"2018-03-29T02:32:39.000Z","volume":18000,"label":" ","price":0.46},{"type":"A","date":"2018-03-29T02:32:44.000Z","volume":4000,"label":" ","price":0.46},{"type":"A","date":"2018-03-29T02:36:45.000Z","volume":400000,"label":" ","price":0.46},{"type":"A","date":"2018-03-29T02:36:51.000Z","volume":1600000,"label":" ","price":0.46},{"type":"A","date":"2018-03-29T02:36:51.000Z","volume":114000,"label":" ","price":0.46},{"type":"B","date":"2018-03-29T02:37:25.000Z","volume":6000,"label":"Y","price":0.46},{"type":"B","date":"2018-03-29T02:37:25.000Z","volume":12000,"label":" ","price":0.46},{"type":"U","date":"2018-03-29T02:37:35.000Z","volume":2000,"label":"X","price":0.46},{"type":"B","date":"2018-03-29T02:38:46.000Z","volume":24000,"label":"Y","price":0.46},{"type":"B","date":"2018-03-29T02:38:46.000Z","volume":60000,"label":" ","price":0.46},{"type":"B","date":"2018-03-29T02:47:15.000Z","volume":122000,"label":" ","price":0.46},{"type":"U","date":"2018-03-29T02:47:41.000Z","volume":10000,"label":"X","price":0.46},{"type":"A","date":"2018-03-29T02:47:41.000Z","volume":72000,"label":" ","price":0.46},{"type":"A","date":"2018-03-29T02:49:11.000Z","volume":6000,"label":" ","price":0.46},{"type":"B","date":"2018-03-29T02:51:40.000Z","volume":38000,"label":" ","price":0.455},{"type":"A","date":"2018-03-29T02:51:55.000Z","volume":2000,"label":" ","price":0.46},{"type":"A","date":"2018-03-29T02:51:55.000Z","volume":2000,"label":" ","price":0.46},{"type":"U","date":"2018-03-29T02:52:41.000Z","volume":14000,"label":"X","price":0.458},{"type":"A","date":"2018-03-29T02:54:40.000Z","volume":2000,"label":" ","price":0.46},{"type":"A","date":"2018-03-29T02:55:12.000Z","volume":4000,"label":"Y","price":0.46},{"type":"A","date":"2018-03-29T02:56:43.000Z","volume":6000,"label":" ","price":0.46},{"type":"A","date":"2018-03-29T02:58:05.000Z","volume":40000,"label":" ","price":0.46},{"type":"A","date":"2018-03-29T02:59:36.000Z","volume":2000,"label":" ","price":0.46},{"type":"A","date":"2018-03-29T03:00:41.000Z","volume":12000,"label":" ","price":0.46},{"type":"U","date":"2018-03-29T03:02:41.000Z","volume":4000,"label":"X","price":0.46},{"type":"A","date":"2018-03-29T03:03:42.000Z","volume":4000,"label":"Y","price":0.46},{"type":"A","date":"2018-03-29T03:04:31.000Z","volume":50000,"label":" ","price":0.46},{"type":"A","date":"2018-03-29T03:11:52.000Z","volume":20000,"label":" ","price":0.46},{"type":"U","date":"2018-03-29T03:12:58.000Z","volume":4000,"label":"X","price":0.46},{"type":"A","date":"2018-03-29T03:13:47.000Z","volume":346000,"label":" ","price":0.46},{"type":"A","date":"2018-03-29T03:13:52.000Z","volume":12000,"label":" ","price":0.46},{"type":"A","date":"2018-03-29T03:14:14.000Z","volume":8000,"label":" ","price":0.46},{"type":"A","date":"2018-03-29T03:14:26.000Z","volume":4000,"label":" ","price":0.46},{"type":"A","date":"2018-03-29T03:16:22.000Z","volume":56000,"label":" ","price":0.46},{"type":"A","date":"2018-03-29T03:16:40.000Z","volume":18000,"label":" ","price":0.46},{"type":"A","date":"2018-03-29T03:16:41.000Z","volume":2000,"label":" ","price":0.46},{"type":"U","date":"2018-03-29T03:23:07.000Z","volume":4000,"label":"X","price":0.46},{"type":"A","date":"2018-03-29T03:23:43.000Z","volume":4000,"label":" ","price":0.46},{"type":"B","date":"2018-03-29T03:25:56.000Z","volume":18000,"label":" ","price":0.455},{"type":"A","date":"2018-03-29T03:27:22.000Z","volume":14000,"label":" ","price":0.46},{"type":"A","date":"2018-03-29T03:30:48.000Z","volume":2000,"label":" ","price":0.46},{"type":"B","date":"2018-03-29T03:32:00.000Z","volume":2000,"label":" ","price":0.455},{"type":"U","date":"2018-03-29T03:33:21.000Z","volume":2000,"label":"X","price":0.458},{"type":"B","date":"2018-03-29T03:33:30.000Z","volume":2000,"label":" ","price":0.455},{"type":"B","date":"2018-03-29T03:35:30.000Z","volume":2000,"label":" ","price":0.455},{"type":"B","date":"2018-03-29T03:36:56.000Z","volume":22000,"label":" ","price":0.455},{"type":"B","date":"2018-03-29T03:37:01.000Z","volume":2000,"label":" ","price":0.455},{"type":"A","date":"2018-03-29T03:37:15.000Z","volume":16000,"label":" ","price":0.46},{"type":"A","date":"2018-03-29T03:37:15.000Z","volume":12000,"label":" ","price":0.46},{"type":"B","date":"2018-03-29T03:39:00.000Z","volume":2000,"label":" ","price":0.455},{"type":"B","date":"2018-03-29T03:40:30.000Z","volume":2000,"label":" ","price":0.455},{"type":"A","date":"2018-03-29T03:41:11.000Z","volume":6000,"label":" ","price":0.46},{"type":"B","date":"2018-03-29T03:42:30.000Z","volume":2000,"label":" ","price":0.455},{"type":"B","date":"2018-03-29T03:44:00.000Z","volume":2000,"label":" ","price":0.455},{"type":"B","date":"2018-03-29T03:46:00.000Z","volume":2000,"label":" ","price":0.455},{"type":"B","date":"2018-03-29T03:47:30.000Z","volume":2000,"label":" ","price":0.455},{"type":"B","date":"2018-03-29T03:49:30.000Z","volume":2000,"label":" ","price":0.455},{"type":"B","date":"2018-03-29T03:51:27.000Z","volume":18000,"label":" ","price":0.455},{"type":"A","date":"2018-03-29T03:53:59.000Z","volume":100000,"label":" ","price":0.46},{"type":"B","date":"2018-03-29T05:00:01.000Z","volume":10000,"label":" ","price":0.455},{"type":"B","date":"2018-03-29T05:00:07.000Z","volume":34000,"label":" ","price":0.455},{"type":"A","date":"2018-03-29T05:01:02.000Z","volume":4000,"label":" ","price":0.46},{"type":"A","date":"2018-03-29T05:01:02.000Z","volume":16000,"label":" ","price":0.46},{"type":"B","date":"2018-03-29T05:06:40.000Z","volume":18000,"label":" ","price":0.455},{"type":"A","date":"2018-03-29T05:07:30.000Z","volume":2000,"label":" ","price":0.46},{"type":"U","date":"2018-03-29T05:08:40.000Z","volume":6000,"label":"X","price":0.456},{"type":"B","date":"2018-03-29T05:10:33.000Z","volume":2000,"label":"Y","price":0.455},{"type":"B","date":"2018-03-29T05:12:21.000Z","volume":20000,"label":"Y","price":0.455},{"type":"B","date":"2018-03-29T05:18:29.000Z","volume":16000,"label":" ","price":0.455},{"type":"A","date":"2018-03-29T05:20:13.000Z","volume":10000,"label":" ","price":0.46},{"type":"B","date":"2018-03-29T05:20:48.000Z","volume":234000,"label":"Y","price":0.455},{"type":"B","date":"2018-03-29T05:20:48.000Z","volume":280000,"label":" ","price":0.455},{"type":"A","date":"2018-03-29T05:21:15.000Z","volume":6000,"label":" ","price":0.46},{"type":"A","date":"2018-03-29T05:22:35.000Z","volume":10000,"label":" ","price":0.46},{"type":"A","date":"2018-03-29T05:25:28.000Z","volume":100000,"label":" ","price":0.46},{"type":"A","date":"2018-03-29T05:30:19.000Z","volume":6000,"label":" ","price":0.46},{"type":"U","date":"2018-03-29T05:31:15.000Z","volume":8000,"label":"X","price":0.46},{"type":"A","date":"2018-03-29T05:32:29.000Z","volume":100000,"label":" ","price":0.46},{"type":"A","date":"2018-03-29T05:32:44.000Z","volume":12000,"label":" ","price":0.46},{"type":"B","date":"2018-03-29T05:33:59.000Z","volume":22000,"label":" ","price":0.455},{"type":"A","date":"2018-03-29T05:39:49.000Z","volume":6000,"label":" ","price":0.46},{"type":"A","date":"2018-03-29T05:42:54.000Z","volume":8000,"label":" ","price":0.46},{"type":"A","date":"2018-03-29T05:45:25.000Z","volume":4000,"label":" ","price":0.46},{"type":"A","date":"2018-03-29T05:46:14.000Z","volume":12000,"label":" ","price":0.46},{"type":"A","date":"2018-03-29T05:46:19.000Z","volume":6000,"label":" ","price":0.46},{"type":"B","date":"2018-03-29T05:48:00.000Z","volume":24000,"label":" ","price":0.455},{"type":"A","date":"2018-03-29T05:49:27.000Z","volume":10000,"label":" ","price":0.46},{"type":"B","date":"2018-03-29T05:50:14.000Z","volume":6000,"label":" ","price":0.455},{"type":"B","date":"2018-03-29T05:52:54.000Z","volume":16000,"label":" ","price":0.455},{"type":"B","date":"2018-03-29T05:54:18.000Z","volume":1000000,"label":" ","price":0.455},{"type":"B","date":"2018-03-29T05:54:23.000Z","volume":2000,"label":" ","price":0.455},{"type":"A","date":"2018-03-29T05:56:18.000Z","volume":6000,"label":" ","price":0.46},{"type":"A","date":"2018-03-29T05:57:04.000Z","volume":200000,"label":" ","price":0.46},{"type":"U","date":"2018-03-29T05:57:13.000Z","volume":4000,"label":"X","price":0.46},{"type":"A","date":"2018-03-29T05:57:15.000Z","volume":14000,"label":" ","price":0.46},{"type":"U","date":"2018-03-29T05:58:13.000Z","volume":2000,"label":"X","price":0.46},{"type":"B","date":"2018-03-29T05:59:48.000Z","volume":100000,"label":" ","price":0.455},{"type":"B","date":"2018-03-29T06:01:30.000Z","volume":4000,"label":" ","price":0.455},{"type":"A","date":"2018-03-29T06:06:06.000Z","volume":18000,"label":" ","price":0.46},{"type":"B","date":"2018-03-29T06:07:07.000Z","volume":200000,"label":" ","price":0.455},{"type":"B","date":"2018-03-29T06:07:30.000Z","volume":18000,"label":" ","price":0.455},{"type":"A","date":"2018-03-29T06:07:33.000Z","volume":200000,"label":" ","price":0.46},{"type":"A","date":"2018-03-29T06:07:41.000Z","volume":4000,"label":" ","price":0.46},{"type":"A","date":"2018-03-29T06:08:10.000Z","volume":6000,"label":" ","price":0.46},{"type":"U","date":"2018-03-29T06:08:13.000Z","volume":2000,"label":"X","price":0.457},{"type":"A","date":"2018-03-29T06:08:15.000Z","volume":22000,"label":" ","price":0.46},{"type":"A","date":"2018-03-29T06:08:51.000Z","volume":22000,"label":" ","price":0.46},{"type":"U","date":"2018-03-29T06:10:13.000Z","volume":8000,"label":"X","price":0.46},{"type":"A","date":"2018-03-29T06:12:25.000Z","volume":44000,"label":" ","price":0.46},{"type":"A","date":"2018-03-29T06:12:51.000Z","volume":4000,"label":" ","price":0.46},{"type":"A","date":"2018-03-29T06:15:12.000Z","volume":10000,"label":" ","price":0.46},{"type":"A","date":"2018-03-29T06:15:15.000Z","volume":22000,"label":" ","price":0.46},{"type":"B","date":"2018-03-29T06:16:14.000Z","volume":998000,"label":"Y","price":0.455},{"type":"B","date":"2018-03-29T06:16:14.000Z","volume":2150000,"label":" ","price":0.455},{"type":"A","date":"2018-03-29T06:16:15.000Z","volume":18000,"label":" ","price":0.455},{"type":"A","date":"2018-03-29T06:16:37.000Z","volume":76000,"label":"Y","price":0.455},{"type":"A","date":"2018-03-29T06:16:45.000Z","volume":52000,"label":" ","price":0.455},{"type":"A","date":"2018-03-29T06:17:04.000Z","volume":70000,"label":" ","price":0.455},{"type":"A","date":"2018-03-29T06:17:26.000Z","volume":22000,"label":" ","price":0.455},{"type":"A","date":"2018-03-29T06:18:12.000Z","volume":16000,"label":" ","price":0.455},{"type":"A","date":"2018-03-29T06:18:14.000Z","volume":286000,"label":" ","price":0.455},{"type":"A","date":"2018-03-29T06:18:51.000Z","volume":6000,"label":" ","price":0.455},{"type":"A","date":"2018-03-29T06:19:35.000Z","volume":40000,"label":" ","price":0.455},{"type":"A","date":"2018-03-29T06:19:42.000Z","volume":4000,"label":" ","price":0.455},{"type":"A","date":"2018-03-29T06:19:55.000Z","volume":28000,"label":" ","price":0.455},{"type":"U","date":"2018-03-29T06:20:13.000Z","volume":2000,"label":"X","price":0.455},{"type":"A","date":"2018-03-29T06:20:15.000Z","volume":20000,"label":" ","price":0.455},{"type":"A","date":"2018-03-29T06:20:52.000Z","volume":4000,"label":" ","price":0.455},{"type":"A","date":"2018-03-29T06:21:07.000Z","volume":100000,"label":" ","price":0.455},{"type":"A","date":"2018-03-29T06:21:57.000Z","volume":30000,"label":" ","price":0.455},{"type":"A","date":"2018-03-29T06:21:59.000Z","volume":20000,"label":" ","price":0.455},{"type":"A","date":"2018-03-29T06:22:08.000Z","volume":24000,"label":"Y","price":0.455},{"type":"A","date":"2018-03-29T06:22:08.000Z","volume":26000,"label":" ","price":0.455},{"type":"A","date":"2018-03-29T06:22:12.000Z","volume":4000,"label":"Y","price":0.455},{"type":"A","date":"2018-03-29T06:23:22.000Z","volume":6000,"label":" ","price":0.455},{"type":"A","date":"2018-03-29T06:23:30.000Z","volume":68000,"label":" ","price":0.455},{"type":"A","date":"2018-03-29T06:25:00.000Z","volume":90000,"label":" ","price":0.46},{"type":"U","date":"2018-03-29T06:25:25.000Z","volume":24000,"label":"X","price":0.456},{"type":"B","date":"2018-03-29T06:27:28.000Z","volume":28000,"label":"Y","price":0.455},{"type":"B","date":"2018-03-29T06:27:28.000Z","volume":208000,"label":" ","price":0.455},{"type":"B","date":"2018-03-29T06:27:28.000Z","volume":954000,"label":"Y","price":0.45},{"type":"B","date":"2018-03-29T06:27:28.000Z","volume":2250000,"label":" ","price":0.45},{"type":"A","date":"2018-03-29T06:27:31.000Z","volume":74000,"label":" ","price":0.455},{"type":"B","date":"2018-03-29T06:27:49.000Z","volume":300000,"label":" ","price":0.45},{"type":"B","date":"2018-03-29T06:27:51.000Z","volume":100000,"label":" ","price":0.45},{"type":"B","date":"2018-03-29T06:27:51.000Z","volume":68000,"label":" ","price":0.45},{"type":"B","date":"2018-03-29T06:27:57.000Z","volume":46000,"label":" ","price":0.45},{"type":"A","date":"2018-03-29T06:27:59.000Z","volume":40000,"label":" ","price":0.455},{"type":"B","date":"2018-03-29T06:29:22.000Z","volume":200000,"label":" ","price":0.45},{"type":"A","date":"2018-03-29T06:30:04.000Z","volume":2000,"label":" ","price":0.455},{"type":"U","date":"2018-03-29T06:30:25.000Z","volume":6000,"label":"X","price":0.45},{"type":"B","date":"2018-03-29T06:30:56.000Z","volume":396000,"label":"Y","price":0.45},{"type":"B","date":"2018-03-29T06:30:56.000Z","volume":958000,"label":" ","price":0.45},{"type":"B","date":"2018-03-29T06:31:20.000Z","volume":400000,"label":" ","price":0.445},{"type":"A","date":"2018-03-29T06:31:20.000Z","volume":4000,"label":" ","price":0.45},{"type":"A","date":"2018-03-29T06:31:23.000Z","volume":50000,"label":" ","price":0.45},{"type":"A","date":"2018-03-29T06:31:23.000Z","volume":14000,"label":" ","price":0.45},{"type":"A","date":"2018-03-29T06:33:24.000Z","volume":44000,"label":"Y","price":0.45},{"type":"A","date":"2018-03-29T06:33:35.000Z","volume":20000,"label":" ","price":0.45},{"type":"A","date":"2018-03-29T06:34:05.000Z","volume":200000,"label":" ","price":0.45},{"type":"A","date":"2018-03-29T06:34:05.000Z","volume":2000,"label":" ","price":0.45},{"type":"A","date":"2018-03-29T06:34:17.000Z","volume":8000,"label":" ","price":0.45},{"type":"A","date":"2018-03-29T06:34:37.000Z","volume":70000,"label":" ","price":0.45},{"type":"A","date":"2018-03-29T06:34:37.000Z","volume":2000,"label":" ","price":0.45},{"type":"A","date":"2018-03-29T06:35:09.000Z","volume":300000,"label":" ","price":0.45},{"type":"U","date":"2018-03-29T06:35:22.000Z","volume":12000,"label":"X","price":0.45},{"type":"A","date":"2018-03-29T06:35:30.000Z","volume":50000,"label":" ","price":0.45},{"type":"U","date":"2018-03-29T06:35:38.000Z","volume":10000,"label":"X","price":0.449},{"type":"A","date":"2018-03-29T06:35:43.000Z","volume":8000,"label":"Y","price":0.45},{"type":"A","date":"2018-03-29T06:35:44.000Z","volume":2000,"label":"Y","price":0.45},{"type":"A","date":"2018-03-29T06:35:54.000Z","volume":10000,"label":" ","price":0.45},{"type":"A","date":"2018-03-29T06:36:02.000Z","volume":14000,"label":" ","price":0.45},{"type":"A","date":"2018-03-29T06:37:20.000Z","volume":26000,"label":"Y","price":0.45},{"type":"U","date":"2018-03-29T06:37:38.000Z","volume":4000,"label":"X","price":0.45},{"type":"A","date":"2018-03-29T06:37:49.000Z","volume":50000,"label":" ","price":0.45},{"type":"A","date":"2018-03-29T06:38:18.000Z","volume":6000,"label":" ","price":0.45},{"type":"A","date":"2018-03-29T06:39:11.000Z","volume":68000,"label":"Y","price":0.45},{"type":"U","date":"2018-03-29T06:39:38.000Z","volume":4000,"label":"X","price":0.45},{"type":"A","date":"2018-03-29T06:42:17.000Z","volume":14000,"label":"Y","price":0.45},{"type":"A","date":"2018-03-29T06:42:51.000Z","volume":6000,"label":" ","price":0.45},{"type":"A","date":"2018-03-29T06:43:13.000Z","volume":88000,"label":"Y","price":0.45},{"type":"U","date":"2018-03-29T06:43:25.000Z","volume":8000,"label":"X","price":0.45},{"type":"A","date":"2018-03-29T06:44:59.000Z","volume":20000,"label":" ","price":0.45},{"type":"A","date":"2018-03-29T06:45:24.000Z","volume":4000,"label":" ","price":0.45},{"type":"B","date":"2018-03-29T06:45:32.000Z","volume":320000,"label":"Y","price":0.445},{"type":"B","date":"2018-03-29T06:45:32.000Z","volume":690000,"label":" ","price":0.445},{"type":"B","date":"2018-03-29T06:45:32.000Z","volume":296000,"label":" ","price":0.445},{"type":"B","date":"2018-03-29T06:45:41.000Z","volume":40000,"label":" ","price":0.445},{"type":"U","date":"2018-03-29T06:45:47.000Z","volume":56000,"label":"X","price":0.45},{"type":"A","date":"2018-03-29T06:46:16.000Z","volume":20000,"label":" ","price":0.45},{"type":"A","date":"2018-03-29T06:46:31.000Z","volume":8000,"label":" ","price":0.45},{"type":"U","date":"2018-03-29T06:46:39.000Z","volume":10000,"label":"X","price":0.446},{"type":"A","date":"2018-03-29T06:46:53.000Z","volume":4000,"label":" ","price":0.45},{"type":"B","date":"2018-03-29T06:47:07.000Z","volume":68000,"label":"Y","price":0.445},{"type":"B","date":"2018-03-29T06:47:07.000Z","volume":530000,"label":" ","price":0.445},{"type":"A","date":"2018-03-29T06:47:15.000Z","volume":10000,"label":" ","price":0.445},{"type":"A","date":"2018-03-29T06:47:21.000Z","volume":16000,"label":" ","price":0.445},{"type":"A","date":"2018-03-29T06:48:41.000Z","volume":24000,"label":" ","price":0.445},{"type":"A","date":"2018-03-29T06:48:49.000Z","volume":300000,"label":" ","price":0.445},{"type":"A","date":"2018-03-29T06:49:06.000Z","volume":100000,"label":" ","price":0.445},{"type":"A","date":"2018-03-29T06:49:22.000Z","volume":18000,"label":" ","price":0.445},{"type":"A","date":"2018-03-29T06:50:04.000Z","volume":50000,"label":" ","price":0.445},{"type":"A","date":"2018-03-29T06:50:30.000Z","volume":40000,"label":" ","price":0.445},{"type":"A","date":"2018-03-29T06:51:00.000Z","volume":30000,"label":"Y","price":0.445},{"type":"A","date":"2018-03-29T06:51:06.000Z","volume":120000,"label":" ","price":0.445},{"type":"B","date":"2018-03-29T06:51:15.000Z","volume":1444000,"label":"Y","price":0.44},{"type":"B","date":"2018-03-29T06:51:15.000Z","volume":712000,"label":" ","price":0.44},{"type":"A","date":"2018-03-29T06:51:15.000Z","volume":28000,"label":" ","price":0.44},{"type":"A","date":"2018-03-29T06:51:15.000Z","volume":70000,"label":" ","price":0.44},{"type":"A","date":"2018-03-29T06:51:18.000Z","volume":18000,"label":" ","price":0.445},{"type":"B","date":"2018-03-29T06:51:30.000Z","volume":2000,"label":" ","price":0.44},{"type":"B","date":"2018-03-29T06:51:33.000Z","volume":2000,"label":" ","price":0.44},{"type":"B","date":"2018-03-29T06:51:35.000Z","volume":2000,"label":" ","price":0.44},{"type":"A","date":"2018-03-29T06:52:08.000Z","volume":40000,"label":" ","price":0.445},{"type":"B","date":"2018-03-29T06:52:22.000Z","volume":400000,"label":" ","price":0.44},{"type":"B","date":"2018-03-29T06:52:22.000Z","volume":120000,"label":" ","price":0.44},{"type":"A","date":"2018-03-29T06:52:24.000Z","volume":14000,"label":" ","price":0.445},{"type":"B","date":"2018-03-29T06:52:24.000Z","volume":14000,"label":" ","price":0.44},{"type":"A","date":"2018-03-29T06:52:28.000Z","volume":80000,"label":"Y","price":0.445},{"type":"A","date":"2018-03-29T06:52:28.000Z","volume":248000,"label":" ","price":0.445},{"type":"B","date":"2018-03-29T06:52:34.000Z","volume":34000,"label":" ","price":0.445},{"type":"A","date":"2018-03-29T06:53:12.000Z","volume":34000,"label":"Y","price":0.445},{"type":"A","date":"2018-03-29T06:53:12.000Z","volume":66000,"label":" ","price":0.445},{"type":"A","date":"2018-03-29T06:53:45.000Z","volume":20000,"label":"Y","price":0.445},{"type":"A","date":"2018-03-29T06:54:47.000Z","volume":100000,"label":"Y","price":0.445},{"type":"A","date":"2018-03-29T06:56:02.000Z","volume":50000,"label":" ","price":0.445},{"type":"U","date":"2018-03-29T06:56:26.000Z","volume":18000,"label":"X","price":0.443},{"type":"A","date":"2018-03-29T06:57:52.000Z","volume":22000,"label":"Y","price":0.445},{"type":"A","date":"2018-03-29T06:57:52.000Z","volume":272000,"label":" ","price":0.445},{"type":"A","date":"2018-03-29T06:57:54.000Z","volume":364000,"label":" ","price":0.445},{"type":"U","date":"2018-03-29T07:01:26.000Z","volume":6000,"label":"X","price":0.445},{"type":"A","date":"2018-03-29T07:06:41.000Z","volume":4000,"label":" ","price":0.45},{"type":"A","date":"2018-03-29T07:07:11.000Z","volume":8000,"label":" ","price":0.45},{"type":"A","date":"2018-03-29T07:07:38.000Z","volume":8000,"label":" ","price":0.45},{"type":"A","date":"2018-03-29T07:08:29.000Z","volume":38000,"label":" ","price":0.45},{"type":"U","date":"2018-03-29T07:08:30.000Z","volume":2000,"label":"X","price":0.45},{"type":"A","date":"2018-03-29T07:09:00.000Z","volume":100000,"label":" ","price":0.45},{"type":"A","date":"2018-03-29T07:09:08.000Z","volume":300000,"label":" ","price":0.45},{"type":"A","date":"2018-03-29T07:11:04.000Z","volume":2000,"label":" ","price":0.45},{"type":"A","date":"2018-03-29T07:14:25.000Z","volume":6000,"label":" ","price":0.45},{"type":"A","date":"2018-03-29T07:18:08.000Z","volume":60000,"label":" ","price":0.45},{"type":"A","date":"2018-03-29T07:18:46.000Z","volume":200000,"label":" ","price":0.45},{"type":"U","date":"2018-03-29T07:18:54.000Z","volume":8000,"label":"X","price":0.45},{"type":"A","date":"2018-03-29T07:21:38.000Z","volume":4000,"label":" ","price":0.45},{"type":"A","date":"2018-03-29T07:22:31.000Z","volume":42000,"label":" ","price":0.45},{"type":"A","date":"2018-03-29T07:23:08.000Z","volume":4000,"label":" ","price":0.45},{"type":"U","date":"2018-03-29T07:24:18.000Z","volume":20000,"label":"X","price":0.45},{"type":"A","date":"2018-03-29T07:24:25.000Z","volume":6000,"label":" ","price":0.45},{"type":"A","date":"2018-03-29T07:24:38.000Z","volume":4000,"label":" ","price":0.45},{"type":"A","date":"2018-03-29T07:26:08.000Z","volume":4000,"label":" ","price":0.45},{"type":"A","date":"2018-03-29T07:27:00.000Z","volume":140000,"label":" ","price":0.45},{"type":"A","date":"2018-03-29T07:27:38.000Z","volume":4000,"label":" ","price":0.45},{"type":"A","date":"2018-03-29T07:29:08.000Z","volume":4000,"label":" ","price":0.45},{"type":"A","date":"2018-03-29T07:29:55.000Z","volume":10000,"label":" ","price":0.45},{"type":"A","date":"2018-03-29T07:30:38.000Z","volume":4000,"label":" ","price":0.45},{"type":"A","date":"2018-03-29T07:32:08.000Z","volume":4000,"label":" ","price":0.45},{"type":"A","date":"2018-03-29T07:33:08.000Z","volume":4000,"label":" ","price":0.45},{"type":"U","date":"2018-03-29T07:34:32.000Z","volume":6000,"label":"X","price":0.45},{"type":"A","date":"2018-03-29T07:34:38.000Z","volume":4000,"label":" ","price":0.45},{"type":"A","date":"2018-03-29T07:34:38.000Z","volume":90000,"label":" ","price":0.45},{"type":"A","date":"2018-03-29T07:34:38.000Z","volume":2000,"label":" ","price":0.45},{"type":"A","date":"2018-03-29T07:34:42.000Z","volume":2000,"label":" ","price":0.45},{"type":"A","date":"2018-03-29T07:36:08.000Z","volume":4000,"label":" ","price":0.45},{"type":"A","date":"2018-03-29T07:36:12.000Z","volume":100000,"label":" ","price":0.45},{"type":"A","date":"2018-03-29T07:36:12.000Z","volume":4000,"label":" ","price":0.45},{"type":"A","date":"2018-03-29T07:37:38.000Z","volume":4000,"label":" ","price":0.45},{"type":"A","date":"2018-03-29T07:37:50.000Z","volume":26000,"label":" ","price":0.45},{"type":"A","date":"2018-03-29T07:38:38.000Z","volume":4000,"label":" ","price":0.45},{"type":"A","date":"2018-03-29T07:40:08.000Z","volume":4000,"label":" ","price":0.45},{"type":"A","date":"2018-03-29T07:40:27.000Z","volume":6000,"label":" ","price":0.45},{"type":"A","date":"2018-03-29T07:41:38.000Z","volume":4000,"label":" ","price":0.45},{"type":"A","date":"2018-03-29T07:41:47.000Z","volume":16000,"label":" ","price":0.45},{"type":"A","date":"2018-03-29T07:42:38.000Z","volume":4000,"label":" ","price":0.45},{"type":"A","date":"2018-03-29T07:43:11.000Z","volume":100000,"label":" ","price":0.45},{"type":"B","date":"2018-03-29T07:43:31.000Z","volume":200000,"label":" ","price":0.445},{"type":"A","date":"2018-03-29T07:43:44.000Z","volume":2000,"label":" ","price":0.45},{"type":"A","date":"2018-03-29T07:43:53.000Z","volume":200000,"label":" ","price":0.45},{"type":"A","date":"2018-03-29T07:44:08.000Z","volume":4000,"label":" ","price":0.45},{"type":"U","date":"2018-03-29T07:44:48.000Z","volume":4000,"label":"X","price":0.449},{"type":"A","date":"2018-03-29T07:45:38.000Z","volume":4000,"label":" ","price":0.45},{"type":"A","date":"2018-03-29T07:47:08.000Z","volume":4000,"label":" ","price":0.45},{"type":"A","date":"2018-03-29T07:47:56.000Z","volume":20000,"label":" ","price":0.45},{"type":"A","date":"2018-03-29T07:48:02.000Z","volume":8000,"label":" ","price":0.45},{"type":"A","date":"2018-03-29T07:48:08.000Z","volume":4000,"label":" ","price":0.45},{"type":"A","date":"2018-03-29T07:48:38.000Z","volume":4000,"label":" ","price":0.45},{"type":"A","date":"2018-03-29T07:49:39.000Z","volume":4000,"label":" ","price":0.45},{"type":"A","date":"2018-03-29T07:50:09.000Z","volume":4000,"label":" ","price":0.45},{"type":"A","date":"2018-03-29T07:50:39.000Z","volume":4000,"label":" ","price":0.45},{"type":"A","date":"2018-03-29T07:51:39.000Z","volume":4000,"label":" ","price":0.45},{"type":"A","date":"2018-03-29T07:51:58.000Z","volume":180000,"label":" ","price":0.45},{"type":"B","date":"2018-03-29T07:52:04.000Z","volume":18000,"label":" ","price":0.445},{"type":"A","date":"2018-03-29T07:52:09.000Z","volume":4000,"label":" ","price":0.45},{"type":"A","date":"2018-03-29T07:52:39.000Z","volume":4000,"label":" ","price":0.45},{"type":"A","date":"2018-03-29T07:52:39.000Z","volume":2000,"label":" ","price":0.45},{"type":"A","date":"2018-03-29T07:53:39.000Z","volume":4000,"label":" ","price":0.45},{"type":"A","date":"2018-03-29T07:54:09.000Z","volume":4000,"label":" ","price":0.45},{"type":"A","date":"2018-03-29T07:54:39.000Z","volume":4000,"label":" ","price":0.45},{"type":"A","date":"2018-03-29T07:54:47.000Z","volume":300000,"label":" ","price":0.45},{"type":"B","date":"2018-03-29T07:55:04.000Z","volume":24000,"label":" ","price":0.445},{"type":"A","date":"2018-03-29T07:55:09.000Z","volume":4000,"label":" ","price":0.45},{"type":"A","date":"2018-03-29T07:55:14.000Z","volume":6000,"label":" ","price":0.45},{"type":"A","date":"2018-03-29T07:55:39.000Z","volume":4000,"label":" ","price":0.45},{"type":"A","date":"2018-03-29T07:55:40.000Z","volume":2000,"label":" ","price":0.45},{"type":"A","date":"2018-03-29T07:56:39.000Z","volume":4000,"label":" ","price":0.45},{"type":"A","date":"2018-03-29T07:57:09.000Z","volume":8000,"label":" ","price":0.45},{"type":"A","date":"2018-03-29T07:57:39.000Z","volume":4000,"label":" ","price":0.45},{"type":"A","date":"2018-03-29T07:57:58.000Z","volume":4000,"label":" ","price":0.45},{"type":"A","date":"2018-03-29T07:58:09.000Z","volume":4000,"label":" ","price":0.45},{"type":"A","date":"2018-03-29T07:58:10.000Z","volume":10000,"label":" ","price":0.45},{"type":"A","date":"2018-03-29T07:58:39.000Z","volume":4000,"label":" ","price":0.45},{"type":"B","date":"2018-03-29T07:59:04.000Z","volume":24000,"label":" ","price":0.445},{"type":"A","date":"2018-03-29T07:59:09.000Z","volume":4000,"label":" ","price":0.45},{"type":"A","date":"2018-03-29T07:59:30.000Z","volume":4000,"label":" ","price":0.45},{"type":"B","date":"2018-03-29T07:59:42.000Z","volume":198000,"label":" ","price":0.445},{"type":"A","date":"2018-03-29T07:59:56.000Z","volume":6000,"label":" ","price":0.45},{"type":"U","date":"2018-03-29T08:08:11.000Z","volume":286000,"label":"U","price":0.445}]