[{"type":"A","date":"2018-04-23T06:28:46.000Z","volume":1000,"label":" ","price":5.2},{"type":"A","date":"2018-04-23T06:28:46.000Z","volume":5000,"label":" ","price":5.2},{"type":"A","date":"2018-04-23T06:28:47.000Z","volume":1000,"label":" ","price":5.19},{"type":"U","date":"2018-04-23T06:28:52.000Z","volume":57,"label":"D","price":5.2},{"type":"A","date":"2018-04-23T06:29:00.000Z","volume":1000,"label":" ","price":5.19},{"type":"A","date":"2018-04-23T06:29:04.000Z","volume":1000,"label":" ","price":5.19},{"type":"A","date":"2018-04-23T06:29:23.000Z","volume":1000,"label":" ","price":5.19},{"type":"B","date":"2018-04-23T06:32:05.000Z","volume":1000,"label":" ","price":5.14},{"type":"B","date":"2018-04-23T06:32:05.000Z","volume":1000,"label":" ","price":5.12},{"type":"B","date":"2018-04-23T06:32:07.000Z","volume":4000,"label":" ","price":5.11},{"type":"A","date":"2018-04-23T06:32:16.000Z","volume":1000,"label":" ","price":5.14},{"type":"B","date":"2018-04-23T06:32:27.000Z","volume":1000,"label":" ","price":5.1},{"type":"B","date":"2018-04-23T06:33:15.000Z","volume":1000,"label":" ","price":5.1},{"type":"A","date":"2018-04-23T06:33:41.000Z","volume":1000,"label":" ","price":5.14},{"type":"B","date":"2018-04-23T06:33:42.000Z","volume":1000,"label":" ","price":5.13},{"type":"B","date":"2018-04-23T06:33:42.000Z","volume":1000,"label":" ","price":5.13},{"type":"B","date":"2018-04-23T06:33:43.000Z","volume":1000,"label":" ","price":5.11},{"type":"B","date":"2018-04-23T06:36:10.000Z","volume":1000,"label":" ","price":5.11},{"type":"B","date":"2018-04-23T06:56:47.000Z","volume":1000,"label":" ","price":5.1},{"type":"B","date":"2018-04-23T06:57:01.000Z","volume":1000,"label":" ","price":5.09},{"type":"A","date":"2018-04-23T07:13:23.000Z","volume":2000,"label":"Y","price":5.12},{"type":"A","date":"2018-04-23T07:13:23.000Z","volume":4000,"label":" ","price":5.12},{"type":"B","date":"2018-04-23T07:13:24.000Z","volume":1000,"label":" ","price":5.12},{"type":"B","date":"2018-04-23T07:13:24.000Z","volume":1000,"label":" ","price":5.12},{"type":"B","date":"2018-04-23T07:13:28.000Z","volume":1000,"label":" ","price":5.12},{"type":"A","date":"2018-04-23T07:14:23.000Z","volume":1000,"label":" ","price":5.13},{"type":"B","date":"2018-04-23T07:14:55.000Z","volume":1000,"label":" ","price":5.14},{"type":"B","date":"2018-04-23T07:31:49.000Z","volume":1000,"label":" ","price":5.14},{"type":"B","date":"2018-04-23T07:36:49.000Z","volume":1000,"label":" ","price":5.13},{"type":"B","date":"2018-04-23T07:40:57.000Z","volume":1000,"label":" ","price":5.14},{"type":"B","date":"2018-04-23T07:41:24.000Z","volume":1000,"label":" ","price":5.14},{"type":"B","date":"2018-04-23T07:42:59.000Z","volume":1000,"label":" ","price":5.13},{"type":"A","date":"2018-04-23T07:43:57.000Z","volume":1000,"label":" ","price":5.11},{"type":"A","date":"2018-04-23T07:45:15.000Z","volume":1000,"label":" ","price":5.14},{"type":"B","date":"2018-04-23T07:45:15.000Z","volume":1000,"label":" ","price":5.1},{"type":"A","date":"2018-04-23T07:46:48.000Z","volume":1000,"label":" ","price":5.13},{"type":"B","date":"2018-04-23T07:47:15.000Z","volume":1000,"label":" ","price":5.12},{"type":"A","date":"2018-04-23T07:50:49.000Z","volume":1000,"label":" ","price":5.14},{"type":"B","date":"2018-04-23T07:55:04.000Z","volume":1000,"label":" ","price":5.17},{"type":"A","date":"2018-04-23T07:57:33.000Z","volume":1000,"label":" ","price":5.19},{"type":"B","date":"2018-04-23T07:59:20.000Z","volume":1000,"label":" ","price":5.13},{"type":"U","date":"2018-04-23T08:08:11.000Z","volume":1000,"label":"U","price":5.11}]