[{"type":"B","date":"2018-04-19T01:42:47.000Z","volume":400,"label":" ","price":48.75},{"type":"U","date":"2018-04-19T01:42:47.000Z","volume":800,"label":"X","price":48.825},{"type":"U","date":"2018-04-19T01:43:00.000Z","volume":800,"label":" ","price":48.85},{"type":"A","date":"2018-04-19T01:43:00.000Z","volume":400,"label":" ","price":48.9},{"type":"A","date":"2018-04-19T01:43:00.000Z","volume":400,"label":" ","price":49.1},{"type":"A","date":"2018-04-19T01:48:44.000Z","volume":800,"label":" ","price":49.2},{"type":"A","date":"2018-04-19T01:48:44.000Z","volume":400,"label":" ","price":49.25},{"type":"A","date":"2018-04-19T01:49:13.000Z","volume":400,"label":" ","price":49.2},{"type":"A","date":"2018-04-19T01:49:13.000Z","volume":400,"label":" ","price":49.2},{"type":"A","date":"2018-04-19T01:49:13.000Z","volume":400,"label":" ","price":49.3},{"type":"A","date":"2018-04-19T01:49:14.000Z","volume":400,"label":" ","price":49.3},{"type":"A","date":"2018-04-19T01:49:14.000Z","volume":400,"label":" ","price":49.3},{"type":"U","date":"2018-04-19T01:49:15.000Z","volume":400,"label":" ","price":49.25},{"type":"A","date":"2018-04-19T01:49:15.000Z","volume":400,"label":" ","price":49.3},{"type":"U","date":"2018-04-19T01:49:17.000Z","volume":400,"label":" ","price":49.25},{"type":"A","date":"2018-04-19T01:49:17.000Z","volume":400,"label":" ","price":49.3},{"type":"U","date":"2018-04-19T01:49:19.000Z","volume":400,"label":" ","price":49.25},{"type":"A","date":"2018-04-19T01:49:20.000Z","volume":2000,"label":" ","price":49.3},{"type":"A","date":"2018-04-19T01:49:20.000Z","volume":400,"label":" ","price":49.3},{"type":"A","date":"2018-04-19T01:49:20.000Z","volume":2800,"label":" ","price":49.4},{"type":"A","date":"2018-04-19T01:49:20.000Z","volume":1200,"label":" ","price":49.4},{"type":"A","date":"2018-04-19T01:49:20.000Z","volume":1200,"label":" ","price":49.45},{"type":"U","date":"2018-04-19T01:49:20.000Z","volume":400,"label":" ","price":49.45},{"type":"A","date":"2018-04-19T01:49:21.000Z","volume":800,"label":" ","price":49.6},{"type":"B","date":"2018-04-19T01:49:21.000Z","volume":800,"label":" ","price":49.45},{"type":"A","date":"2018-04-19T01:49:22.000Z","volume":400,"label":" ","price":49.65},{"type":"A","date":"2018-04-19T01:49:23.000Z","volume":400,"label":" ","price":49.65},{"type":"A","date":"2018-04-19T01:49:28.000Z","volume":400,"label":" ","price":49.65},{"type":"A","date":"2018-04-19T01:49:30.000Z","volume":800,"label":" ","price":49.65},{"type":"A","date":"2018-04-19T01:49:34.000Z","volume":400,"label":" ","price":49.65},{"type":"A","date":"2018-04-19T01:49:38.000Z","volume":1600,"label":" ","price":49.7},{"type":"A","date":"2018-04-19T01:49:39.000Z","volume":800,"label":" ","price":49.65},{"type":"U","date":"2018-04-19T01:49:40.000Z","volume":400,"label":" ","price":49.6},{"type":"A","date":"2018-04-19T01:49:41.000Z","volume":400,"label":" ","price":49.7},{"type":"A","date":"2018-04-19T01:49:50.000Z","volume":800,"label":" ","price":49.75},{"type":"A","date":"2018-04-19T01:49:50.000Z","volume":800,"label":" ","price":49.8},{"type":"A","date":"2018-04-19T01:49:52.000Z","volume":400,"label":" ","price":49.8},{"type":"A","date":"2018-04-19T01:49:52.000Z","volume":400,"label":" ","price":49.85},{"type":"A","date":"2018-04-19T01:50:20.000Z","volume":400,"label":" ","price":49.8},{"type":"B","date":"2018-04-19T01:51:08.000Z","volume":400,"label":" ","price":49.55},{"type":"A","date":"2018-04-19T01:51:09.000Z","volume":400,"label":" ","price":49.7},{"type":"B","date":"2018-04-19T01:51:13.000Z","volume":4000,"label":" ","price":49.55},{"type":"A","date":"2018-04-19T01:51:14.000Z","volume":400,"label":" ","price":49.65},{"type":"U","date":"2018-04-19T01:51:17.000Z","volume":400,"label":" ","price":49.65},{"type":"B","date":"2018-04-19T01:51:24.000Z","volume":1600,"label":" ","price":49.55},{"type":"B","date":"2018-04-19T01:51:24.000Z","volume":800,"label":" ","price":49.55},{"type":"B","date":"2018-04-19T01:51:24.000Z","volume":800,"label":" ","price":49.5},{"type":"B","date":"2018-04-19T01:52:05.000Z","volume":800,"label":" ","price":49.45},{"type":"B","date":"2018-04-19T01:53:36.000Z","volume":1200,"label":" ","price":49.45},{"type":"B","date":"2018-04-19T01:54:28.000Z","volume":800,"label":" ","price":49.45},{"type":"A","date":"2018-04-19T01:56:24.000Z","volume":3600,"label":" ","price":49.5},{"type":"A","date":"2018-04-19T01:56:24.000Z","volume":400,"label":" ","price":49.55},{"type":"A","date":"2018-04-19T01:56:26.000Z","volume":400,"label":" ","price":49.5},{"type":"U","date":"2018-04-19T01:56:32.000Z","volume":800,"label":" ","price":49.5},{"type":"A","date":"2018-04-19T01:56:32.000Z","volume":400,"label":" ","price":49.55},{"type":"A","date":"2018-04-19T01:56:37.000Z","volume":400,"label":" ","price":49.5},{"type":"B","date":"2018-04-19T01:56:37.000Z","volume":800,"label":" ","price":49.5},{"type":"A","date":"2018-04-19T01:56:37.000Z","volume":400,"label":" ","price":49.55},{"type":"A","date":"2018-04-19T01:56:37.000Z","volume":400,"label":" ","price":49.55},{"type":"A","date":"2018-04-19T01:56:38.000Z","volume":400,"label":" ","price":49.55},{"type":"A","date":"2018-04-19T01:57:03.000Z","volume":400,"label":" ","price":49.65},{"type":"U","date":"2018-04-19T01:57:04.000Z","volume":400,"label":" ","price":49.6},{"type":"A","date":"2018-04-19T01:57:04.000Z","volume":400,"label":" ","price":49.65},{"type":"A","date":"2018-04-19T01:57:43.000Z","volume":800,"label":" ","price":49.65},{"type":"A","date":"2018-04-19T01:57:44.000Z","volume":400,"label":" ","price":49.6},{"type":"A","date":"2018-04-19T01:58:40.000Z","volume":800,"label":" ","price":49.6},{"type":"A","date":"2018-04-19T01:58:40.000Z","volume":400,"label":" ","price":49.6},{"type":"A","date":"2018-04-19T01:58:41.000Z","volume":400,"label":" ","price":49.65},{"type":"A","date":"2018-04-19T01:58:42.000Z","volume":400,"label":" ","price":49.6},{"type":"B","date":"2018-04-19T01:59:41.000Z","volume":400,"label":" ","price":49.55},{"type":"B","date":"2018-04-19T02:02:15.000Z","volume":2400,"label":" ","price":49.55},{"type":"B","date":"2018-04-19T02:02:15.000Z","volume":400,"label":" ","price":49.55},{"type":"A","date":"2018-04-19T02:02:15.000Z","volume":400,"label":" ","price":49.55},{"type":"A","date":"2018-04-19T02:02:15.000Z","volume":400,"label":" ","price":49.55},{"type":"A","date":"2018-04-19T02:02:15.000Z","volume":400,"label":" ","price":49.55},{"type":"A","date":"2018-04-19T02:02:15.000Z","volume":400,"label":" ","price":49.55},{"type":"A","date":"2018-04-19T02:02:15.000Z","volume":400,"label":" ","price":49.55},{"type":"B","date":"2018-04-19T02:02:15.000Z","volume":1200,"label":" ","price":49.5},{"type":"A","date":"2018-04-19T02:02:16.000Z","volume":400,"label":" ","price":49.55},{"type":"B","date":"2018-04-19T02:02:25.000Z","volume":400,"label":" ","price":49.5},{"type":"B","date":"2018-04-19T02:02:27.000Z","volume":800,"label":" ","price":49.5},{"type":"B","date":"2018-04-19T02:02:28.000Z","volume":400,"label":" ","price":49.5},{"type":"B","date":"2018-04-19T02:04:50.000Z","volume":1200,"label":" ","price":49.45},{"type":"B","date":"2018-04-19T02:04:50.000Z","volume":400,"label":" ","price":49.45},{"type":"U","date":"2018-04-19T02:08:21.000Z","volume":400,"label":"X","price":49.45},{"type":"A","date":"2018-04-19T02:08:35.000Z","volume":800,"label":"Y","price":49.45},{"type":"A","date":"2018-04-19T02:08:35.000Z","volume":1600,"label":" ","price":49.45},{"type":"B","date":"2018-04-19T02:09:52.000Z","volume":4800,"label":" ","price":49.4},{"type":"B","date":"2018-04-19T02:09:52.000Z","volume":1600,"label":" ","price":49.4},{"type":"A","date":"2018-04-19T02:09:53.000Z","volume":400,"label":" ","price":49.45},{"type":"A","date":"2018-04-19T02:09:53.000Z","volume":800,"label":" ","price":49.45},{"type":"A","date":"2018-04-19T02:09:54.000Z","volume":400,"label":" ","price":49.45},{"type":"U","date":"2018-04-19T02:09:58.000Z","volume":1600,"label":"X","price":49.425},{"type":"A","date":"2018-04-19T02:10:11.000Z","volume":400,"label":" ","price":49.45},{"type":"A","date":"2018-04-19T02:10:11.000Z","volume":400,"label":" ","price":49.45},{"type":"A","date":"2018-04-19T02:10:31.000Z","volume":400,"label":" ","price":49.45},{"type":"A","date":"2018-04-19T02:10:31.000Z","volume":400,"label":" ","price":49.45},{"type":"A","date":"2018-04-19T02:12:02.000Z","volume":400,"label":" ","price":49.5},{"type":"A","date":"2018-04-19T02:12:03.000Z","volume":400,"label":" ","price":49.5},{"type":"A","date":"2018-04-19T02:12:10.000Z","volume":400,"label":" ","price":49.5},{"type":"B","date":"2018-04-19T02:12:17.000Z","volume":400,"label":" ","price":49.45},{"type":"A","date":"2018-04-19T02:12:17.000Z","volume":400,"label":" ","price":49.45},{"type":"A","date":"2018-04-19T02:13:48.000Z","volume":400,"label":" ","price":49.5},{"type":"A","date":"2018-04-19T02:13:50.000Z","volume":400,"label":" ","price":49.5},{"type":"A","date":"2018-04-19T02:16:47.000Z","volume":2000,"label":" ","price":49.5},{"type":"A","date":"2018-04-19T02:16:47.000Z","volume":400,"label":" ","price":49.55},{"type":"A","date":"2018-04-19T02:16:48.000Z","volume":800,"label":" ","price":49.55},{"type":"U","date":"2018-04-19T02:18:11.000Z","volume":400,"label":" ","price":49.5},{"type":"U","date":"2018-04-19T02:18:11.000Z","volume":400,"label":"X","price":49.5},{"type":"A","date":"2018-04-19T02:18:37.000Z","volume":400,"label":" ","price":49.5},{"type":"A","date":"2018-04-19T02:18:37.000Z","volume":400,"label":" ","price":49.5},{"type":"A","date":"2018-04-19T02:19:10.000Z","volume":400,"label":" ","price":49.55},{"type":"A","date":"2018-04-19T02:25:16.000Z","volume":400,"label":" ","price":49.55},{"type":"A","date":"2018-04-19T02:25:16.000Z","volume":800,"label":" ","price":49.55},{"type":"A","date":"2018-04-19T02:25:17.000Z","volume":400,"label":" ","price":49.55},{"type":"A","date":"2018-04-19T02:26:11.000Z","volume":400,"label":" ","price":49.5},{"type":"A","date":"2018-04-19T02:26:15.000Z","volume":400,"label":" ","price":49.5},{"type":"A","date":"2018-04-19T02:26:19.000Z","volume":400,"label":" ","price":49.5},{"type":"U","date":"2018-04-19T02:28:29.000Z","volume":400,"label":"X","price":49.5},{"type":"A","date":"2018-04-19T02:29:32.000Z","volume":800,"label":" ","price":49.5},{"type":"A","date":"2018-04-19T02:29:32.000Z","volume":400,"label":" ","price":49.5},{"type":"A","date":"2018-04-19T02:29:32.000Z","volume":400,"label":" ","price":49.5},{"type":"A","date":"2018-04-19T02:29:35.000Z","volume":400,"label":" ","price":49.5},{"type":"U","date":"2018-04-19T02:29:59.000Z","volume":400,"label":"X","price":49.475},{"type":"B","date":"2018-04-19T02:30:05.000Z","volume":400,"label":" ","price":49.45},{"type":"A","date":"2018-04-19T02:31:40.000Z","volume":1200,"label":" ","price":49.5},{"type":"A","date":"2018-04-19T02:31:40.000Z","volume":400,"label":" ","price":49.5},{"type":"A","date":"2018-04-19T02:31:40.000Z","volume":400,"label":" ","price":49.5},{"type":"A","date":"2018-04-19T02:31:40.000Z","volume":800,"label":" ","price":49.5},{"type":"A","date":"2018-04-19T02:31:42.000Z","volume":400,"label":" ","price":49.5},{"type":"A","date":"2018-04-19T02:33:38.000Z","volume":400,"label":" ","price":49.55},{"type":"A","date":"2018-04-19T02:33:46.000Z","volume":2000,"label":" ","price":49.55},{"type":"A","date":"2018-04-19T02:33:47.000Z","volume":400,"label":" ","price":49.55},{"type":"A","date":"2018-04-19T02:36:14.000Z","volume":800,"label":" ","price":49.55},{"type":"A","date":"2018-04-19T02:36:34.000Z","volume":400,"label":" ","price":49.55},{"type":"A","date":"2018-04-19T02:36:36.000Z","volume":400,"label":" ","price":49.55},{"type":"A","date":"2018-04-19T02:36:38.000Z","volume":400,"label":" ","price":49.6},{"type":"A","date":"2018-04-19T02:38:05.000Z","volume":400,"label":" ","price":49.6},{"type":"A","date":"2018-04-19T02:39:24.000Z","volume":400,"label":" ","price":49.65},{"type":"U","date":"2018-04-19T02:40:36.000Z","volume":400,"label":"X","price":49.65},{"type":"A","date":"2018-04-19T02:40:36.000Z","volume":400,"label":" ","price":49.65},{"type":"A","date":"2018-04-19T02:40:37.000Z","volume":400,"label":" ","price":49.65},{"type":"B","date":"2018-04-19T02:44:05.000Z","volume":400,"label":" ","price":49.6},{"type":"B","date":"2018-04-19T02:44:05.000Z","volume":2800,"label":" ","price":49.6},{"type":"B","date":"2018-04-19T02:44:05.000Z","volume":800,"label":" ","price":49.6},{"type":"U","date":"2018-04-19T02:50:01.000Z","volume":400,"label":"X","price":49.475},{"type":"U","date":"2018-04-19T02:50:04.000Z","volume":400,"label":" ","price":49.5},{"type":"A","date":"2018-04-19T02:50:49.000Z","volume":400,"label":"Y","price":49.5},{"type":"A","date":"2018-04-19T02:50:49.000Z","volume":800,"label":" ","price":49.5},{"type":"B","date":"2018-04-19T02:52:20.000Z","volume":400,"label":" ","price":49.5},{"type":"A","date":"2018-04-19T02:52:20.000Z","volume":400,"label":" ","price":49.6},{"type":"U","date":"2018-04-19T02:58:02.000Z","volume":400,"label":"X","price":49.6},{"type":"U","date":"2018-04-19T02:58:19.000Z","volume":400,"label":"X","price":49.525},{"type":"B","date":"2018-04-19T03:02:05.000Z","volume":2400,"label":" ","price":49.45},{"type":"B","date":"2018-04-19T03:05:55.000Z","volume":400,"label":" ","price":49.45},{"type":"B","date":"2018-04-19T03:05:55.000Z","volume":1200,"label":" ","price":49.45},{"type":"U","date":"2018-04-19T03:05:55.000Z","volume":400,"label":"X","price":49.5},{"type":"B","date":"2018-04-19T03:05:55.000Z","volume":400,"label":" ","price":49.45},{"type":"A","date":"2018-04-19T03:05:55.000Z","volume":400,"label":" ","price":49.45},{"type":"A","date":"2018-04-19T03:05:55.000Z","volume":400,"label":" ","price":49.45},{"type":"A","date":"2018-04-19T03:05:55.000Z","volume":400,"label":" ","price":49.45},{"type":"U","date":"2018-04-19T03:05:55.000Z","volume":400,"label":"X","price":49.45},{"type":"U","date":"2018-04-19T03:05:55.000Z","volume":400,"label":"X","price":49.45},{"type":"A","date":"2018-04-19T03:06:57.000Z","volume":400,"label":" ","price":49.45},{"type":"A","date":"2018-04-19T03:08:37.000Z","volume":400,"label":" ","price":49.45},{"type":"A","date":"2018-04-19T03:08:37.000Z","volume":400,"label":" ","price":49.45},{"type":"U","date":"2018-04-19T03:18:57.000Z","volume":400,"label":"X","price":49.5},{"type":"U","date":"2018-04-19T03:19:15.000Z","volume":800,"label":" ","price":49.45},{"type":"A","date":"2018-04-19T03:19:16.000Z","volume":400,"label":" ","price":49.45},{"type":"A","date":"2018-04-19T03:19:20.000Z","volume":400,"label":" ","price":49.45},{"type":"U","date":"2018-04-19T03:20:02.000Z","volume":400,"label":"X","price":49.425},{"type":"B","date":"2018-04-19T03:20:05.000Z","volume":1200,"label":" ","price":49.4},{"type":"A","date":"2018-04-19T03:20:05.000Z","volume":400,"label":" ","price":49.45},{"type":"A","date":"2018-04-19T03:22:15.000Z","volume":400,"label":" ","price":49.45},{"type":"A","date":"2018-04-19T03:26:09.000Z","volume":400,"label":"Y","price":49.45},{"type":"A","date":"2018-04-19T03:30:38.000Z","volume":400,"label":" ","price":49.45},{"type":"A","date":"2018-04-19T03:30:39.000Z","volume":400,"label":" ","price":49.45},{"type":"U","date":"2018-04-19T03:33:35.000Z","volume":400,"label":"X","price":49.425},{"type":"B","date":"2018-04-19T03:34:30.000Z","volume":400,"label":" ","price":49.4},{"type":"A","date":"2018-04-19T03:35:35.000Z","volume":400,"label":" ","price":49.45},{"type":"A","date":"2018-04-19T03:38:15.000Z","volume":400,"label":" ","price":49.45},{"type":"A","date":"2018-04-19T03:38:15.000Z","volume":400,"label":" ","price":49.45},{"type":"A","date":"2018-04-19T03:44:07.000Z","volume":400,"label":" ","price":49.45},{"type":"A","date":"2018-04-19T03:45:18.000Z","volume":400,"label":" ","price":49.45},{"type":"B","date":"2018-04-19T03:48:45.000Z","volume":400,"label":" ","price":49.4},{"type":"A","date":"2018-04-19T03:48:45.000Z","volume":800,"label":" ","price":49.45},{"type":"B","date":"2018-04-19T03:49:00.000Z","volume":2400,"label":" ","price":49.4},{"type":"A","date":"2018-04-19T03:49:00.000Z","volume":400,"label":" ","price":49.4},{"type":"U","date":"2018-04-19T03:49:00.000Z","volume":400,"label":"X","price":49.425},{"type":"B","date":"2018-04-19T03:49:02.000Z","volume":400,"label":" ","price":49.4},{"type":"A","date":"2018-04-19T03:55:19.000Z","volume":400,"label":" ","price":49.4},{"type":"A","date":"2018-04-19T03:58:48.000Z","volume":800,"label":" ","price":49.4},{"type":"A","date":"2018-04-19T03:58:48.000Z","volume":1200,"label":" ","price":49.4},{"type":"A","date":"2018-04-19T03:58:49.000Z","volume":400,"label":" ","price":49.4},{"type":"A","date":"2018-04-19T03:58:52.000Z","volume":400,"label":" ","price":49.45},{"type":"A","date":"2018-04-19T05:00:00.000Z","volume":3600,"label":" ","price":49.5},{"type":"A","date":"2018-04-19T05:00:00.000Z","volume":2400,"label":" ","price":49.6},{"type":"U","date":"2018-04-19T05:00:07.000Z","volume":400,"label":" ","price":49.5},{"type":"U","date":"2018-04-19T05:00:44.000Z","volume":800,"label":"X","price":49.45},{"type":"A","date":"2018-04-19T05:00:45.000Z","volume":400,"label":" ","price":49.5},{"type":"U","date":"2018-04-19T05:00:47.000Z","volume":400,"label":" ","price":49.45},{"type":"U","date":"2018-04-19T05:00:47.000Z","volume":800,"label":"X","price":49.45},{"type":"A","date":"2018-04-19T05:01:02.000Z","volume":400,"label":" ","price":49.5},{"type":"A","date":"2018-04-19T05:05:20.000Z","volume":3200,"label":" ","price":49.6},{"type":"A","date":"2018-04-19T05:05:20.000Z","volume":400,"label":" ","price":49.65},{"type":"A","date":"2018-04-19T05:05:23.000Z","volume":1600,"label":" ","price":49.65},{"type":"A","date":"2018-04-19T05:05:23.000Z","volume":3600,"label":" ","price":49.7},{"type":"A","date":"2018-04-19T05:05:23.000Z","volume":400,"label":" ","price":49.75},{"type":"U","date":"2018-04-19T05:05:28.000Z","volume":400,"label":"X","price":49.675},{"type":"A","date":"2018-04-19T05:06:02.000Z","volume":800,"label":" ","price":49.75},{"type":"A","date":"2018-04-19T05:06:02.000Z","volume":3200,"label":" ","price":49.75},{"type":"A","date":"2018-04-19T05:06:02.000Z","volume":400,"label":" ","price":49.8},{"type":"A","date":"2018-04-19T05:06:03.000Z","volume":4000,"label":" ","price":49.85},{"type":"A","date":"2018-04-19T05:06:03.000Z","volume":400,"label":" ","price":49.85},{"type":"A","date":"2018-04-19T05:06:48.000Z","volume":400,"label":" ","price":49.85},{"type":"A","date":"2018-04-19T05:06:52.000Z","volume":400,"label":" ","price":49.85},{"type":"A","date":"2018-04-19T05:06:52.000Z","volume":2800,"label":" ","price":49.85},{"type":"A","date":"2018-04-19T05:07:53.000Z","volume":2400,"label":" ","price":49.9},{"type":"A","date":"2018-04-19T05:07:53.000Z","volume":800,"label":" ","price":49.95},{"type":"A","date":"2018-04-19T05:07:53.000Z","volume":6000,"label":" ","price":49.95},{"type":"A","date":"2018-04-19T05:07:53.000Z","volume":5200,"label":" ","price":50},{"type":"A","date":"2018-04-19T05:07:54.000Z","volume":1600,"label":" ","price":50.1},{"type":"A","date":"2018-04-19T05:07:54.000Z","volume":1600,"label":" ","price":50.1},{"type":"A","date":"2018-04-19T05:07:54.000Z","volume":400,"label":" ","price":50.15},{"type":"U","date":"2018-04-19T05:07:54.000Z","volume":325,"label":"D","price":49.55},{"type":"U","date":"2018-04-19T05:07:56.000Z","volume":400,"label":"X","price":50.125},{"type":"B","date":"2018-04-19T05:08:54.000Z","volume":800,"label":" ","price":50.05},{"type":"A","date":"2018-04-19T05:08:55.000Z","volume":400,"label":" ","price":50.15},{"type":"B","date":"2018-04-19T05:09:12.000Z","volume":400,"label":" ","price":50.05},{"type":"B","date":"2018-04-19T05:09:15.000Z","volume":400,"label":" ","price":50.05},{"type":"B","date":"2018-04-19T05:09:18.000Z","volume":400,"label":" ","price":50.05},{"type":"B","date":"2018-04-19T05:09:23.000Z","volume":400,"label":" ","price":50.05},{"type":"B","date":"2018-04-19T05:09:25.000Z","volume":400,"label":"Y","price":50.05},{"type":"B","date":"2018-04-19T05:09:25.000Z","volume":1600,"label":" ","price":50.05},{"type":"B","date":"2018-04-19T05:09:25.000Z","volume":1600,"label":" ","price":50},{"type":"B","date":"2018-04-19T05:09:25.000Z","volume":400,"label":"Y","price":49.95},{"type":"A","date":"2018-04-19T05:09:25.000Z","volume":400,"label":" ","price":50.1},{"type":"A","date":"2018-04-19T05:09:37.000Z","volume":1200,"label":"Y","price":50.2},{"type":"A","date":"2018-04-19T05:11:02.000Z","volume":400,"label":" ","price":50.2},{"type":"B","date":"2018-04-19T05:11:05.000Z","volume":1600,"label":" ","price":50.2},{"type":"B","date":"2018-04-19T05:11:05.000Z","volume":4400,"label":" ","price":50.15},{"type":"B","date":"2018-04-19T05:11:06.000Z","volume":400,"label":" ","price":50.2},{"type":"B","date":"2018-04-19T05:11:14.000Z","volume":400,"label":" ","price":50.2},{"type":"B","date":"2018-04-19T05:11:33.000Z","volume":1200,"label":" ","price":50.2},{"type":"U","date":"2018-04-19T05:11:33.000Z","volume":400,"label":"X","price":50.175},{"type":"A","date":"2018-04-19T05:11:33.000Z","volume":800,"label":" ","price":50.2},{"type":"A","date":"2018-04-19T05:12:13.000Z","volume":1200,"label":"Y","price":50.2},{"type":"A","date":"2018-04-19T05:12:13.000Z","volume":400,"label":" ","price":50.2},{"type":"A","date":"2018-04-19T05:12:13.000Z","volume":400,"label":" ","price":50.2},{"type":"B","date":"2018-04-19T05:13:01.000Z","volume":4000,"label":" ","price":50.15},{"type":"B","date":"2018-04-19T05:13:01.000Z","volume":1200,"label":" ","price":50.1},{"type":"A","date":"2018-04-19T05:13:01.000Z","volume":400,"label":" ","price":50.1},{"type":"A","date":"2018-04-19T05:13:01.000Z","volume":400,"label":" ","price":50.1},{"type":"B","date":"2018-04-19T05:13:01.000Z","volume":400,"label":" ","price":50.1},{"type":"A","date":"2018-04-19T05:13:01.000Z","volume":400,"label":" ","price":50.15},{"type":"A","date":"2018-04-19T05:13:01.000Z","volume":400,"label":" ","price":50.15},{"type":"U","date":"2018-04-19T05:13:04.000Z","volume":400,"label":"X","price":50.1},{"type":"U","date":"2018-04-19T05:13:05.000Z","volume":800,"label":"X","price":50.1},{"type":"B","date":"2018-04-19T05:13:06.000Z","volume":400,"label":" ","price":50.1},{"type":"A","date":"2018-04-19T05:14:38.000Z","volume":2000,"label":" ","price":50.15},{"type":"B","date":"2018-04-19T05:14:43.000Z","volume":400,"label":" ","price":50.1},{"type":"B","date":"2018-04-19T05:14:52.000Z","volume":400,"label":" ","price":50.1},{"type":"A","date":"2018-04-19T05:16:25.000Z","volume":400,"label":"Y","price":50.1},{"type":"B","date":"2018-04-19T05:17:34.000Z","volume":800,"label":" ","price":50.05},{"type":"A","date":"2018-04-19T05:17:34.000Z","volume":400,"label":" ","price":50.1},{"type":"B","date":"2018-04-19T05:22:10.000Z","volume":400,"label":" ","price":50},{"type":"U","date":"2018-04-19T05:22:12.000Z","volume":400,"label":"X","price":50.025},{"type":"B","date":"2018-04-19T05:22:14.000Z","volume":400,"label":" ","price":50},{"type":"B","date":"2018-04-19T05:22:15.000Z","volume":400,"label":" ","price":50},{"type":"U","date":"2018-04-19T05:23:05.000Z","volume":400,"label":"X","price":50.025},{"type":"U","date":"2018-04-19T05:28:35.000Z","volume":400,"label":"X","price":50.025},{"type":"B","date":"2018-04-19T05:29:08.000Z","volume":800,"label":" ","price":50},{"type":"B","date":"2018-04-19T05:32:32.000Z","volume":1600,"label":" ","price":50},{"type":"A","date":"2018-04-19T05:32:32.000Z","volume":400,"label":" ","price":50},{"type":"A","date":"2018-04-19T05:32:32.000Z","volume":400,"label":" ","price":50},{"type":"B","date":"2018-04-19T05:32:32.000Z","volume":400,"label":" ","price":50},{"type":"B","date":"2018-04-19T05:35:45.000Z","volume":400,"label":" ","price":50},{"type":"B","date":"2018-04-19T05:36:38.000Z","volume":400,"label":"Y","price":50},{"type":"B","date":"2018-04-19T05:36:38.000Z","volume":800,"label":" ","price":50},{"type":"B","date":"2018-04-19T05:36:49.000Z","volume":800,"label":" ","price":50},{"type":"B","date":"2018-04-19T05:42:08.000Z","volume":800,"label":" ","price":49.95},{"type":"B","date":"2018-04-19T05:42:08.000Z","volume":400,"label":"Y","price":49.95},{"type":"B","date":"2018-04-19T05:42:17.000Z","volume":2800,"label":" ","price":49.9},{"type":"U","date":"2018-04-19T05:42:22.000Z","volume":800,"label":"X","price":49.85},{"type":"U","date":"2018-04-19T05:44:30.000Z","volume":400,"label":"X","price":49.825},{"type":"U","date":"2018-04-19T05:44:39.000Z","volume":1200,"label":" ","price":49.8},{"type":"U","date":"2018-04-19T05:44:39.000Z","volume":2800,"label":" ","price":49.8},{"type":"A","date":"2018-04-19T05:44:41.000Z","volume":1600,"label":" ","price":49.9},{"type":"A","date":"2018-04-19T05:44:42.000Z","volume":1600,"label":" ","price":49.9},{"type":"A","date":"2018-04-19T05:44:42.000Z","volume":400,"label":" ","price":49.9},{"type":"A","date":"2018-04-19T05:44:42.000Z","volume":400,"label":" ","price":49.9},{"type":"A","date":"2018-04-19T05:44:43.000Z","volume":400,"label":" ","price":50.1},{"type":"B","date":"2018-04-19T05:46:15.000Z","volume":400,"label":" ","price":49.95},{"type":"B","date":"2018-04-19T05:47:17.000Z","volume":5200,"label":" ","price":49.95},{"type":"A","date":"2018-04-19T05:47:17.000Z","volume":1200,"label":" ","price":49.95},{"type":"U","date":"2018-04-19T05:47:21.000Z","volume":800,"label":"X","price":49.975},{"type":"A","date":"2018-04-19T05:57:05.000Z","volume":400,"label":" ","price":50},{"type":"A","date":"2018-04-19T05:57:08.000Z","volume":1200,"label":" ","price":50},{"type":"A","date":"2018-04-19T05:57:09.000Z","volume":400,"label":" ","price":50},{"type":"B","date":"2018-04-19T05:58:33.000Z","volume":2000,"label":" ","price":49.95},{"type":"U","date":"2018-04-19T05:58:33.000Z","volume":800,"label":"X","price":49.95},{"type":"A","date":"2018-04-19T05:58:33.000Z","volume":1200,"label":" ","price":49.95},{"type":"A","date":"2018-04-19T05:58:33.000Z","volume":1200,"label":" ","price":49.95},{"type":"A","date":"2018-04-19T05:58:34.000Z","volume":1200,"label":" ","price":49.95},{"type":"A","date":"2018-04-19T05:58:35.000Z","volume":400,"label":" ","price":49.95},{"type":"A","date":"2018-04-19T05:58:57.000Z","volume":400,"label":" ","price":49.95},{"type":"B","date":"2018-04-19T06:03:48.000Z","volume":2000,"label":" ","price":49.95},{"type":"U","date":"2018-04-19T06:04:57.000Z","volume":400,"label":"X","price":50},{"type":"B","date":"2018-04-19T06:05:14.000Z","volume":2000,"label":" ","price":49.95},{"type":"B","date":"2018-04-19T06:08:13.000Z","volume":1200,"label":" ","price":49.95},{"type":"A","date":"2018-04-19T06:08:13.000Z","volume":400,"label":" ","price":49.95},{"type":"A","date":"2018-04-19T06:08:13.000Z","volume":400,"label":" ","price":49.95},{"type":"A","date":"2018-04-19T06:08:13.000Z","volume":400,"label":" ","price":49.95},{"type":"A","date":"2018-04-19T06:08:13.000Z","volume":400,"label":" ","price":49.95},{"type":"A","date":"2018-04-19T06:08:14.000Z","volume":400,"label":" ","price":50},{"type":"A","date":"2018-04-19T06:09:07.000Z","volume":800,"label":" ","price":49.95},{"type":"B","date":"2018-04-19T06:21:35.000Z","volume":400,"label":" ","price":49.9},{"type":"B","date":"2018-04-19T06:21:38.000Z","volume":400,"label":" ","price":49.9},{"type":"B","date":"2018-04-19T06:23:19.000Z","volume":1200,"label":" ","price":49.9},{"type":"B","date":"2018-04-19T06:23:35.000Z","volume":2000,"label":" ","price":49.9},{"type":"U","date":"2018-04-19T06:23:58.000Z","volume":400,"label":"X","price":49.925},{"type":"B","date":"2018-04-19T06:25:56.000Z","volume":400,"label":" ","price":49.9},{"type":"B","date":"2018-04-19T06:26:50.000Z","volume":400,"label":" ","price":49.9},{"type":"B","date":"2018-04-19T06:27:17.000Z","volume":2000,"label":" ","price":49.9},{"type":"A","date":"2018-04-19T06:27:18.000Z","volume":400,"label":" ","price":49.95},{"type":"B","date":"2018-04-19T06:27:18.000Z","volume":400,"label":" ","price":49.9},{"type":"B","date":"2018-04-19T06:27:21.000Z","volume":1200,"label":" ","price":49.85},{"type":"U","date":"2018-04-19T06:29:09.000Z","volume":400,"label":"X","price":49.85},{"type":"U","date":"2018-04-19T06:32:58.000Z","volume":400,"label":"X","price":49.85},{"type":"U","date":"2018-04-19T06:37:53.000Z","volume":400,"label":"X","price":49.825},{"type":"B","date":"2018-04-19T06:38:56.000Z","volume":400,"label":" ","price":49.8},{"type":"B","date":"2018-04-19T06:38:59.000Z","volume":400,"label":" ","price":49.8},{"type":"A","date":"2018-04-19T06:39:04.000Z","volume":800,"label":" ","price":49.85},{"type":"A","date":"2018-04-19T06:39:09.000Z","volume":400,"label":" ","price":49.85},{"type":"U","date":"2018-04-19T06:39:09.000Z","volume":800,"label":"X","price":49.85},{"type":"A","date":"2018-04-19T06:39:59.000Z","volume":800,"label":"Y","price":49.85},{"type":"A","date":"2018-04-19T06:39:59.000Z","volume":400,"label":" ","price":49.85},{"type":"A","date":"2018-04-19T06:40:41.000Z","volume":800,"label":" ","price":49.85},{"type":"A","date":"2018-04-19T06:40:41.000Z","volume":800,"label":" ","price":49.85},{"type":"A","date":"2018-04-19T06:44:00.000Z","volume":1600,"label":" ","price":49.85},{"type":"A","date":"2018-04-19T06:44:04.000Z","volume":400,"label":"Y","price":49.9},{"type":"B","date":"2018-04-19T06:44:54.000Z","volume":3600,"label":" ","price":49.85},{"type":"A","date":"2018-04-19T06:44:54.000Z","volume":1200,"label":" ","price":49.85},{"type":"A","date":"2018-04-19T06:44:54.000Z","volume":1200,"label":" ","price":49.85},{"type":"A","date":"2018-04-19T06:44:54.000Z","volume":1200,"label":" ","price":49.85},{"type":"A","date":"2018-04-19T06:44:54.000Z","volume":1200,"label":" ","price":49.85},{"type":"A","date":"2018-04-19T06:44:54.000Z","volume":1200,"label":" ","price":49.85},{"type":"A","date":"2018-04-19T06:44:54.000Z","volume":400,"label":" ","price":49.85},{"type":"A","date":"2018-04-19T06:44:54.000Z","volume":400,"label":" ","price":49.95},{"type":"A","date":"2018-04-19T06:50:04.000Z","volume":400,"label":" ","price":49.9},{"type":"A","date":"2018-04-19T06:51:02.000Z","volume":1600,"label":" ","price":49.85},{"type":"A","date":"2018-04-19T06:54:09.000Z","volume":400,"label":" ","price":49.85},{"type":"A","date":"2018-04-19T06:56:01.000Z","volume":400,"label":" ","price":49.85},{"type":"A","date":"2018-04-19T06:56:07.000Z","volume":800,"label":" ","price":49.85},{"type":"A","date":"2018-04-19T06:56:09.000Z","volume":400,"label":" ","price":49.85},{"type":"A","date":"2018-04-19T06:56:28.000Z","volume":800,"label":" ","price":49.85},{"type":"U","date":"2018-04-19T06:57:10.000Z","volume":800,"label":" ","price":49.85},{"type":"U","date":"2018-04-19T06:57:10.000Z","volume":400,"label":" ","price":49.85},{"type":"A","date":"2018-04-19T06:57:25.000Z","volume":400,"label":" ","price":49.9},{"type":"B","date":"2018-04-19T06:59:13.000Z","volume":800,"label":" ","price":49.85},{"type":"U","date":"2018-04-19T06:59:54.000Z","volume":400,"label":"X","price":49.875},{"type":"U","date":"2018-04-19T07:08:18.000Z","volume":400,"label":"X","price":49.875},{"type":"B","date":"2018-04-19T07:08:40.000Z","volume":400,"label":" ","price":49.85},{"type":"U","date":"2018-04-19T07:09:36.000Z","volume":200,"label":"D","price":49.7},{"type":"B","date":"2018-04-19T07:10:51.000Z","volume":400,"label":" ","price":49.85},{"type":"U","date":"2018-04-19T07:13:03.000Z","volume":400,"label":"X","price":49.875},{"type":"A","date":"2018-04-19T07:13:28.000Z","volume":400,"label":" ","price":49.9},{"type":"B","date":"2018-04-19T07:15:45.000Z","volume":400,"label":" ","price":49.85},{"type":"B","date":"2018-04-19T07:15:45.000Z","volume":400,"label":" ","price":49.85},{"type":"B","date":"2018-04-19T07:16:40.000Z","volume":400,"label":" ","price":49.85},{"type":"U","date":"2018-04-19T07:17:06.000Z","volume":400,"label":"X","price":49.875},{"type":"A","date":"2018-04-19T07:18:41.000Z","volume":400,"label":" ","price":49.9},{"type":"A","date":"2018-04-19T07:19:19.000Z","volume":400,"label":" ","price":49.9},{"type":"A","date":"2018-04-19T07:19:50.000Z","volume":400,"label":" ","price":49.9},{"type":"U","date":"2018-04-19T07:20:40.000Z","volume":400,"label":"X","price":49.875},{"type":"A","date":"2018-04-19T07:20:50.000Z","volume":800,"label":" ","price":49.9},{"type":"A","date":"2018-04-19T07:20:50.000Z","volume":400,"label":" ","price":49.9},{"type":"A","date":"2018-04-19T07:20:52.000Z","volume":1200,"label":" ","price":49.9},{"type":"A","date":"2018-04-19T07:21:45.000Z","volume":2400,"label":" ","price":49.9},{"type":"A","date":"2018-04-19T07:21:51.000Z","volume":400,"label":" ","price":49.95},{"type":"A","date":"2018-04-19T07:21:55.000Z","volume":2800,"label":" ","price":49.95},{"type":"A","date":"2018-04-19T07:21:55.000Z","volume":400,"label":" ","price":49.95},{"type":"A","date":"2018-04-19T07:21:55.000Z","volume":400,"label":" ","price":50},{"type":"A","date":"2018-04-19T07:25:07.000Z","volume":400,"label":" ","price":49.95},{"type":"A","date":"2018-04-19T07:25:13.000Z","volume":400,"label":" ","price":49.95},{"type":"A","date":"2018-04-19T07:25:26.000Z","volume":400,"label":" ","price":49.95},{"type":"A","date":"2018-04-19T07:25:26.000Z","volume":1600,"label":" ","price":49.95},{"type":"A","date":"2018-04-19T07:25:26.000Z","volume":400,"label":" ","price":50},{"type":"A","date":"2018-04-19T07:27:53.000Z","volume":400,"label":" ","price":50},{"type":"B","date":"2018-04-19T07:28:46.000Z","volume":400,"label":" ","price":49.9},{"type":"B","date":"2018-04-19T07:29:49.000Z","volume":400,"label":" ","price":49.9},{"type":"A","date":"2018-04-19T07:30:31.000Z","volume":400,"label":" ","price":49.95},{"type":"U","date":"2018-04-19T07:30:41.000Z","volume":400,"label":"X","price":49.925},{"type":"A","date":"2018-04-19T07:31:50.000Z","volume":1200,"label":" ","price":49.95},{"type":"A","date":"2018-04-19T07:31:55.000Z","volume":800,"label":" ","price":49.95},{"type":"A","date":"2018-04-19T07:32:46.000Z","volume":400,"label":" ","price":50},{"type":"B","date":"2018-04-19T07:33:35.000Z","volume":800,"label":" ","price":49.9},{"type":"A","date":"2018-04-19T07:34:51.000Z","volume":400,"label":" ","price":50},{"type":"A","date":"2018-04-19T07:37:23.000Z","volume":400,"label":" ","price":50},{"type":"A","date":"2018-04-19T07:37:23.000Z","volume":2400,"label":" ","price":50},{"type":"A","date":"2018-04-19T07:37:25.000Z","volume":400,"label":" ","price":50},{"type":"A","date":"2018-04-19T07:37:31.000Z","volume":400,"label":" ","price":50},{"type":"A","date":"2018-04-19T07:37:35.000Z","volume":10000,"label":" ","price":50},{"type":"A","date":"2018-04-19T07:37:35.000Z","volume":1200,"label":" ","price":50},{"type":"A","date":"2018-04-19T07:37:35.000Z","volume":4400,"label":" ","price":50},{"type":"A","date":"2018-04-19T07:37:37.000Z","volume":400,"label":" ","price":50},{"type":"A","date":"2018-04-19T07:37:56.000Z","volume":2800,"label":" ","price":50},{"type":"A","date":"2018-04-19T07:37:56.000Z","volume":400,"label":" ","price":50},{"type":"A","date":"2018-04-19T07:38:06.000Z","volume":3200,"label":" ","price":50},{"type":"A","date":"2018-04-19T07:40:01.000Z","volume":400,"label":" ","price":50.05},{"type":"A","date":"2018-04-19T07:40:01.000Z","volume":400,"label":" ","price":50.05},{"type":"A","date":"2018-04-19T07:40:05.000Z","volume":400,"label":" ","price":50.05},{"type":"A","date":"2018-04-19T07:40:05.000Z","volume":400,"label":" ","price":50.05},{"type":"A","date":"2018-04-19T07:42:13.000Z","volume":400,"label":"Y","price":50.1},{"type":"A","date":"2018-04-19T07:42:14.000Z","volume":400,"label":"Y","price":50.1},{"type":"A","date":"2018-04-19T07:42:14.000Z","volume":2400,"label":" ","price":50.1},{"type":"A","date":"2018-04-19T07:42:17.000Z","volume":400,"label":" ","price":50.1},{"type":"A","date":"2018-04-19T07:43:03.000Z","volume":1200,"label":" ","price":50.1},{"type":"A","date":"2018-04-19T07:43:15.000Z","volume":400,"label":" ","price":50.15},{"type":"A","date":"2018-04-19T07:43:24.000Z","volume":400,"label":" ","price":50.15},{"type":"A","date":"2018-04-19T07:45:34.000Z","volume":400,"label":" ","price":50.15},{"type":"A","date":"2018-04-19T07:45:39.000Z","volume":400,"label":" ","price":50.15},{"type":"A","date":"2018-04-19T07:46:27.000Z","volume":400,"label":" ","price":50.15},{"type":"A","date":"2018-04-19T07:46:30.000Z","volume":400,"label":" ","price":50.15},{"type":"U","date":"2018-04-19T07:47:03.000Z","volume":400,"label":"X","price":50.125},{"type":"B","date":"2018-04-19T07:47:04.000Z","volume":1600,"label":"Y","price":50.1},{"type":"B","date":"2018-04-19T07:47:04.000Z","volume":4400,"label":" ","price":50.1},{"type":"A","date":"2018-04-19T07:47:04.000Z","volume":400,"label":" ","price":50.15},{"type":"A","date":"2018-04-19T07:47:04.000Z","volume":3600,"label":" ","price":50.15},{"type":"B","date":"2018-04-19T07:49:26.000Z","volume":2800,"label":"Y","price":50.1},{"type":"B","date":"2018-04-19T07:49:26.000Z","volume":2400,"label":" ","price":50.1},{"type":"B","date":"2018-04-19T07:49:26.000Z","volume":800,"label":"Y","price":50.05},{"type":"A","date":"2018-04-19T07:49:26.000Z","volume":400,"label":"Y","price":50.15},{"type":"A","date":"2018-04-19T07:50:55.000Z","volume":400,"label":"Y","price":50.15},{"type":"A","date":"2018-04-19T07:51:31.000Z","volume":400,"label":" ","price":50.15},{"type":"A","date":"2018-04-19T07:52:09.000Z","volume":400,"label":" ","price":50.15},{"type":"U","date":"2018-04-19T07:52:31.000Z","volume":400,"label":"X","price":50.125},{"type":"A","date":"2018-04-19T07:52:45.000Z","volume":400,"label":" ","price":50.15},{"type":"B","date":"2018-04-19T07:52:59.000Z","volume":400,"label":" ","price":50.1},{"type":"A","date":"2018-04-19T07:53:43.000Z","volume":400,"label":" ","price":50.15},{"type":"A","date":"2018-04-19T07:54:17.000Z","volume":400,"label":"Y","price":50.15},{"type":"A","date":"2018-04-19T07:54:45.000Z","volume":400,"label":" ","price":50.2},{"type":"A","date":"2018-04-19T07:54:46.000Z","volume":400,"label":" ","price":50.2},{"type":"U","date":"2018-04-19T07:55:06.000Z","volume":400,"label":"X","price":50.15},{"type":"A","date":"2018-04-19T07:55:11.000Z","volume":400,"label":" ","price":50.2},{"type":"A","date":"2018-04-19T07:55:15.000Z","volume":400,"label":" ","price":50.2},{"type":"A","date":"2018-04-19T07:55:35.000Z","volume":400,"label":" ","price":50.2},{"type":"A","date":"2018-04-19T07:55:59.000Z","volume":400,"label":" ","price":50.2},{"type":"B","date":"2018-04-19T07:56:07.000Z","volume":1200,"label":" ","price":50.1},{"type":"A","date":"2018-04-19T07:56:47.000Z","volume":400,"label":" ","price":50.2},{"type":"A","date":"2018-04-19T07:57:13.000Z","volume":400,"label":" ","price":50.2},{"type":"A","date":"2018-04-19T07:57:13.000Z","volume":400,"label":" ","price":50.2},{"type":"U","date":"2018-04-19T07:57:32.000Z","volume":400,"label":"X","price":50.15},{"type":"A","date":"2018-04-19T07:57:35.000Z","volume":400,"label":" ","price":50.2},{"type":"A","date":"2018-04-19T07:57:58.000Z","volume":400,"label":" ","price":50.2},{"type":"A","date":"2018-04-19T07:58:17.000Z","volume":400,"label":" ","price":50.2},{"type":"A","date":"2018-04-19T07:58:22.000Z","volume":1200,"label":" ","price":50.15},{"type":"A","date":"2018-04-19T07:58:26.000Z","volume":400,"label":" ","price":50.2},{"type":"A","date":"2018-04-19T07:58:44.000Z","volume":400,"label":" ","price":50.15},{"type":"A","date":"2018-04-19T07:58:44.000Z","volume":400,"label":" ","price":50.2},{"type":"A","date":"2018-04-19T07:58:45.000Z","volume":400,"label":" ","price":50.2},{"type":"A","date":"2018-04-19T07:58:45.000Z","volume":400,"label":" ","price":50.2},{"type":"A","date":"2018-04-19T07:58:51.000Z","volume":4800,"label":" ","price":50.2},{"type":"A","date":"2018-04-19T07:58:51.000Z","volume":1600,"label":" ","price":50.2},{"type":"A","date":"2018-04-19T07:58:51.000Z","volume":400,"label":" ","price":50.2},{"type":"A","date":"2018-04-19T07:58:51.000Z","volume":800,"label":" ","price":50.2},{"type":"A","date":"2018-04-19T07:59:01.000Z","volume":400,"label":" ","price":50.2},{"type":"B","date":"2018-04-19T07:59:09.000Z","volume":400,"label":" ","price":50.15},{"type":"B","date":"2018-04-19T07:59:25.000Z","volume":2000,"label":" ","price":50.15},{"type":"U","date":"2018-04-19T07:59:42.000Z","volume":400,"label":"X","price":50.175},{"type":"A","date":"2018-04-19T07:59:47.000Z","volume":400,"label":" ","price":50.2},{"type":"B","date":"2018-04-19T07:59:51.000Z","volume":400,"label":" ","price":50.15},{"type":"A","date":"2018-04-19T07:59:52.000Z","volume":400,"label":"Y","price":50.2},{"type":"U","date":"2018-04-19T08:08:09.000Z","volume":25200,"label":"U","price":50.15}]