[{"type":"A","date":"2018-03-21T07:46:29.000Z","volume":40000,"price":4.57,"category":"ubbull"},{"type":"A","date":"2018-03-21T07:46:29.000Z","volume":37000,"price":4.54,"category":"ubbull"},{"type":"A","date":"2018-03-21T07:40:01.000Z","volume":80000,"price":4.57,"category":"ubbull"},{"type":"A","date":"2018-03-21T07:40:01.000Z","volume":58000,"price":4.57,"category":"ubbull"},{"type":"A","date":"2018-03-21T07:39:38.000Z","volume":55000,"price":4.56,"category":"ubbull"},{"type":"A","date":"2018-03-21T07:39:38.000Z","volume":40000,"price":4.55,"category":"ubbull"},{"type":"A","date":"2018-03-21T07:39:38.000Z","volume":84000,"price":4.54,"category":"ubbull"},{"type":"A","date":"2018-03-21T07:39:38.000Z","volume":54000,"price":4.53,"category":"ubbull"},{"type":"A","date":"2018-03-21T07:39:38.000Z","volume":64000,"price":4.52,"category":"ubbull"},{"type":"A","date":"2018-03-21T07:28:47.000Z","volume":36000,"price":4.58,"category":"ubbull"},{"type":"A","date":"2018-03-21T07:28:47.000Z","volume":56000,"price":4.57,"category":"ubbull"},{"type":"A","date":"2018-03-21T07:28:47.000Z","volume":94000,"price":4.55,"category":"ubbull"},{"type":"A","date":"2018-03-21T07:28:47.000Z","volume":56000,"price":4.53,"category":"ubbull"},{"type":"A","date":"2018-03-21T07:28:34.000Z","volume":261000,"price":4.53,"category":"ubbull"},{"type":"A","date":"2018-03-21T07:28:34.000Z","volume":129000,"price":4.52,"category":"ubbull"},{"type":"A","date":"2018-03-21T07:28:34.000Z","volume":32000,"price":4.51,"category":"ubbull"},{"type":"A","date":"2018-03-21T07:28:34.000Z","volume":55000,"price":4.5,"category":"ubbull"},{"type":"A","date":"2018-03-21T07:28:19.000Z","volume":359000,"price":4.5,"category":"ubbull"},{"type":"A","date":"2018-03-21T07:28:00.000Z","volume":68000,"price":4.49,"category":"ubbull"},{"type":"A","date":"2018-03-21T07:27:28.000Z","volume":100000,"price":4.48,"category":"ubbull"},{"type":"A","date":"2018-03-21T06:50:22.000Z","volume":43000,"price":4.48,"category":"ubbull"},{"type":"A","date":"2018-03-21T06:50:22.000Z","volume":62000,"price":4.47,"category":"ubbull"},{"type":"A","date":"2018-03-21T06:50:08.000Z","volume":226000,"price":4.47,"category":"ubbull"},{"type":"A","date":"2018-03-21T06:50:08.000Z","volume":38000,"price":4.46,"category":"ubbull"},{"type":"A","date":"2018-03-21T06:50:08.000Z","volume":36000,"price":4.45,"category":"ubbull"},{"type":"A","date":"2018-03-21T06:20:42.000Z","volume":59000,"price":4.45,"category":"ubbull"},{"type":"A","date":"2018-03-21T06:04:59.000Z","volume":39000,"price":4.44,"category":"ubbull"},{"type":"A","date":"2018-03-21T06:04:59.000Z","volume":36000,"price":4.44,"category":"ubbull"},{"type":"A","date":"2018-03-21T05:20:54.000Z","volume":31000,"price":4.46,"category":"ubbull"},{"type":"A","date":"2018-03-21T05:20:54.000Z","volume":43000,"price":4.46,"category":"ubbull"},{"type":"A","date":"2018-03-21T02:34:07.000Z","volume":30000,"price":4.5,"category":"ubbull"},{"type":"A","date":"2018-03-21T02:27:41.000Z","volume":50000,"price":4.51,"category":"ubbull"},{"type":"A","date":"2018-03-21T02:24:22.000Z","volume":50000,"price":4.51,"category":"ubbull"},{"type":"A","date":"2018-03-21T02:24:08.000Z","volume":100000,"price":4.51,"category":"ubbull"},{"type":"A","date":"2018-03-21T02:23:51.000Z","volume":200000,"price":4.51,"category":"ubbull"},{"type":"A","date":"2018-03-21T02:23:16.000Z","volume":136000,"price":4.51,"category":"ubbull"},{"type":"A","date":"2018-03-21T02:22:57.000Z","volume":74000,"price":4.5,"category":"ubbull"},{"type":"A","date":"2018-03-21T02:22:43.000Z","volume":190000,"price":4.5,"category":"ubbull"},{"type":"A","date":"2018-03-21T02:22:25.000Z","volume":260000,"price":4.5,"category":"ubbull"},{"type":"A","date":"2018-03-21T02:22:10.000Z","volume":78000,"price":4.5,"category":"ubbull"},{"type":"A","date":"2018-03-21T02:17:38.000Z","volume":37000,"price":4.5,"category":"ubbull"},{"type":"A","date":"2018-03-21T02:17:37.000Z","volume":50000,"price":4.5,"category":"ubbull"},{"type":"A","date":"2018-03-21T02:17:07.000Z","volume":77000,"price":4.49,"category":"ubbull"},{"type":"A","date":"2018-03-21T02:17:07.000Z","volume":46000,"price":4.49,"category":"ubbull"},{"type":"A","date":"2018-03-21T02:17:00.000Z","volume":100000,"price":4.49,"category":"ubbull"},{"type":"A","date":"2018-03-21T02:13:56.000Z","volume":63000,"price":4.48,"category":"ubbull"},{"type":"A","date":"2018-03-21T02:13:36.000Z","volume":156000,"price":4.48,"category":"ubbull"},{"type":"A","date":"2018-03-21T02:13:20.000Z","volume":68000,"price":4.48,"category":"ubbull"},{"type":"A","date":"2018-03-21T02:13:02.000Z","volume":169000,"price":4.48,"category":"ubbull"},{"type":"A","date":"2018-03-21T02:12:20.000Z","volume":106000,"price":4.47,"category":"ubbull"},{"type":"A","date":"2018-03-21T02:11:58.000Z","volume":69000,"price":4.47,"category":"ubbull"},{"type":"A","date":"2018-03-21T02:11:29.000Z","volume":100000,"price":4.47,"category":"ubbull"},{"type":"A","date":"2018-03-21T02:03:33.000Z","volume":34000,"price":4.47,"category":"ubbull"},{"type":"A","date":"2018-03-21T07:55:49.000Z","volume":23000,"price":4.53,"category":"bbull"},{"type":"A","date":"2018-03-21T07:46:49.000Z","volume":27000,"price":4.57,"category":"bbull"},{"type":"A","date":"2018-03-21T07:46:49.000Z","volume":16000,"price":4.56,"category":"bbull"},{"type":"A","date":"2018-03-21T07:42:31.000Z","volume":13000,"price":4.54,"category":"bbull"},{"type":"A","date":"2018-03-21T07:40:01.000Z","volume":20000,"price":4.58,"category":"bbull"},{"type":"A","date":"2018-03-21T07:40:01.000Z","volume":26000,"price":4.56,"category":"bbull"},{"type":"A","date":"2018-03-21T07:40:01.000Z","volume":16000,"price":4.55,"category":"bbull"},{"type":"A","date":"2018-03-21T07:28:47.000Z","volume":15000,"price":4.54,"category":"bbull"},{"type":"A","date":"2018-03-21T07:28:47.000Z","volume":14000,"price":4.54,"category":"bbull"},{"type":"A","date":"2018-03-21T07:28:19.000Z","volume":23000,"price":4.49,"category":"bbull"},{"type":"A","date":"2018-03-21T07:28:19.000Z","volume":16000,"price":4.48,"category":"bbull"},{"type":"A","date":"2018-03-21T07:28:00.000Z","volume":16000,"price":4.49,"category":"bbull"},{"type":"A","date":"2018-03-21T07:28:00.000Z","volume":16000,"price":4.48,"category":"bbull"},{"type":"A","date":"2018-03-21T07:25:31.000Z","volume":16000,"price":4.47,"category":"bbull"},{"type":"A","date":"2018-03-21T06:50:22.000Z","volume":23000,"price":4.49,"category":"bbull"},{"type":"A","date":"2018-03-21T06:47:57.000Z","volume":14000,"price":4.45,"category":"bbull"},{"type":"A","date":"2018-03-21T06:38:38.000Z","volume":20000,"price":4.45,"category":"bbull"},{"type":"A","date":"2018-03-21T06:31:08.000Z","volume":20000,"price":4.45,"category":"bbull"},{"type":"A","date":"2018-03-21T06:27:39.000Z","volume":17000,"price":4.45,"category":"bbull"},{"type":"A","date":"2018-03-21T02:34:21.000Z","volume":22000,"price":4.5,"category":"bbull"},{"type":"A","date":"2018-03-21T02:31:08.000Z","volume":19000,"price":4.51,"category":"bbull"},{"type":"A","date":"2018-03-21T02:24:39.000Z","volume":22000,"price":4.51,"category":"bbull"},{"type":"A","date":"2018-03-21T02:23:16.000Z","volume":24000,"price":4.5,"category":"bbull"},{"type":"A","date":"2018-03-21T02:22:57.000Z","volume":26000,"price":4.5,"category":"bbull"},{"type":"A","date":"2018-03-21T02:22:10.000Z","volume":15000,"price":4.48,"category":"bbull"},{"type":"A","date":"2018-03-21T02:17:38.000Z","volume":12000,"price":4.5,"category":"bbull"},{"type":"A","date":"2018-03-21T02:16:04.000Z","volume":28000,"price":4.49,"category":"bbull"},{"type":"A","date":"2018-03-21T02:16:04.000Z","volume":22000,"price":4.49,"category":"bbull"},{"type":"A","date":"2018-03-21T01:38:32.000Z","volume":20000,"price":4.47,"category":"bbull"},{"type":"A","date":"2018-03-21T07:59:53.000Z","volume":1000,"price":4.53,"category":"rbull"},{"type":"A","date":"2018-03-21T07:58:44.000Z","volume":1000,"price":4.53,"category":"rbull"},{"type":"A","date":"2018-03-21T07:58:02.000Z","volume":1000,"price":4.53,"category":"rbull"},{"type":"A","date":"2018-03-21T07:57:28.000Z","volume":1000,"price":4.53,"category":"rbull"},{"type":"A","date":"2018-03-21T07:56:15.000Z","volume":1000,"price":4.54,"category":"rbull"},{"type":"A","date":"2018-03-21T07:54:15.000Z","volume":1000,"price":4.54,"category":"rbull"},{"type":"A","date":"2018-03-21T07:53:08.000Z","volume":1000,"price":4.54,"category":"rbull"},{"type":"A","date":"2018-03-21T07:51:37.000Z","volume":1000,"price":4.54,"category":"rbull"},{"type":"A","date":"2018-03-21T07:50:51.000Z","volume":1000,"price":4.55,"category":"rbull"},{"type":"A","date":"2018-03-21T07:50:08.000Z","volume":1000,"price":4.56,"category":"rbull"},{"type":"A","date":"2018-03-21T07:48:54.000Z","volume":1000,"price":4.56,"category":"rbull"},{"type":"A","date":"2018-03-21T07:47:50.000Z","volume":1000,"price":4.56,"category":"rbull"},{"type":"A","date":"2018-03-21T07:46:01.000Z","volume":1000,"price":4.54,"category":"rbull"},{"type":"A","date":"2018-03-21T07:44:37.000Z","volume":1000,"price":4.54,"category":"rbull"},{"type":"A","date":"2018-03-21T07:43:43.000Z","volume":1000,"price":4.54,"category":"rbull"},{"type":"A","date":"2018-03-21T07:42:32.000Z","volume":1000,"price":4.54,"category":"rbull"},{"type":"A","date":"2018-03-21T07:41:20.000Z","volume":1000,"price":4.55,"category":"rbull"},{"type":"A","date":"2018-03-21T07:28:47.000Z","volume":1000,"price":4.56,"category":"rbull"},{"type":"A","date":"2018-03-21T07:25:31.000Z","volume":1000,"price":4.48,"category":"rbull"},{"type":"A","date":"2018-03-21T06:43:17.000Z","volume":1000,"price":4.45,"category":"rbull"},{"type":"A","date":"2018-03-21T06:04:59.000Z","volume":1000,"price":4.44,"category":"rbull"},{"type":"A","date":"2018-03-21T05:41:45.000Z","volume":1000,"price":4.45,"category":"rbull"},{"type":"A","date":"2018-03-21T05:22:14.000Z","volume":1000,"price":4.46,"category":"rbull"},{"type":"A","date":"2018-03-21T05:21:42.000Z","volume":1000,"price":4.46,"category":"rbull"},{"type":"A","date":"2018-03-21T05:21:11.000Z","volume":1000,"price":4.46,"category":"rbull"},{"type":"A","date":"2018-03-21T03:37:34.000Z","volume":1000,"price":4.46,"category":"rbull"},{"type":"A","date":"2018-03-21T03:19:30.000Z","volume":1000,"price":4.48,"category":"rbull"},{"type":"A","date":"2018-03-21T02:44:32.000Z","volume":1000,"price":4.5,"category":"rbull"},{"type":"A","date":"2018-03-21T02:33:19.000Z","volume":1000,"price":4.51,"category":"rbull"},{"type":"A","date":"2018-03-21T02:30:37.000Z","volume":1000,"price":4.5,"category":"rbull"},{"type":"A","date":"2018-03-21T02:24:39.000Z","volume":1000,"price":4.52,"category":"rbull"},{"type":"A","date":"2018-03-21T02:18:22.000Z","volume":1000,"price":4.51,"category":"rbull"},{"type":"A","date":"2018-03-21T02:13:56.000Z","volume":1000,"price":4.49,"category":"rbull"},{"type":"A","date":"2018-03-21T02:12:20.000Z","volume":1000,"price":4.48,"category":"rbull"},{"type":"A","date":"2018-03-21T02:09:49.000Z","volume":1000,"price":4.48,"category":"rbull"},{"type":"A","date":"2018-03-21T02:09:22.000Z","volume":1000,"price":4.48,"category":"rbull"},{"type":"A","date":"2018-03-21T02:08:37.000Z","volume":1000,"price":4.48,"category":"rbull"},{"type":"A","date":"2018-03-21T02:07:11.000Z","volume":1000,"price":4.48,"category":"rbull"},{"type":"A","date":"2018-03-21T02:03:10.000Z","volume":1000,"price":4.46,"category":"rbull"},{"type":"A","date":"2018-03-21T01:57:29.000Z","volume":1000,"price":4.47,"category":"rbull"},{"type":"A","date":"2018-03-21T01:51:30.000Z","volume":1000,"price":4.42,"category":"rbull"},{"type":"A","date":"2018-03-21T01:40:42.000Z","volume":1000,"price":4.47,"category":"rbull"},{"type":"A","date":"2018-03-21T01:30:04.000Z","volume":1000,"price":4.48,"category":"rbull"},{"type":"B","date":"2018-03-21T07:45:05.000Z","volume":1000,"price":4.52,"category":"rbear"},{"type":"B","date":"2018-03-21T07:35:56.000Z","volume":1000,"price":4.5,"category":"rbear"},{"type":"B","date":"2018-03-21T07:19:07.000Z","volume":1000,"price":4.45,"category":"rbear"},{"type":"B","date":"2018-03-21T06:46:00.000Z","volume":1000,"price":4.44,"category":"rbear"},{"type":"B","date":"2018-03-21T06:10:01.000Z","volume":1000,"price":4.44,"category":"rbear"},{"type":"B","date":"2018-03-21T05:37:42.000Z","volume":1000,"price":4.44,"category":"rbear"},{"type":"B","date":"2018-03-21T03:27:29.000Z","volume":1000,"price":4.47,"category":"rbear"},{"type":"B","date":"2018-03-21T01:51:53.000Z","volume":1000,"price":4.41,"category":"rbear"},{"type":"B","date":"2018-03-21T07:59:58.000Z","volume":20000,"price":4.52,"category":"bbear"},{"type":"B","date":"2018-03-21T07:32:39.000Z","volume":20000,"price":4.5,"category":"bbear"},{"type":"B","date":"2018-03-21T07:30:28.000Z","volume":23000,"price":4.5,"category":"bbear"},{"type":"B","date":"2018-03-21T07:26:59.000Z","volume":16000,"price":4.47,"category":"bbear"},{"type":"B","date":"2018-03-21T06:49:15.000Z","volume":13000,"price":4.44,"category":"bbear"},{"type":"B","date":"2018-03-21T06:40:54.000Z","volume":20000,"price":4.44,"category":"bbear"},{"type":"B","date":"2018-03-21T06:37:40.000Z","volume":15000,"price":4.44,"category":"bbear"},{"type":"B","date":"2018-03-21T06:34:09.000Z","volume":29000,"price":4.44,"category":"bbear"},{"type":"B","date":"2018-03-21T05:47:15.000Z","volume":15000,"price":4.44,"category":"bbear"},{"type":"B","date":"2018-03-21T05:10:48.000Z","volume":18000,"price":4.45,"category":"bbear"},{"type":"B","date":"2018-03-21T03:52:17.000Z","volume":20000,"price":4.45,"category":"bbear"},{"type":"B","date":"2018-03-21T03:52:07.000Z","volume":20000,"price":4.45,"category":"bbear"},{"type":"B","date":"2018-03-21T03:30:38.000Z","volume":18000,"price":4.46,"category":"bbear"},{"type":"B","date":"2018-03-21T02:50:35.000Z","volume":22000,"price":4.48,"category":"bbear"},{"type":"B","date":"2018-03-21T02:46:09.000Z","volume":20000,"price":4.49,"category":"bbear"},{"type":"B","date":"2018-03-21T02:02:57.000Z","volume":29000,"price":4.46,"category":"bbear"},{"type":"B","date":"2018-03-21T02:02:57.000Z","volume":20000,"price":4.46,"category":"bbear"},{"type":"B","date":"2018-03-21T01:51:53.000Z","volume":27000,"price":4.41,"category":"bbear"},{"type":"B","date":"2018-03-21T01:44:48.000Z","volume":19000,"price":4.43,"category":"bbear"},{"type":"B","date":"2018-03-21T07:53:20.000Z","volume":55000,"price":4.53,"category":"ubbear"},{"type":"B","date":"2018-03-21T07:45:00.000Z","volume":100000,"price":4.52,"category":"ubbear"},{"type":"B","date":"2018-03-21T07:18:59.000Z","volume":34000,"price":4.45,"category":"ubbear"},{"type":"B","date":"2018-03-21T07:18:59.000Z","volume":30000,"price":4.45,"category":"ubbear"},{"type":"B","date":"2018-03-21T06:41:42.000Z","volume":50000,"price":4.44,"category":"ubbear"},{"type":"B","date":"2018-03-21T05:50:22.000Z","volume":52000,"price":4.44,"category":"ubbear"},{"type":"B","date":"2018-03-21T02:46:09.000Z","volume":33000,"price":4.49,"category":"ubbear"},{"type":"B","date":"2018-03-21T02:19:00.000Z","volume":37000,"price":4.5,"category":"ubbear"}]