[{"type":"A","date":"2018-03-21T01:33:11.000Z","volume":10000,"label":" ","price":0.14},{"type":"A","date":"2018-03-21T01:47:55.000Z","volume":40000,"label":" ","price":0.14},{"type":"A","date":"2018-03-21T01:59:29.000Z","volume":10000,"label":" ","price":0.14},{"type":"A","date":"2018-03-21T02:04:58.000Z","volume":300000,"label":" ","price":0.14},{"type":"A","date":"2018-03-21T02:04:58.000Z","volume":20000,"label":" ","price":0.14},{"type":"A","date":"2018-03-21T02:05:04.000Z","volume":10000,"label":" ","price":0.141},{"type":"A","date":"2018-03-21T02:07:50.000Z","volume":10000,"label":" ","price":0.14},{"type":"B","date":"2018-03-21T02:07:51.000Z","volume":10000,"label":" ","price":0.139},{"type":"A","date":"2018-03-21T02:13:04.000Z","volume":10000,"label":" ","price":0.14},{"type":"A","date":"2018-03-21T02:13:04.000Z","volume":10000,"label":" ","price":0.14},{"type":"A","date":"2018-03-21T02:18:54.000Z","volume":10000,"label":" ","price":0.14},{"type":"A","date":"2018-03-21T02:24:32.000Z","volume":10000,"label":" ","price":0.14},{"type":"A","date":"2018-03-21T02:39:51.000Z","volume":30000,"label":" ","price":0.14},{"type":"A","date":"2018-03-21T02:46:19.000Z","volume":20000,"label":" ","price":0.14},{"type":"A","date":"2018-03-21T02:47:49.000Z","volume":50000,"label":" ","price":0.14},{"type":"B","date":"2018-03-21T02:47:50.000Z","volume":10000,"label":" ","price":0.14},{"type":"A","date":"2018-03-21T02:52:19.000Z","volume":10000,"label":" ","price":0.141},{"type":"A","date":"2018-03-21T02:57:26.000Z","volume":20000,"label":" ","price":0.141},{"type":"A","date":"2018-03-21T03:00:00.000Z","volume":780000,"label":" ","price":0.141},{"type":"A","date":"2018-03-21T03:00:06.000Z","volume":20000,"label":" ","price":0.141},{"type":"B","date":"2018-03-21T03:00:07.000Z","volume":20000,"label":" ","price":0.14},{"type":"A","date":"2018-03-21T03:01:18.000Z","volume":10000,"label":" ","price":0.141},{"type":"A","date":"2018-03-21T03:05:34.000Z","volume":10000,"label":" ","price":0.141},{"type":"A","date":"2018-03-21T03:11:22.000Z","volume":20000,"label":" ","price":0.141},{"type":"A","date":"2018-03-21T03:13:06.000Z","volume":10000,"label":" ","price":0.142},{"type":"A","date":"2018-03-21T03:16:01.000Z","volume":500000,"label":" ","price":0.142},{"type":"A","date":"2018-03-21T03:16:01.000Z","volume":30000,"label":" ","price":0.141},{"type":"A","date":"2018-03-21T03:16:01.000Z","volume":10000,"label":" ","price":0.141},{"type":"A","date":"2018-03-21T03:16:01.000Z","volume":10000,"label":"Y","price":0.142},{"type":"A","date":"2018-03-21T03:16:01.000Z","volume":30000,"label":" ","price":0.142},{"type":"A","date":"2018-03-21T03:16:06.000Z","volume":20000,"label":" ","price":0.142},{"type":"A","date":"2018-03-21T03:16:11.000Z","volume":30000,"label":" ","price":0.142},{"type":"A","date":"2018-03-21T03:28:15.000Z","volume":10000,"label":" ","price":0.143},{"type":"A","date":"2018-03-21T03:28:38.000Z","volume":640000,"label":" ","price":0.143},{"type":"B","date":"2018-03-21T03:29:19.000Z","volume":10000,"label":" ","price":0.141},{"type":"B","date":"2018-03-21T03:29:19.000Z","volume":20000,"label":" ","price":0.141},{"type":"A","date":"2018-03-21T03:33:35.000Z","volume":10000,"label":" ","price":0.142},{"type":"A","date":"2018-03-21T03:33:35.000Z","volume":10000,"label":" ","price":0.142},{"type":"A","date":"2018-03-21T03:33:37.000Z","volume":20000,"label":" ","price":0.143},{"type":"B","date":"2018-03-21T03:33:40.000Z","volume":10000,"label":" ","price":0.141},{"type":"A","date":"2018-03-21T03:44:53.000Z","volume":10000,"label":" ","price":0.142},{"type":"A","date":"2018-03-21T03:47:55.000Z","volume":10000,"label":" ","price":0.143},{"type":"A","date":"2018-03-21T03:52:40.000Z","volume":10000,"label":" ","price":0.143},{"type":"A","date":"2018-03-21T05:00:02.000Z","volume":10000,"label":" ","price":0.143},{"type":"A","date":"2018-03-21T05:02:38.000Z","volume":20000,"label":" ","price":0.143},{"type":"A","date":"2018-03-21T05:08:15.000Z","volume":700000,"label":" ","price":0.143},{"type":"A","date":"2018-03-21T05:08:15.000Z","volume":80000,"label":" ","price":0.143},{"type":"B","date":"2018-03-21T05:08:15.000Z","volume":40000,"label":" ","price":0.142},{"type":"U","date":"2018-03-21T05:08:15.000Z","volume":50000,"label":" ","price":0.143},{"type":"U","date":"2018-03-21T05:08:15.000Z","volume":10000,"label":" ","price":0.143},{"type":"A","date":"2018-03-21T05:09:53.000Z","volume":10000,"label":" ","price":0.144},{"type":"A","date":"2018-03-21T05:10:47.000Z","volume":400000,"label":" ","price":0.144},{"type":"A","date":"2018-03-21T05:13:51.000Z","volume":10000,"label":" ","price":0.145},{"type":"A","date":"2018-03-21T05:15:16.000Z","volume":160000,"label":" ","price":0.145},{"type":"A","date":"2018-03-21T05:18:40.000Z","volume":10000,"label":" ","price":0.146},{"type":"A","date":"2018-03-21T05:19:08.000Z","volume":20000,"label":" ","price":0.146},{"type":"A","date":"2018-03-21T05:19:32.000Z","volume":100000,"label":" ","price":0.146},{"type":"B","date":"2018-03-21T05:19:33.000Z","volume":10000,"label":" ","price":0.145},{"type":"A","date":"2018-03-21T05:25:09.000Z","volume":100000,"label":" ","price":0.146},{"type":"A","date":"2018-03-21T05:25:09.000Z","volume":30000,"label":" ","price":0.146},{"type":"A","date":"2018-03-21T05:25:09.000Z","volume":20000,"label":" ","price":0.146},{"type":"B","date":"2018-03-21T05:25:58.000Z","volume":20000,"label":" ","price":0.145},{"type":"B","date":"2018-03-21T05:25:59.000Z","volume":10000,"label":" ","price":0.144},{"type":"B","date":"2018-03-21T05:26:31.000Z","volume":70000,"label":" ","price":0.144},{"type":"B","date":"2018-03-21T05:27:02.000Z","volume":10000,"label":" ","price":0.142},{"type":"B","date":"2018-03-21T05:28:43.000Z","volume":200000,"label":" ","price":0.142},{"type":"B","date":"2018-03-21T05:28:44.000Z","volume":20000,"label":" ","price":0.142},{"type":"A","date":"2018-03-21T05:29:00.000Z","volume":10000,"label":" ","price":0.143},{"type":"B","date":"2018-03-21T05:30:24.000Z","volume":160000,"label":" ","price":0.143},{"type":"B","date":"2018-03-21T05:30:24.000Z","volume":40000,"label":" ","price":0.143},{"type":"A","date":"2018-03-21T05:30:31.000Z","volume":10000,"label":" ","price":0.144},{"type":"B","date":"2018-03-21T05:30:33.000Z","volume":20000,"label":" ","price":0.142},{"type":"A","date":"2018-03-21T05:33:58.000Z","volume":30000,"label":" ","price":0.143},{"type":"A","date":"2018-03-21T05:35:37.000Z","volume":10000,"label":" ","price":0.143},{"type":"A","date":"2018-03-21T05:39:10.000Z","volume":10000,"label":" ","price":0.143},{"type":"A","date":"2018-03-21T05:41:41.000Z","volume":10000,"label":" ","price":0.143},{"type":"B","date":"2018-03-21T05:41:42.000Z","volume":10000,"label":" ","price":0.142},{"type":"A","date":"2018-03-21T05:43:52.000Z","volume":10000,"label":" ","price":0.143},{"type":"B","date":"2018-03-21T05:46:03.000Z","volume":10000,"label":" ","price":0.142},{"type":"A","date":"2018-03-21T05:46:16.000Z","volume":80000,"label":" ","price":0.143},{"type":"A","date":"2018-03-21T05:46:16.000Z","volume":20000,"label":" ","price":0.144},{"type":"A","date":"2018-03-21T05:48:10.000Z","volume":10000,"label":" ","price":0.143},{"type":"A","date":"2018-03-21T05:49:06.000Z","volume":10000,"label":" ","price":0.144},{"type":"A","date":"2018-03-21T05:49:42.000Z","volume":10000,"label":" ","price":0.144},{"type":"A","date":"2018-03-21T05:51:42.000Z","volume":10000,"label":" ","price":0.144},{"type":"A","date":"2018-03-21T05:53:42.000Z","volume":10000,"label":" ","price":0.144},{"type":"A","date":"2018-03-21T05:54:31.000Z","volume":10000,"label":" ","price":0.144},{"type":"A","date":"2018-03-21T05:55:42.000Z","volume":10000,"label":" ","price":0.144},{"type":"B","date":"2018-03-21T05:58:29.000Z","volume":10000,"label":" ","price":0.142},{"type":"B","date":"2018-03-21T06:00:41.000Z","volume":10000,"label":" ","price":0.142},{"type":"B","date":"2018-03-21T06:01:02.000Z","volume":10000,"label":" ","price":0.142},{"type":"B","date":"2018-03-21T06:02:47.000Z","volume":10000,"label":" ","price":0.142},{"type":"B","date":"2018-03-21T06:04:27.000Z","volume":10000,"label":" ","price":0.142},{"type":"B","date":"2018-03-21T06:05:25.000Z","volume":500000,"label":" ","price":0.142},{"type":"B","date":"2018-03-21T06:05:25.000Z","volume":10000,"label":" ","price":0.142},{"type":"B","date":"2018-03-21T06:05:47.000Z","volume":10000,"label":" ","price":0.141},{"type":"B","date":"2018-03-21T06:05:47.000Z","volume":10000,"label":" ","price":0.141},{"type":"B","date":"2018-03-21T06:05:47.000Z","volume":10000,"label":" ","price":0.141},{"type":"B","date":"2018-03-21T06:05:47.000Z","volume":10000,"label":" ","price":0.141},{"type":"B","date":"2018-03-21T06:06:38.000Z","volume":10000,"label":" ","price":0.141},{"type":"B","date":"2018-03-21T06:06:39.000Z","volume":10000,"label":" ","price":0.141},{"type":"B","date":"2018-03-21T06:08:46.000Z","volume":10000,"label":" ","price":0.141},{"type":"B","date":"2018-03-21T06:11:01.000Z","volume":10000,"label":" ","price":0.141},{"type":"B","date":"2018-03-21T06:12:39.000Z","volume":10000,"label":" ","price":0.14},{"type":"B","date":"2018-03-21T06:14:51.000Z","volume":10000,"label":" ","price":0.14},{"type":"B","date":"2018-03-21T06:16:54.000Z","volume":10000,"label":" ","price":0.14},{"type":"B","date":"2018-03-21T06:19:07.000Z","volume":10000,"label":" ","price":0.14},{"type":"B","date":"2018-03-21T06:20:46.000Z","volume":10000,"label":" ","price":0.14},{"type":"B","date":"2018-03-21T06:23:06.000Z","volume":10000,"label":" ","price":0.14},{"type":"B","date":"2018-03-21T06:24:47.000Z","volume":10000,"label":" ","price":0.14},{"type":"A","date":"2018-03-21T06:24:59.000Z","volume":10000,"label":" ","price":0.142},{"type":"B","date":"2018-03-21T06:26:58.000Z","volume":10000,"label":" ","price":0.14},{"type":"B","date":"2018-03-21T06:29:14.000Z","volume":10000,"label":" ","price":0.14},{"type":"B","date":"2018-03-21T06:29:51.000Z","volume":20000,"label":" ","price":0.14},{"type":"B","date":"2018-03-21T06:30:07.000Z","volume":180000,"label":" ","price":0.14},{"type":"B","date":"2018-03-21T06:30:32.000Z","volume":10000,"label":" ","price":0.14},{"type":"A","date":"2018-03-21T06:30:38.000Z","volume":10000,"label":" ","price":0.141},{"type":"B","date":"2018-03-21T06:30:53.000Z","volume":10000,"label":" ","price":0.14},{"type":"A","date":"2018-03-21T06:32:26.000Z","volume":10000,"label":" ","price":0.141},{"type":"B","date":"2018-03-21T06:32:37.000Z","volume":10000,"label":" ","price":0.14},{"type":"A","date":"2018-03-21T06:33:30.000Z","volume":20000,"label":" ","price":0.141},{"type":"B","date":"2018-03-21T06:34:54.000Z","volume":10000,"label":" ","price":0.14},{"type":"B","date":"2018-03-21T06:36:31.000Z","volume":10000,"label":" ","price":0.14},{"type":"A","date":"2018-03-21T06:36:31.000Z","volume":10000,"label":" ","price":0.141},{"type":"A","date":"2018-03-21T06:38:13.000Z","volume":10000,"label":" ","price":0.141},{"type":"B","date":"2018-03-21T06:38:40.000Z","volume":10000,"label":" ","price":0.14},{"type":"A","date":"2018-03-21T06:38:48.000Z","volume":20000,"label":" ","price":0.141},{"type":"B","date":"2018-03-21T06:40:18.000Z","volume":10000,"label":" ","price":0.14},{"type":"B","date":"2018-03-21T06:40:41.000Z","volume":100000,"label":" ","price":0.14},{"type":"B","date":"2018-03-21T06:40:42.000Z","volume":10000,"label":" ","price":0.139},{"type":"B","date":"2018-03-21T06:42:30.000Z","volume":10000,"label":" ","price":0.139},{"type":"B","date":"2018-03-21T06:44:38.000Z","volume":10000,"label":" ","price":0.139},{"type":"A","date":"2018-03-21T06:46:03.000Z","volume":200000,"label":" ","price":0.14},{"type":"A","date":"2018-03-21T06:46:03.000Z","volume":30000,"label":" ","price":0.14},{"type":"B","date":"2018-03-21T06:46:03.000Z","volume":10000,"label":" ","price":0.139},{"type":"A","date":"2018-03-21T06:47:41.000Z","volume":20000,"label":" ","price":0.14},{"type":"B","date":"2018-03-21T06:57:46.000Z","volume":10000,"label":" ","price":0.139},{"type":"A","date":"2018-03-21T06:58:13.000Z","volume":10000,"label":" ","price":0.141},{"type":"B","date":"2018-03-21T07:00:00.000Z","volume":10000,"label":" ","price":0.139},{"type":"A","date":"2018-03-21T07:00:48.000Z","volume":10000,"label":" ","price":0.141},{"type":"B","date":"2018-03-21T07:01:35.000Z","volume":10000,"label":" ","price":0.139},{"type":"B","date":"2018-03-21T07:03:16.000Z","volume":10000,"label":" ","price":0.139},{"type":"B","date":"2018-03-21T07:03:32.000Z","volume":10000,"label":" ","price":0.139},{"type":"A","date":"2018-03-21T07:03:42.000Z","volume":30000,"label":" ","price":0.14},{"type":"A","date":"2018-03-21T07:07:17.000Z","volume":10000,"label":" ","price":0.14},{"type":"A","date":"2018-03-21T07:09:47.000Z","volume":100000,"label":" ","price":0.14},{"type":"A","date":"2018-03-21T07:09:47.000Z","volume":10000,"label":" ","price":0.14},{"type":"B","date":"2018-03-21T07:09:47.000Z","volume":10000,"label":" ","price":0.139},{"type":"A","date":"2018-03-21T07:14:22.000Z","volume":10000,"label":" ","price":0.14},{"type":"A","date":"2018-03-21T07:15:27.000Z","volume":40000,"label":" ","price":0.14},{"type":"A","date":"2018-03-21T07:15:27.000Z","volume":10000,"label":" ","price":0.141},{"type":"B","date":"2018-03-21T07:15:28.000Z","volume":20000,"label":" ","price":0.14},{"type":"A","date":"2018-03-21T07:18:05.000Z","volume":10000,"label":" ","price":0.141},{"type":"A","date":"2018-03-21T07:20:18.000Z","volume":50000,"label":" ","price":0.141},{"type":"A","date":"2018-03-21T07:21:14.000Z","volume":10000,"label":" ","price":0.141},{"type":"B","date":"2018-03-21T07:21:29.000Z","volume":10000,"label":" ","price":0.14},{"type":"A","date":"2018-03-21T07:23:07.000Z","volume":20000,"label":" ","price":0.141},{"type":"B","date":"2018-03-21T07:23:08.000Z","volume":10000,"label":" ","price":0.14},{"type":"A","date":"2018-03-21T07:26:31.000Z","volume":10000,"label":" ","price":0.141},{"type":"A","date":"2018-03-21T07:28:11.000Z","volume":20000,"label":" ","price":0.141},{"type":"B","date":"2018-03-21T07:28:17.000Z","volume":10000,"label":" ","price":0.14},{"type":"A","date":"2018-03-21T07:31:30.000Z","volume":10000,"label":" ","price":0.141},{"type":"B","date":"2018-03-21T07:31:31.000Z","volume":10000,"label":" ","price":0.14},{"type":"A","date":"2018-03-21T07:34:14.000Z","volume":10000,"label":" ","price":0.141},{"type":"A","date":"2018-03-21T07:34:38.000Z","volume":60000,"label":" ","price":0.141},{"type":"B","date":"2018-03-21T07:34:38.000Z","volume":10000,"label":" ","price":0.14},{"type":"A","date":"2018-03-21T07:42:02.000Z","volume":20000,"label":" ","price":0.141},{"type":"A","date":"2018-03-21T07:47:06.000Z","volume":20000,"label":" ","price":0.141},{"type":"B","date":"2018-03-21T07:47:06.000Z","volume":10000,"label":" ","price":0.139},{"type":"U","date":"2018-03-21T07:47:17.000Z","volume":10000,"label":" ","price":0.14},{"type":"A","date":"2018-03-21T07:47:45.000Z","volume":10000,"label":" ","price":0.141},{"type":"A","date":"2018-03-21T07:47:56.000Z","volume":10000,"label":" ","price":0.141},{"type":"A","date":"2018-03-21T07:51:10.000Z","volume":20000,"label":" ","price":0.141},{"type":"A","date":"2018-03-21T07:53:13.000Z","volume":10000,"label":" ","price":0.141},{"type":"B","date":"2018-03-21T07:53:14.000Z","volume":10000,"label":" ","price":0.139},{"type":"A","date":"2018-03-21T07:53:20.000Z","volume":30000,"label":" ","price":0.141},{"type":"A","date":"2018-03-21T07:55:31.000Z","volume":10000,"label":" ","price":0.141},{"type":"U","date":"2018-03-21T07:55:32.000Z","volume":10000,"label":" ","price":0.14},{"type":"B","date":"2018-03-21T07:55:33.000Z","volume":10000,"label":" ","price":0.139},{"type":"A","date":"2018-03-21T07:55:37.000Z","volume":500000,"label":" ","price":0.141},{"type":"B","date":"2018-03-21T07:55:37.000Z","volume":30000,"label":" ","price":0.139},{"type":"A","date":"2018-03-21T07:55:38.000Z","volume":20000,"label":" ","price":0.141},{"type":"A","date":"2018-03-21T07:55:43.000Z","volume":200000,"label":" ","price":0.141},{"type":"B","date":"2018-03-21T07:55:47.000Z","volume":10000,"label":" ","price":0.139},{"type":"A","date":"2018-03-21T07:56:18.000Z","volume":20000,"label":" ","price":0.14},{"type":"A","date":"2018-03-21T07:56:18.000Z","volume":480000,"label":" ","price":0.141},{"type":"B","date":"2018-03-21T07:56:19.000Z","volume":80000,"label":" ","price":0.139},{"type":"B","date":"2018-03-21T07:56:32.000Z","volume":10000,"label":" ","price":0.139},{"type":"B","date":"2018-03-21T07:56:32.000Z","volume":30000,"label":" ","price":0.139},{"type":"A","date":"2018-03-21T07:57:56.000Z","volume":30000,"label":" ","price":0.14},{"type":"A","date":"2018-03-21T07:58:03.000Z","volume":20000,"label":" ","price":0.141},{"type":"B","date":"2018-03-21T07:58:15.000Z","volume":10000,"label":" ","price":0.14},{"type":"A","date":"2018-03-21T07:58:33.000Z","volume":10000,"label":" ","price":0.141},{"type":"B","date":"2018-03-21T07:59:00.000Z","volume":10000,"label":" ","price":0.14},{"type":"A","date":"2018-03-21T07:59:08.000Z","volume":20000,"label":" ","price":0.141},{"type":"B","date":"2018-03-21T07:59:15.000Z","volume":20000,"label":" ","price":0.14},{"type":"B","date":"2018-03-21T07:59:30.000Z","volume":20000,"label":" ","price":0.14},{"type":"A","date":"2018-03-21T07:59:43.000Z","volume":10000,"label":" ","price":0.141},{"type":"B","date":"2018-03-21T07:59:45.000Z","volume":30000,"label":" ","price":0.139},{"type":"A","date":"2018-03-21T07:59:52.000Z","volume":20000,"label":" ","price":0.141}]