[{"type":"B","date":"2018-04-27T01:37:18.000Z","volume":250000,"label":" ","price":0.51},{"type":"B","date":"2018-04-27T01:44:10.000Z","volume":100000,"label":"Y","price":0.5},{"type":"B","date":"2018-04-27T01:44:10.000Z","volume":1520000,"label":" ","price":0.5},{"type":"A","date":"2018-04-27T01:44:10.000Z","volume":100000,"label":" ","price":0.5},{"type":"A","date":"2018-04-27T01:44:20.000Z","volume":150000,"label":" ","price":0.5},{"type":"A","date":"2018-04-27T01:44:20.000Z","volume":20000,"label":" ","price":0.5},{"type":"A","date":"2018-04-27T01:44:25.000Z","volume":100000,"label":" ","price":0.5},{"type":"A","date":"2018-04-27T01:44:41.000Z","volume":10000,"label":" ","price":0.5},{"type":"B","date":"2018-04-27T01:48:02.000Z","volume":10000,"label":" ","price":0.5},{"type":"A","date":"2018-04-27T01:49:25.000Z","volume":30000,"label":" ","price":0.5},{"type":"A","date":"2018-04-27T01:49:41.000Z","volume":10000,"label":" ","price":0.5},{"type":"A","date":"2018-04-27T01:49:56.000Z","volume":10000,"label":" ","price":0.5},{"type":"A","date":"2018-04-27T01:49:56.000Z","volume":10000,"label":" ","price":0.5},{"type":"U","date":"2018-04-27T01:53:36.000Z","volume":60000,"label":" ","price":0.5},{"type":"A","date":"2018-04-27T01:53:42.000Z","volume":10000,"label":" ","price":0.5},{"type":"A","date":"2018-04-27T01:56:51.000Z","volume":30000,"label":"Y","price":0.5},{"type":"A","date":"2018-04-27T01:56:51.000Z","volume":30000,"label":" ","price":0.5},{"type":"A","date":"2018-04-27T01:58:33.000Z","volume":70000,"label":" ","price":0.5},{"type":"A","date":"2018-04-27T01:58:33.000Z","volume":10000,"label":" ","price":0.5},{"type":"A","date":"2018-04-27T01:58:33.000Z","volume":480000,"label":" ","price":0.5},{"type":"A","date":"2018-04-27T02:33:44.000Z","volume":10000,"label":" ","price":0.51},{"type":"B","date":"2018-04-27T02:39:35.000Z","volume":10000,"label":" ","price":0.5},{"type":"B","date":"2018-04-27T02:49:55.000Z","volume":120000,"label":" ","price":0.5},{"type":"A","date":"2018-04-27T02:55:15.000Z","volume":10000,"label":" ","price":0.51},{"type":"B","date":"2018-04-27T03:08:31.000Z","volume":10000,"label":" ","price":0.5},{"type":"A","date":"2018-04-27T03:10:16.000Z","volume":10000,"label":" ","price":0.51},{"type":"A","date":"2018-04-27T03:21:23.000Z","volume":200000,"label":" ","price":0.51},{"type":"B","date":"2018-04-27T03:21:23.000Z","volume":10000,"label":" ","price":0.5},{"type":"A","date":"2018-04-27T03:25:17.000Z","volume":10000,"label":" ","price":0.51},{"type":"A","date":"2018-04-27T03:39:47.000Z","volume":10000,"label":" ","price":0.51},{"type":"B","date":"2018-04-27T03:42:08.000Z","volume":10000,"label":" ","price":0.5},{"type":"A","date":"2018-04-27T03:51:48.000Z","volume":10000,"label":" ","price":0.51},{"type":"A","date":"2018-04-27T03:55:15.000Z","volume":80000,"label":" ","price":0.51},{"type":"B","date":"2018-04-27T03:55:15.000Z","volume":10000,"label":" ","price":0.5},{"type":"A","date":"2018-04-27T05:04:21.000Z","volume":10000,"label":" ","price":0.51},{"type":"B","date":"2018-04-27T05:04:21.000Z","volume":10000,"label":" ","price":0.5},{"type":"B","date":"2018-04-27T05:07:00.000Z","volume":10000,"label":" ","price":0.5},{"type":"A","date":"2018-04-27T05:10:55.000Z","volume":10000,"label":" ","price":0.51},{"type":"B","date":"2018-04-27T05:18:41.000Z","volume":10000,"label":" ","price":0.5},{"type":"A","date":"2018-04-27T05:19:22.000Z","volume":10000,"label":" ","price":0.51},{"type":"A","date":"2018-04-27T05:34:20.000Z","volume":10000,"label":" ","price":0.51},{"type":"A","date":"2018-04-27T05:47:53.000Z","volume":10000,"label":" ","price":0.51},{"type":"B","date":"2018-04-27T05:53:43.000Z","volume":10000,"label":" ","price":0.5},{"type":"B","date":"2018-04-27T05:53:46.000Z","volume":10000,"label":" ","price":0.5},{"type":"A","date":"2018-04-27T06:01:06.000Z","volume":10000,"label":" ","price":0.51},{"type":"A","date":"2018-04-27T06:14:25.000Z","volume":10000,"label":" ","price":0.51},{"type":"B","date":"2018-04-27T06:21:14.000Z","volume":2200000,"label":" ","price":0.5},{"type":"B","date":"2018-04-27T06:21:14.000Z","volume":10000,"label":" ","price":0.5},{"type":"B","date":"2018-04-27T06:22:16.000Z","volume":10000,"label":" ","price":0.5},{"type":"B","date":"2018-04-27T06:22:56.000Z","volume":30000,"label":" ","price":0.5},{"type":"A","date":"2018-04-27T06:23:54.000Z","volume":30000,"label":" ","price":0.5},{"type":"A","date":"2018-04-27T06:23:54.000Z","volume":10000,"label":" ","price":0.5},{"type":"A","date":"2018-04-27T06:25:01.000Z","volume":20000,"label":" ","price":0.5},{"type":"A","date":"2018-04-27T06:28:51.000Z","volume":100000,"label":" ","price":0.5},{"type":"A","date":"2018-04-27T06:32:32.000Z","volume":70000,"label":" ","price":0.5},{"type":"A","date":"2018-04-27T06:42:24.000Z","volume":100000,"label":" ","price":0.5},{"type":"A","date":"2018-04-27T06:43:57.000Z","volume":10000,"label":" ","price":0.5},{"type":"A","date":"2018-04-27T06:45:12.000Z","volume":200000,"label":" ","price":0.5},{"type":"A","date":"2018-04-27T06:45:12.000Z","volume":390000,"label":" ","price":0.5},{"type":"A","date":"2018-04-27T06:45:27.000Z","volume":10000,"label":" ","price":0.5},{"type":"A","date":"2018-04-27T06:45:41.000Z","volume":10000,"label":" ","price":0.5},{"type":"B","date":"2018-04-27T06:45:41.000Z","volume":10000,"label":" ","price":0.5},{"type":"B","date":"2018-04-27T06:45:47.000Z","volume":10000,"label":" ","price":0.5},{"type":"B","date":"2018-04-27T06:45:50.000Z","volume":30000,"label":" ","price":0.5},{"type":"A","date":"2018-04-27T06:49:58.000Z","volume":10000,"label":" ","price":0.51},{"type":"A","date":"2018-04-27T06:55:28.000Z","volume":10000,"label":" ","price":0.51},{"type":"A","date":"2018-04-27T07:02:59.000Z","volume":10000,"label":" ","price":0.51},{"type":"A","date":"2018-04-27T07:13:57.000Z","volume":10000,"label":" ","price":0.51},{"type":"A","date":"2018-04-27T07:24:40.000Z","volume":10000,"label":" ","price":0.51},{"type":"B","date":"2018-04-27T07:29:59.000Z","volume":780000,"label":" ","price":0.5},{"type":"A","date":"2018-04-27T07:33:28.000Z","volume":200000,"label":" ","price":0.5},{"type":"A","date":"2018-04-27T07:33:28.000Z","volume":140000,"label":" ","price":0.5},{"type":"A","date":"2018-04-27T07:37:01.000Z","volume":30000,"label":" ","price":0.5},{"type":"B","date":"2018-04-27T07:45:49.000Z","volume":10000,"label":" ","price":0.495},{"type":"A","date":"2018-04-27T07:47:18.000Z","volume":80000,"label":" ","price":0.5},{"type":"B","date":"2018-04-27T07:48:02.000Z","volume":200000,"label":" ","price":0.495},{"type":"B","date":"2018-04-27T07:50:42.000Z","volume":40000,"label":" ","price":0.495},{"type":"A","date":"2018-04-27T07:52:32.000Z","volume":10000,"label":" ","price":0.5},{"type":"A","date":"2018-04-27T07:54:02.000Z","volume":10000,"label":" ","price":0.5},{"type":"A","date":"2018-04-27T07:56:02.000Z","volume":10000,"label":" ","price":0.5},{"type":"A","date":"2018-04-27T07:57:32.000Z","volume":10000,"label":" ","price":0.5},{"type":"A","date":"2018-04-27T07:58:04.000Z","volume":100000,"label":" ","price":0.5},{"type":"A","date":"2018-04-27T07:58:53.000Z","volume":10000,"label":" ","price":0.5},{"type":"B","date":"2018-04-27T07:59:20.000Z","volume":10000,"label":" ","price":0.495},{"type":"A","date":"2018-04-27T07:59:55.000Z","volume":10000,"label":" ","price":0.5},{"type":"A","date":"2018-04-27T07:59:56.000Z","volume":10000,"label":" ","price":0.5}]