[{"type":"U","date":"2018-03-28T01:00:05.000Z","volume":61000,"label":"P","price":50.357},{"type":"U","date":"2018-03-28T01:02:08.000Z","volume":3600,"label":"P","price":50.25},{"type":"U","date":"2018-03-28T01:20:00.000Z","volume":400,"label":"U","price":50.3},{"type":"B","date":"2018-03-28T01:31:17.000Z","volume":2800,"label":" ","price":49.7},{"type":"B","date":"2018-03-28T01:31:17.000Z","volume":1600,"label":" ","price":49.65},{"type":"A","date":"2018-03-28T01:38:41.000Z","volume":800,"label":" ","price":49.9},{"type":"A","date":"2018-03-28T01:39:12.000Z","volume":400,"label":" ","price":49.9},{"type":"B","date":"2018-03-28T01:39:13.000Z","volume":400,"label":" ","price":49.7},{"type":"A","date":"2018-03-28T01:42:02.000Z","volume":400,"label":" ","price":49.9},{"type":"A","date":"2018-03-28T01:42:33.000Z","volume":400,"label":" ","price":49.9},{"type":"A","date":"2018-03-28T01:42:36.000Z","volume":400,"label":" ","price":49.9},{"type":"A","date":"2018-03-28T01:46:35.000Z","volume":400,"label":" ","price":49.95},{"type":"A","date":"2018-03-28T01:48:43.000Z","volume":400,"label":" ","price":49.95},{"type":"A","date":"2018-03-28T01:48:43.000Z","volume":800,"label":" ","price":50},{"type":"A","date":"2018-03-28T01:52:14.000Z","volume":400,"label":" ","price":49.95},{"type":"A","date":"2018-03-28T01:52:14.000Z","volume":400,"label":" ","price":49.95},{"type":"A","date":"2018-03-28T01:52:43.000Z","volume":800,"label":" ","price":50},{"type":"A","date":"2018-03-28T01:53:51.000Z","volume":400,"label":" ","price":50},{"type":"A","date":"2018-03-28T01:53:51.000Z","volume":400,"label":" ","price":50},{"type":"B","date":"2018-03-28T01:53:52.000Z","volume":400,"label":" ","price":49.85},{"type":"A","date":"2018-03-28T01:56:05.000Z","volume":400,"label":" ","price":50},{"type":"U","date":"2018-03-28T01:56:14.000Z","volume":800,"label":" ","price":49.9},{"type":"A","date":"2018-03-28T01:56:24.000Z","volume":400,"label":" ","price":50},{"type":"A","date":"2018-03-28T01:56:24.000Z","volume":400,"label":" ","price":50},{"type":"A","date":"2018-03-28T01:56:24.000Z","volume":400,"label":" ","price":50},{"type":"B","date":"2018-03-28T01:56:42.000Z","volume":1200,"label":" ","price":50},{"type":"B","date":"2018-03-28T01:57:03.000Z","volume":1200,"label":" ","price":50},{"type":"A","date":"2018-03-28T01:57:04.000Z","volume":400,"label":" ","price":50.05},{"type":"A","date":"2018-03-28T01:57:04.000Z","volume":400,"label":" ","price":50.05},{"type":"B","date":"2018-03-28T01:57:04.000Z","volume":400,"label":" ","price":50},{"type":"B","date":"2018-03-28T02:01:43.000Z","volume":400,"label":" ","price":50.05},{"type":"A","date":"2018-03-28T02:01:44.000Z","volume":400,"label":" ","price":50.1},{"type":"A","date":"2018-03-28T02:01:44.000Z","volume":400,"label":" ","price":50.1},{"type":"U","date":"2018-03-28T02:01:44.000Z","volume":400,"label":" ","price":50.1},{"type":"B","date":"2018-03-28T02:02:13.000Z","volume":1200,"label":" ","price":50.05},{"type":"B","date":"2018-03-28T02:05:59.000Z","volume":2400,"label":" ","price":50.05},{"type":"B","date":"2018-03-28T02:05:59.000Z","volume":400,"label":" ","price":50},{"type":"A","date":"2018-03-28T02:06:43.000Z","volume":400,"label":" ","price":50.05},{"type":"B","date":"2018-03-28T02:07:23.000Z","volume":1200,"label":" ","price":50},{"type":"A","date":"2018-03-28T02:08:33.000Z","volume":400,"label":" ","price":50},{"type":"B","date":"2018-03-28T02:13:42.000Z","volume":2000,"label":" ","price":49.95},{"type":"B","date":"2018-03-28T02:13:42.000Z","volume":1200,"label":" ","price":49.95},{"type":"U","date":"2018-03-28T02:13:42.000Z","volume":400,"label":"X","price":50},{"type":"A","date":"2018-03-28T02:13:45.000Z","volume":400,"label":" ","price":50},{"type":"B","date":"2018-03-28T02:13:45.000Z","volume":400,"label":" ","price":49.9},{"type":"B","date":"2018-03-28T02:21:35.000Z","volume":2400,"label":" ","price":49.9},{"type":"B","date":"2018-03-28T02:21:35.000Z","volume":2000,"label":" ","price":49.85},{"type":"B","date":"2018-03-28T02:21:35.000Z","volume":5200,"label":" ","price":49.85},{"type":"B","date":"2018-03-28T02:21:35.000Z","volume":1200,"label":" ","price":49.8},{"type":"B","date":"2018-03-28T02:21:35.000Z","volume":800,"label":" ","price":49.8},{"type":"B","date":"2018-03-28T02:21:35.000Z","volume":800,"label":" ","price":49.75},{"type":"B","date":"2018-03-28T02:21:35.000Z","volume":400,"label":" ","price":49.75},{"type":"B","date":"2018-03-28T02:21:35.000Z","volume":400,"label":" ","price":49.7},{"type":"B","date":"2018-03-28T02:21:35.000Z","volume":800,"label":" ","price":49.7},{"type":"B","date":"2018-03-28T02:21:36.000Z","volume":2000,"label":" ","price":49.7},{"type":"B","date":"2018-03-28T02:21:36.000Z","volume":1200,"label":" ","price":49.7},{"type":"B","date":"2018-03-28T02:21:37.000Z","volume":400,"label":" ","price":49.6},{"type":"B","date":"2018-03-28T02:25:00.000Z","volume":1600,"label":" ","price":49.65},{"type":"B","date":"2018-03-28T02:26:14.000Z","volume":400,"label":" ","price":49.6},{"type":"U","date":"2018-03-28T02:26:31.000Z","volume":5200,"label":"X","price":49.675},{"type":"B","date":"2018-03-28T02:28:26.000Z","volume":400,"label":" ","price":49.65},{"type":"B","date":"2018-03-28T02:30:06.000Z","volume":400,"label":" ","price":49.6},{"type":"B","date":"2018-03-28T02:32:12.000Z","volume":400,"label":" ","price":49.6},{"type":"B","date":"2018-03-28T02:34:22.000Z","volume":400,"label":" ","price":49.6},{"type":"B","date":"2018-03-28T02:35:55.000Z","volume":400,"label":" ","price":49.6},{"type":"A","date":"2018-03-28T02:37:27.000Z","volume":400,"label":" ","price":49.7},{"type":"B","date":"2018-03-28T02:37:29.000Z","volume":400,"label":" ","price":49.6},{"type":"B","date":"2018-03-28T02:38:30.000Z","volume":1200,"label":" ","price":49.65},{"type":"A","date":"2018-03-28T02:39:19.000Z","volume":2400,"label":" ","price":49.7},{"type":"U","date":"2018-03-28T02:39:34.000Z","volume":400,"label":"X","price":49.7},{"type":"A","date":"2018-03-28T02:48:24.000Z","volume":400,"label":" ","price":49.7},{"type":"A","date":"2018-03-28T02:48:27.000Z","volume":800,"label":" ","price":49.7},{"type":"A","date":"2018-03-28T02:48:27.000Z","volume":800,"label":" ","price":49.7},{"type":"A","date":"2018-03-28T02:52:17.000Z","volume":2000,"label":" ","price":49.75},{"type":"U","date":"2018-03-28T02:53:14.000Z","volume":400,"label":"X","price":49.75},{"type":"A","date":"2018-03-28T02:53:23.000Z","volume":400,"label":" ","price":49.75},{"type":"A","date":"2018-03-28T02:54:29.000Z","volume":1200,"label":" ","price":49.75},{"type":"A","date":"2018-03-28T02:54:34.000Z","volume":400,"label":" ","price":49.75},{"type":"B","date":"2018-03-28T02:58:29.000Z","volume":400,"label":" ","price":49.7},{"type":"A","date":"2018-03-28T03:00:23.000Z","volume":400,"label":" ","price":49.75},{"type":"A","date":"2018-03-28T03:00:58.000Z","volume":1200,"label":" ","price":49.75},{"type":"B","date":"2018-03-28T03:00:58.000Z","volume":400,"label":" ","price":49.7},{"type":"B","date":"2018-03-28T03:00:59.000Z","volume":400,"label":" ","price":49.7},{"type":"A","date":"2018-03-28T03:01:04.000Z","volume":400,"label":"Y","price":49.75},{"type":"U","date":"2018-03-28T03:01:17.000Z","volume":400,"label":"X","price":49.75},{"type":"A","date":"2018-03-28T03:04:51.000Z","volume":1200,"label":" ","price":49.75},{"type":"A","date":"2018-03-28T03:04:53.000Z","volume":400,"label":" ","price":49.75},{"type":"A","date":"2018-03-28T03:10:04.000Z","volume":400,"label":" ","price":49.8},{"type":"A","date":"2018-03-28T03:10:08.000Z","volume":400,"label":" ","price":49.8},{"type":"B","date":"2018-03-28T03:10:09.000Z","volume":400,"label":" ","price":49.7},{"type":"U","date":"2018-03-28T03:10:55.000Z","volume":400,"label":"X","price":49.8},{"type":"U","date":"2018-03-28T03:12:18.000Z","volume":400,"label":" ","price":49.75},{"type":"B","date":"2018-03-28T03:13:08.000Z","volume":1600,"label":" ","price":49.7},{"type":"B","date":"2018-03-28T03:13:08.000Z","volume":13200,"label":" ","price":49.7},{"type":"B","date":"2018-03-28T03:13:08.000Z","volume":1600,"label":" ","price":49.65},{"type":"B","date":"2018-03-28T03:13:09.000Z","volume":400,"label":" ","price":49.65},{"type":"A","date":"2018-03-28T03:13:09.000Z","volume":1200,"label":" ","price":49.75},{"type":"B","date":"2018-03-28T03:13:09.000Z","volume":800,"label":" ","price":49.6},{"type":"B","date":"2018-03-28T03:13:10.000Z","volume":1600,"label":" ","price":49.6},{"type":"B","date":"2018-03-28T03:13:24.000Z","volume":400,"label":" ","price":49.6},{"type":"B","date":"2018-03-28T03:14:35.000Z","volume":1600,"label":" ","price":49.6},{"type":"B","date":"2018-03-28T03:15:31.000Z","volume":400,"label":" ","price":49.6},{"type":"B","date":"2018-03-28T03:17:40.000Z","volume":400,"label":" ","price":49.6},{"type":"U","date":"2018-03-28T03:17:58.000Z","volume":400,"label":"X","price":49.7},{"type":"A","date":"2018-03-28T03:21:51.000Z","volume":400,"label":" ","price":49.65},{"type":"B","date":"2018-03-28T03:21:51.000Z","volume":400,"label":" ","price":49.6},{"type":"A","date":"2018-03-28T03:21:54.000Z","volume":1600,"label":" ","price":49.65},{"type":"A","date":"2018-03-28T03:21:54.000Z","volume":1200,"label":" ","price":49.65},{"type":"A","date":"2018-03-28T03:21:54.000Z","volume":800,"label":" ","price":49.65},{"type":"A","date":"2018-03-28T03:21:54.000Z","volume":400,"label":" ","price":49.7},{"type":"A","date":"2018-03-28T03:22:06.000Z","volume":1200,"label":" ","price":49.7},{"type":"B","date":"2018-03-28T03:22:10.000Z","volume":400,"label":" ","price":49.6},{"type":"B","date":"2018-03-28T03:38:02.000Z","volume":400,"label":" ","price":49.65},{"type":"A","date":"2018-03-28T03:42:21.000Z","volume":400,"label":" ","price":49.7},{"type":"A","date":"2018-03-28T03:43:25.000Z","volume":400,"label":" ","price":49.7},{"type":"A","date":"2018-03-28T03:48:35.000Z","volume":400,"label":" ","price":49.7},{"type":"B","date":"2018-03-28T03:48:36.000Z","volume":400,"label":" ","price":49.65},{"type":"B","date":"2018-03-28T03:49:12.000Z","volume":2000,"label":" ","price":49.65},{"type":"B","date":"2018-03-28T03:49:13.000Z","volume":400,"label":"Y","price":49.65},{"type":"B","date":"2018-03-28T03:51:14.000Z","volume":2000,"label":" ","price":49.65},{"type":"B","date":"2018-03-28T03:51:14.000Z","volume":400,"label":" ","price":49.65},{"type":"B","date":"2018-03-28T03:51:17.000Z","volume":400,"label":" ","price":49.65},{"type":"U","date":"2018-03-28T03:51:38.000Z","volume":400,"label":"X","price":49.7},{"type":"B","date":"2018-03-28T03:54:26.000Z","volume":400,"label":" ","price":49.65},{"type":"B","date":"2018-03-28T03:55:56.000Z","volume":800,"label":" ","price":49.65},{"type":"B","date":"2018-03-28T03:56:04.000Z","volume":2000,"label":" ","price":49.65},{"type":"B","date":"2018-03-28T03:56:04.000Z","volume":400,"label":" ","price":49.65},{"type":"A","date":"2018-03-28T03:56:08.000Z","volume":400,"label":" ","price":49.7},{"type":"B","date":"2018-03-28T03:56:09.000Z","volume":400,"label":"Y","price":49.65},{"type":"B","date":"2018-03-28T03:56:10.000Z","volume":400,"label":" ","price":49.65},{"type":"U","date":"2018-03-28T03:56:32.000Z","volume":400,"label":"X","price":49.7},{"type":"A","date":"2018-03-28T03:59:36.000Z","volume":400,"label":" ","price":49.7},{"type":"A","date":"2018-03-28T03:59:36.000Z","volume":400,"label":"Y","price":49.7},{"type":"A","date":"2018-03-28T03:59:36.000Z","volume":1200,"label":" ","price":49.7},{"type":"A","date":"2018-03-28T03:59:36.000Z","volume":400,"label":" ","price":49.7},{"type":"U","date":"2018-03-28T03:59:36.000Z","volume":400,"label":"X","price":49.75},{"type":"B","date":"2018-03-28T05:03:37.000Z","volume":3600,"label":" ","price":49.7},{"type":"B","date":"2018-03-28T05:03:37.000Z","volume":2800,"label":" ","price":49.7},{"type":"B","date":"2018-03-28T05:03:40.000Z","volume":400,"label":" ","price":49.65},{"type":"A","date":"2018-03-28T05:11:07.000Z","volume":400,"label":" ","price":49.7},{"type":"B","date":"2018-03-28T05:11:29.000Z","volume":400,"label":" ","price":49.65},{"type":"U","date":"2018-03-28T05:11:56.000Z","volume":400,"label":"X","price":49.7},{"type":"B","date":"2018-03-28T05:15:26.000Z","volume":400,"label":" ","price":49.65},{"type":"B","date":"2018-03-28T05:15:26.000Z","volume":400,"label":" ","price":49.65},{"type":"B","date":"2018-03-28T05:15:58.000Z","volume":2000,"label":" ","price":49.65},{"type":"B","date":"2018-03-28T05:15:58.000Z","volume":1600,"label":" ","price":49.65},{"type":"B","date":"2018-03-28T05:17:00.000Z","volume":1200,"label":" ","price":49.6},{"type":"A","date":"2018-03-28T05:17:02.000Z","volume":400,"label":" ","price":49.7},{"type":"B","date":"2018-03-28T05:17:41.000Z","volume":400,"label":" ","price":49.6},{"type":"B","date":"2018-03-28T05:17:41.000Z","volume":400,"label":" ","price":49.6},{"type":"B","date":"2018-03-28T05:19:23.000Z","volume":400,"label":" ","price":49.6},{"type":"A","date":"2018-03-28T05:20:27.000Z","volume":400,"label":" ","price":49.7},{"type":"U","date":"2018-03-28T05:20:53.000Z","volume":400,"label":"X","price":49.7},{"type":"A","date":"2018-03-28T05:22:38.000Z","volume":400,"label":" ","price":49.7},{"type":"B","date":"2018-03-28T05:23:40.000Z","volume":400,"label":" ","price":49.6},{"type":"B","date":"2018-03-28T05:25:53.000Z","volume":400,"label":" ","price":49.6},{"type":"A","date":"2018-03-28T05:27:58.000Z","volume":400,"label":" ","price":49.65},{"type":"B","date":"2018-03-28T05:29:55.000Z","volume":2000,"label":" ","price":49.6},{"type":"B","date":"2018-03-28T05:29:55.000Z","volume":400,"label":" ","price":49.6},{"type":"U","date":"2018-03-28T05:30:36.000Z","volume":400,"label":"X","price":49.65},{"type":"A","date":"2018-03-28T05:30:38.000Z","volume":400,"label":" ","price":49.65},{"type":"B","date":"2018-03-28T05:30:41.000Z","volume":400,"label":" ","price":49.6},{"type":"A","date":"2018-03-28T05:30:44.000Z","volume":400,"label":" ","price":49.65},{"type":"A","date":"2018-03-28T05:32:42.000Z","volume":400,"label":" ","price":49.65},{"type":"A","date":"2018-03-28T05:33:28.000Z","volume":4800,"label":" ","price":49.65},{"type":"A","date":"2018-03-28T05:33:28.000Z","volume":400,"label":"Y","price":49.65},{"type":"A","date":"2018-03-28T05:33:32.000Z","volume":400,"label":"Y","price":49.65},{"type":"A","date":"2018-03-28T05:33:38.000Z","volume":400,"label":"Y","price":49.65},{"type":"A","date":"2018-03-28T05:33:38.000Z","volume":800,"label":" ","price":49.7},{"type":"A","date":"2018-03-28T05:33:38.000Z","volume":400,"label":" ","price":49.7},{"type":"A","date":"2018-03-28T05:33:38.000Z","volume":800,"label":" ","price":49.7},{"type":"U","date":"2018-03-28T05:33:38.000Z","volume":800,"label":"X","price":49.7},{"type":"B","date":"2018-03-28T05:36:04.000Z","volume":10000,"label":" ","price":49.6},{"type":"A","date":"2018-03-28T05:36:04.000Z","volume":400,"label":" ","price":49.7},{"type":"B","date":"2018-03-28T05:36:07.000Z","volume":800,"label":" ","price":49.6},{"type":"B","date":"2018-03-28T05:36:14.000Z","volume":800,"label":" ","price":49.6},{"type":"A","date":"2018-03-28T05:36:14.000Z","volume":400,"label":" ","price":49.65},{"type":"A","date":"2018-03-28T05:36:14.000Z","volume":800,"label":" ","price":49.65},{"type":"B","date":"2018-03-28T05:43:04.000Z","volume":400,"label":" ","price":49.6},{"type":"B","date":"2018-03-28T05:43:08.000Z","volume":400,"label":" ","price":49.6},{"type":"B","date":"2018-03-28T05:45:45.000Z","volume":400,"label":" ","price":49.6},{"type":"B","date":"2018-03-28T05:46:02.000Z","volume":2000,"label":" ","price":49.6},{"type":"A","date":"2018-03-28T05:46:02.000Z","volume":400,"label":" ","price":49.65},{"type":"B","date":"2018-03-28T05:47:28.000Z","volume":400,"label":" ","price":49.6},{"type":"B","date":"2018-03-28T05:49:41.000Z","volume":400,"label":" ","price":49.6},{"type":"B","date":"2018-03-28T05:52:22.000Z","volume":400,"label":" ","price":49.6},{"type":"A","date":"2018-03-28T05:53:24.000Z","volume":400,"label":" ","price":49.65},{"type":"A","date":"2018-03-28T05:53:45.000Z","volume":1600,"label":" ","price":49.65},{"type":"B","date":"2018-03-28T05:53:48.000Z","volume":400,"label":" ","price":49.6},{"type":"B","date":"2018-03-28T05:54:05.000Z","volume":1200,"label":" ","price":49.6},{"type":"A","date":"2018-03-28T05:54:30.000Z","volume":400,"label":" ","price":49.65},{"type":"A","date":"2018-03-28T05:54:34.000Z","volume":400,"label":" ","price":49.65},{"type":"B","date":"2018-03-28T05:54:35.000Z","volume":400,"label":" ","price":49.6},{"type":"U","date":"2018-03-28T05:54:47.000Z","volume":800,"label":"X","price":49.65},{"type":"A","date":"2018-03-28T05:55:03.000Z","volume":400,"label":" ","price":49.65},{"type":"A","date":"2018-03-28T05:55:59.000Z","volume":400,"label":" ","price":49.65},{"type":"B","date":"2018-03-28T05:57:28.000Z","volume":10000,"label":" ","price":49.6},{"type":"A","date":"2018-03-28T05:57:29.000Z","volume":400,"label":" ","price":49.65},{"type":"A","date":"2018-03-28T05:57:29.000Z","volume":1200,"label":" ","price":49.65},{"type":"B","date":"2018-03-28T05:57:32.000Z","volume":800,"label":" ","price":49.6},{"type":"A","date":"2018-03-28T05:57:33.000Z","volume":400,"label":" ","price":49.65},{"type":"B","date":"2018-03-28T05:57:37.000Z","volume":400,"label":" ","price":49.6},{"type":"U","date":"2018-03-28T05:57:49.000Z","volume":1200,"label":"X","price":49.65},{"type":"A","date":"2018-03-28T05:59:39.000Z","volume":400,"label":" ","price":49.65},{"type":"A","date":"2018-03-28T05:59:39.000Z","volume":400,"label":" ","price":49.65},{"type":"A","date":"2018-03-28T05:59:43.000Z","volume":400,"label":" ","price":49.65},{"type":"A","date":"2018-03-28T06:00:17.000Z","volume":400,"label":" ","price":49.65},{"type":"A","date":"2018-03-28T06:03:59.000Z","volume":400,"label":" ","price":49.65},{"type":"U","date":"2018-03-28T06:04:26.000Z","volume":400,"label":"X","price":49.65},{"type":"A","date":"2018-03-28T06:05:39.000Z","volume":400,"label":" ","price":49.65},{"type":"A","date":"2018-03-28T06:05:52.000Z","volume":400,"label":" ","price":49.65},{"type":"A","date":"2018-03-28T06:09:14.000Z","volume":800,"label":" ","price":49.65},{"type":"B","date":"2018-03-28T06:09:14.000Z","volume":400,"label":" ","price":49.6},{"type":"B","date":"2018-03-28T06:09:36.000Z","volume":400,"label":" ","price":49.6},{"type":"A","date":"2018-03-28T06:10:25.000Z","volume":400,"label":" ","price":49.65},{"type":"B","date":"2018-03-28T06:11:08.000Z","volume":400,"label":" ","price":49.6},{"type":"A","date":"2018-03-28T06:11:29.000Z","volume":400,"label":" ","price":49.65},{"type":"B","date":"2018-03-28T06:11:30.000Z","volume":400,"label":" ","price":49.6},{"type":"U","date":"2018-03-28T06:11:37.000Z","volume":400,"label":"X","price":49.65},{"type":"A","date":"2018-03-28T06:13:09.000Z","volume":400,"label":" ","price":49.65},{"type":"B","date":"2018-03-28T06:13:57.000Z","volume":400,"label":" ","price":49.6},{"type":"A","date":"2018-03-28T06:14:23.000Z","volume":400,"label":" ","price":49.65},{"type":"B","date":"2018-03-28T06:16:08.000Z","volume":400,"label":" ","price":49.6},{"type":"A","date":"2018-03-28T06:18:00.000Z","volume":400,"label":" ","price":49.65},{"type":"B","date":"2018-03-28T06:18:22.000Z","volume":400,"label":" ","price":49.6},{"type":"A","date":"2018-03-28T06:18:40.000Z","volume":400,"label":" ","price":49.65},{"type":"A","date":"2018-03-28T06:18:40.000Z","volume":400,"label":" ","price":49.65},{"type":"A","date":"2018-03-28T06:18:41.000Z","volume":800,"label":" ","price":49.65},{"type":"A","date":"2018-03-28T06:19:00.000Z","volume":400,"label":" ","price":49.65},{"type":"A","date":"2018-03-28T06:19:08.000Z","volume":800,"label":" ","price":49.65},{"type":"B","date":"2018-03-28T06:19:08.000Z","volume":400,"label":" ","price":49.6},{"type":"A","date":"2018-03-28T06:19:10.000Z","volume":400,"label":" ","price":49.65},{"type":"A","date":"2018-03-28T06:19:15.000Z","volume":400,"label":" ","price":49.65},{"type":"U","date":"2018-03-28T06:19:19.000Z","volume":400,"label":"X","price":49.65},{"type":"A","date":"2018-03-28T06:19:30.000Z","volume":800,"label":" ","price":49.65},{"type":"A","date":"2018-03-28T06:20:22.000Z","volume":400,"label":" ","price":49.65},{"type":"U","date":"2018-03-28T06:20:29.000Z","volume":400,"label":"X","price":49.65},{"type":"A","date":"2018-03-28T06:20:30.000Z","volume":400,"label":" ","price":49.65},{"type":"A","date":"2018-03-28T06:20:32.000Z","volume":400,"label":"Y","price":49.65},{"type":"A","date":"2018-03-28T06:21:10.000Z","volume":400,"label":" ","price":49.65},{"type":"A","date":"2018-03-28T06:22:38.000Z","volume":400,"label":"Y","price":49.65},{"type":"A","date":"2018-03-28T06:22:38.000Z","volume":400,"label":" ","price":49.65},{"type":"A","date":"2018-03-28T06:22:41.000Z","volume":400,"label":" ","price":49.65},{"type":"A","date":"2018-03-28T06:25:16.000Z","volume":800,"label":" ","price":49.65},{"type":"A","date":"2018-03-28T06:26:41.000Z","volume":400,"label":" ","price":49.65},{"type":"A","date":"2018-03-28T06:26:45.000Z","volume":400,"label":" ","price":49.65},{"type":"U","date":"2018-03-28T06:26:58.000Z","volume":400,"label":"X","price":49.65},{"type":"A","date":"2018-03-28T06:28:00.000Z","volume":400,"label":" ","price":49.65},{"type":"A","date":"2018-03-28T06:28:25.000Z","volume":1200,"label":" ","price":49.65},{"type":"A","date":"2018-03-28T06:30:10.000Z","volume":400,"label":" ","price":49.65},{"type":"A","date":"2018-03-28T06:34:21.000Z","volume":400,"label":" ","price":49.65},{"type":"A","date":"2018-03-28T06:34:30.000Z","volume":400,"label":" ","price":49.65},{"type":"A","date":"2018-03-28T06:37:06.000Z","volume":400,"label":" ","price":49.65},{"type":"A","date":"2018-03-28T06:37:47.000Z","volume":400,"label":" ","price":49.65},{"type":"A","date":"2018-03-28T06:37:54.000Z","volume":400,"label":" ","price":49.65},{"type":"U","date":"2018-03-28T06:37:57.000Z","volume":400,"label":"X","price":49.65},{"type":"A","date":"2018-03-28T06:40:10.000Z","volume":400,"label":" ","price":49.65},{"type":"A","date":"2018-03-28T06:41:00.000Z","volume":400,"label":" ","price":49.65},{"type":"B","date":"2018-03-28T06:41:03.000Z","volume":400,"label":" ","price":49.6},{"type":"A","date":"2018-03-28T06:47:31.000Z","volume":400,"label":" ","price":49.65},{"type":"A","date":"2018-03-28T06:49:14.000Z","volume":400,"label":" ","price":49.65},{"type":"A","date":"2018-03-28T06:49:30.000Z","volume":400,"label":" ","price":49.65},{"type":"B","date":"2018-03-28T06:49:31.000Z","volume":400,"label":" ","price":49.6},{"type":"U","date":"2018-03-28T06:53:38.000Z","volume":400,"label":"X","price":49.6},{"type":"A","date":"2018-03-28T06:57:28.000Z","volume":400,"label":" ","price":49.65},{"type":"A","date":"2018-03-28T06:58:24.000Z","volume":800,"label":" ","price":49.65},{"type":"U","date":"2018-03-28T06:58:34.000Z","volume":400,"label":"X","price":49.65},{"type":"A","date":"2018-03-28T06:59:08.000Z","volume":800,"label":" ","price":49.65},{"type":"A","date":"2018-03-28T07:02:24.000Z","volume":400,"label":" ","price":49.65},{"type":"A","date":"2018-03-28T07:03:28.000Z","volume":400,"label":" ","price":49.65},{"type":"B","date":"2018-03-28T07:04:23.000Z","volume":400,"label":" ","price":49.6},{"type":"A","date":"2018-03-28T07:04:34.000Z","volume":800,"label":" ","price":49.65},{"type":"B","date":"2018-03-28T07:04:34.000Z","volume":400,"label":" ","price":49.6},{"type":"A","date":"2018-03-28T07:07:24.000Z","volume":400,"label":" ","price":49.65},{"type":"B","date":"2018-03-28T07:08:42.000Z","volume":400,"label":" ","price":49.6},{"type":"U","date":"2018-03-28T07:08:45.000Z","volume":400,"label":"X","price":49.65},{"type":"A","date":"2018-03-28T07:13:12.000Z","volume":400,"label":" ","price":49.65},{"type":"A","date":"2018-03-28T07:14:01.000Z","volume":400,"label":" ","price":49.65},{"type":"A","date":"2018-03-28T07:14:54.000Z","volume":1600,"label":" ","price":49.65},{"type":"B","date":"2018-03-28T07:14:54.000Z","volume":400,"label":" ","price":49.6},{"type":"A","date":"2018-03-28T07:15:01.000Z","volume":1200,"label":" ","price":49.65},{"type":"A","date":"2018-03-28T07:15:04.000Z","volume":2800,"label":"Y","price":49.65},{"type":"A","date":"2018-03-28T07:15:04.000Z","volume":1200,"label":" ","price":49.65},{"type":"A","date":"2018-03-28T07:15:23.000Z","volume":800,"label":" ","price":49.65},{"type":"A","date":"2018-03-28T07:15:32.000Z","volume":400,"label":" ","price":49.65},{"type":"A","date":"2018-03-28T07:15:42.000Z","volume":800,"label":" ","price":49.65},{"type":"B","date":"2018-03-28T07:15:42.000Z","volume":400,"label":" ","price":49.6},{"type":"B","date":"2018-03-28T07:15:43.000Z","volume":400,"label":" ","price":49.6},{"type":"A","date":"2018-03-28T07:16:55.000Z","volume":400,"label":" ","price":49.65},{"type":"A","date":"2018-03-28T07:17:01.000Z","volume":400,"label":" ","price":49.65},{"type":"A","date":"2018-03-28T07:17:01.000Z","volume":2000,"label":" ","price":49.65},{"type":"B","date":"2018-03-28T07:17:02.000Z","volume":400,"label":" ","price":49.6},{"type":"U","date":"2018-03-28T07:17:08.000Z","volume":400,"label":"X","price":49.65},{"type":"A","date":"2018-03-28T07:17:21.000Z","volume":400,"label":" ","price":49.65},{"type":"A","date":"2018-03-28T07:17:43.000Z","volume":400,"label":" ","price":49.65},{"type":"A","date":"2018-03-28T07:18:43.000Z","volume":400,"label":" ","price":49.65},{"type":"A","date":"2018-03-28T07:20:39.000Z","volume":400,"label":" ","price":49.65},{"type":"A","date":"2018-03-28T07:23:02.000Z","volume":400,"label":" ","price":49.65},{"type":"B","date":"2018-03-28T07:23:02.000Z","volume":400,"label":" ","price":49.6},{"type":"B","date":"2018-03-28T07:23:03.000Z","volume":400,"label":" ","price":49.6},{"type":"U","date":"2018-03-28T07:23:05.000Z","volume":400,"label":"X","price":49.65},{"type":"B","date":"2018-03-28T07:23:34.000Z","volume":400,"label":" ","price":49.6},{"type":"A","date":"2018-03-28T07:23:43.000Z","volume":400,"label":" ","price":49.65},{"type":"A","date":"2018-03-28T07:27:00.000Z","volume":400,"label":" ","price":49.65},{"type":"A","date":"2018-03-28T07:28:42.000Z","volume":400,"label":" ","price":49.65},{"type":"A","date":"2018-03-28T07:29:02.000Z","volume":400,"label":" ","price":49.65},{"type":"B","date":"2018-03-28T07:29:14.000Z","volume":400,"label":" ","price":49.6},{"type":"A","date":"2018-03-28T07:29:24.000Z","volume":400,"label":" ","price":49.65},{"type":"A","date":"2018-03-28T07:29:43.000Z","volume":400,"label":" ","price":49.65},{"type":"A","date":"2018-03-28T07:29:54.000Z","volume":400,"label":" ","price":49.65},{"type":"B","date":"2018-03-28T07:29:55.000Z","volume":400,"label":" ","price":49.6},{"type":"A","date":"2018-03-28T07:29:57.000Z","volume":400,"label":" ","price":49.65},{"type":"U","date":"2018-03-28T07:30:10.000Z","volume":400,"label":"X","price":49.65},{"type":"A","date":"2018-03-28T07:32:02.000Z","volume":400,"label":" ","price":49.65},{"type":"B","date":"2018-03-28T07:32:20.000Z","volume":400,"label":" ","price":49.6},{"type":"A","date":"2018-03-28T07:32:31.000Z","volume":400,"label":" ","price":49.65},{"type":"A","date":"2018-03-28T07:32:42.000Z","volume":400,"label":" ","price":49.65},{"type":"A","date":"2018-03-28T07:33:32.000Z","volume":400,"label":" ","price":49.65},{"type":"B","date":"2018-03-28T07:36:12.000Z","volume":800,"label":" ","price":49.6},{"type":"U","date":"2018-03-28T07:36:14.000Z","volume":400,"label":"X","price":49.65},{"type":"B","date":"2018-03-28T07:36:15.000Z","volume":400,"label":" ","price":49.6},{"type":"A","date":"2018-03-28T07:36:16.000Z","volume":800,"label":" ","price":49.65},{"type":"A","date":"2018-03-28T07:36:32.000Z","volume":400,"label":" ","price":49.65},{"type":"A","date":"2018-03-28T07:37:12.000Z","volume":400,"label":" ","price":49.65},{"type":"A","date":"2018-03-28T07:37:12.000Z","volume":400,"label":" ","price":49.65},{"type":"B","date":"2018-03-28T07:37:13.000Z","volume":400,"label":" ","price":49.6},{"type":"A","date":"2018-03-28T07:37:13.000Z","volume":400,"label":" ","price":49.65},{"type":"A","date":"2018-03-28T07:37:32.000Z","volume":400,"label":" ","price":49.65},{"type":"A","date":"2018-03-28T07:37:32.000Z","volume":1200,"label":" ","price":49.65},{"type":"A","date":"2018-03-28T07:37:32.000Z","volume":400,"label":" ","price":49.7},{"type":"B","date":"2018-03-28T07:39:20.000Z","volume":2400,"label":" ","price":49.65},{"type":"A","date":"2018-03-28T07:39:20.000Z","volume":400,"label":" ","price":49.7},{"type":"U","date":"2018-03-28T07:39:28.000Z","volume":400,"label":"X","price":49.7},{"type":"A","date":"2018-03-28T07:40:32.000Z","volume":400,"label":" ","price":49.7},{"type":"B","date":"2018-03-28T07:40:32.000Z","volume":400,"label":" ","price":49.6},{"type":"A","date":"2018-03-28T07:41:21.000Z","volume":400,"label":" ","price":49.7},{"type":"A","date":"2018-03-28T07:43:55.000Z","volume":400,"label":" ","price":49.7},{"type":"A","date":"2018-03-28T07:45:31.000Z","volume":800,"label":" ","price":49.7},{"type":"B","date":"2018-03-28T07:45:32.000Z","volume":400,"label":" ","price":49.6},{"type":"U","date":"2018-03-28T07:48:52.000Z","volume":140,"label":"D","price":49.65},{"type":"A","date":"2018-03-28T07:49:02.000Z","volume":400,"label":" ","price":49.65},{"type":"A","date":"2018-03-28T07:50:13.000Z","volume":400,"label":" ","price":49.65},{"type":"B","date":"2018-03-28T07:50:19.000Z","volume":400,"label":" ","price":49.6},{"type":"B","date":"2018-03-28T07:50:58.000Z","volume":3200,"label":" ","price":49.6},{"type":"B","date":"2018-03-28T07:50:59.000Z","volume":16000,"label":" ","price":49.6},{"type":"B","date":"2018-03-28T07:50:59.000Z","volume":800,"label":" ","price":49.6},{"type":"B","date":"2018-03-28T07:50:59.000Z","volume":3200,"label":" ","price":49.6},{"type":"B","date":"2018-03-28T07:51:00.000Z","volume":400,"label":" ","price":49.6},{"type":"B","date":"2018-03-28T07:51:00.000Z","volume":5200,"label":" ","price":49.6},{"type":"B","date":"2018-03-28T07:51:03.000Z","volume":400,"label":" ","price":49.6},{"type":"U","date":"2018-03-28T07:51:13.000Z","volume":800,"label":"X","price":49.65},{"type":"U","date":"2018-03-28T07:51:13.000Z","volume":400,"label":"X","price":49.65},{"type":"U","date":"2018-03-28T07:51:13.000Z","volume":400,"label":"X","price":49.65},{"type":"U","date":"2018-03-28T07:51:24.000Z","volume":1600,"label":"X","price":49.625},{"type":"U","date":"2018-03-28T07:51:24.000Z","volume":800,"label":"X","price":49.6},{"type":"U","date":"2018-03-28T07:51:24.000Z","volume":400,"label":"X","price":49.625},{"type":"A","date":"2018-03-28T07:52:10.000Z","volume":400,"label":" ","price":49.65},{"type":"B","date":"2018-03-28T07:52:42.000Z","volume":400,"label":" ","price":49.6},{"type":"B","date":"2018-03-28T07:53:00.000Z","volume":4000,"label":" ","price":49.6},{"type":"A","date":"2018-03-28T07:53:41.000Z","volume":400,"label":" ","price":49.65},{"type":"B","date":"2018-03-28T07:54:50.000Z","volume":400,"label":" ","price":49.6},{"type":"A","date":"2018-03-28T07:55:00.000Z","volume":400,"label":" ","price":49.65},{"type":"A","date":"2018-03-28T07:55:11.000Z","volume":800,"label":" ","price":49.65},{"type":"A","date":"2018-03-28T07:55:15.000Z","volume":400,"label":" ","price":49.65},{"type":"A","date":"2018-03-28T07:55:32.000Z","volume":400,"label":" ","price":49.65},{"type":"U","date":"2018-03-28T07:55:56.000Z","volume":400,"label":"X","price":49.65},{"type":"A","date":"2018-03-28T07:56:00.000Z","volume":800,"label":" ","price":49.65},{"type":"A","date":"2018-03-28T07:56:23.000Z","volume":1200,"label":" ","price":49.65},{"type":"B","date":"2018-03-28T07:56:23.000Z","volume":400,"label":" ","price":49.6},{"type":"B","date":"2018-03-28T07:57:20.000Z","volume":2000,"label":" ","price":49.6},{"type":"B","date":"2018-03-28T07:57:20.000Z","volume":400,"label":" ","price":49.6},{"type":"U","date":"2018-03-28T07:57:59.000Z","volume":400,"label":"X","price":49.7},{"type":"B","date":"2018-03-28T07:58:00.000Z","volume":400,"label":" ","price":49.65},{"type":"A","date":"2018-03-28T07:58:13.000Z","volume":400,"label":" ","price":49.7},{"type":"A","date":"2018-03-28T07:58:30.000Z","volume":400,"label":" ","price":49.7},{"type":"A","date":"2018-03-28T07:58:45.000Z","volume":400,"label":" ","price":49.7},{"type":"A","date":"2018-03-28T07:59:03.000Z","volume":400,"label":" ","price":49.7},{"type":"A","date":"2018-03-28T07:59:03.000Z","volume":800,"label":" ","price":49.7},{"type":"A","date":"2018-03-28T07:59:03.000Z","volume":400,"label":" ","price":49.7},{"type":"A","date":"2018-03-28T07:59:03.000Z","volume":800,"label":" ","price":49.7},{"type":"A","date":"2018-03-28T07:59:03.000Z","volume":400,"label":" ","price":49.7},{"type":"B","date":"2018-03-28T07:59:03.000Z","volume":400,"label":"Y","price":49.65},{"type":"A","date":"2018-03-28T07:59:06.000Z","volume":400,"label":"Y","price":49.7},{"type":"B","date":"2018-03-28T07:59:10.000Z","volume":400,"label":" ","price":49.6},{"type":"A","date":"2018-03-28T07:59:22.000Z","volume":400,"label":"Y","price":49.65},{"type":"B","date":"2018-03-28T07:59:30.000Z","volume":400,"label":" ","price":49.6},{"type":"U","date":"2018-03-28T07:59:38.000Z","volume":400,"label":"Y","price":49.65},{"type":"B","date":"2018-03-28T07:59:39.000Z","volume":400,"label":" ","price":49.6},{"type":"U","date":"2018-03-28T08:08:42.000Z","volume":21200,"label":"U","price":49.6}]