[{"type":"A","date":"2018-03-29T01:30:27.000Z","volume":10000,"label":" ","price":0.73},{"type":"A","date":"2018-03-29T01:35:25.000Z","volume":30000,"label":" ","price":0.74},{"type":"B","date":"2018-03-29T01:59:33.000Z","volume":10000,"label":" ","price":0.73},{"type":"B","date":"2018-03-29T02:00:18.000Z","volume":4000,"label":" ","price":0.73},{"type":"B","date":"2018-03-29T02:01:22.000Z","volume":20000,"label":" ","price":0.73},{"type":"B","date":"2018-03-29T02:01:27.000Z","volume":6000,"label":" ","price":0.73},{"type":"A","date":"2018-03-29T02:05:53.000Z","volume":44000,"label":" ","price":0.73},{"type":"A","date":"2018-03-29T02:23:18.000Z","volume":40000,"label":" ","price":0.73},{"type":"B","date":"2018-03-29T02:24:22.000Z","volume":6000,"label":" ","price":0.73},{"type":"B","date":"2018-03-29T02:25:15.000Z","volume":20000,"label":" ","price":0.73},{"type":"B","date":"2018-03-29T02:25:15.000Z","volume":4000,"label":" ","price":0.73},{"type":"B","date":"2018-03-29T02:31:16.000Z","volume":20000,"label":" ","price":0.73},{"type":"A","date":"2018-03-29T02:34:47.000Z","volume":30000,"label":" ","price":0.73},{"type":"B","date":"2018-03-29T02:42:57.000Z","volume":20000,"label":" ","price":0.73},{"type":"B","date":"2018-03-29T02:47:55.000Z","volume":20000,"label":" ","price":0.73},{"type":"B","date":"2018-03-29T02:50:34.000Z","volume":20000,"label":" ","price":0.73},{"type":"A","date":"2018-03-29T03:15:09.000Z","volume":20000,"label":" ","price":0.73},{"type":"A","date":"2018-03-29T03:19:30.000Z","volume":10000,"label":" ","price":0.73},{"type":"B","date":"2018-03-29T03:54:46.000Z","volume":44000,"label":" ","price":0.72},{"type":"B","date":"2018-03-29T03:54:46.000Z","volume":60000,"label":" ","price":0.71},{"type":"B","date":"2018-03-29T03:54:46.000Z","volume":16000,"label":" ","price":0.7},{"type":"B","date":"2018-03-29T03:56:09.000Z","volume":150000,"label":" ","price":0.7},{"type":"B","date":"2018-03-29T03:56:09.000Z","volume":4000,"label":" ","price":0.7},{"type":"B","date":"2018-03-29T03:57:37.000Z","volume":10000,"label":" ","price":0.7},{"type":"A","date":"2018-03-29T03:57:45.000Z","volume":10000,"label":" ","price":0.7},{"type":"A","date":"2018-03-29T05:00:00.000Z","volume":20000,"label":" ","price":0.71},{"type":"A","date":"2018-03-29T05:01:47.000Z","volume":6000,"label":" ","price":0.71},{"type":"A","date":"2018-03-29T05:03:39.000Z","volume":14000,"label":" ","price":0.71},{"type":"B","date":"2018-03-29T05:16:36.000Z","volume":30000,"label":" ","price":0.71},{"type":"B","date":"2018-03-29T05:18:38.000Z","volume":20000,"label":" ","price":0.7},{"type":"B","date":"2018-03-29T05:18:38.000Z","volume":6000,"label":" ","price":0.7},{"type":"A","date":"2018-03-29T05:23:01.000Z","volume":2000,"label":" ","price":0.71},{"type":"A","date":"2018-03-29T05:26:20.000Z","volume":6000,"label":" ","price":0.71},{"type":"A","date":"2018-03-29T05:31:25.000Z","volume":10000,"label":" ","price":0.71},{"type":"A","date":"2018-03-29T05:37:24.000Z","volume":402000,"label":" ","price":0.71},{"type":"A","date":"2018-03-29T05:38:08.000Z","volume":270000,"label":" ","price":0.72},{"type":"A","date":"2018-03-29T05:38:59.000Z","volume":60000,"label":" ","price":0.73},{"type":"A","date":"2018-03-29T05:38:59.000Z","volume":60000,"label":" ","price":0.74},{"type":"A","date":"2018-03-29T05:39:13.000Z","volume":40000,"label":" ","price":0.75},{"type":"A","date":"2018-03-29T05:39:28.000Z","volume":100000,"label":" ","price":0.74},{"type":"A","date":"2018-03-29T05:39:46.000Z","volume":2000,"label":" ","price":0.78},{"type":"A","date":"2018-03-29T05:40:22.000Z","volume":2000,"label":" ","price":0.77},{"type":"A","date":"2018-03-29T05:41:34.000Z","volume":60000,"label":" ","price":0.74},{"type":"A","date":"2018-03-29T05:44:55.000Z","volume":4000,"label":" ","price":0.74},{"type":"A","date":"2018-03-29T05:45:54.000Z","volume":50000,"label":" ","price":0.75},{"type":"B","date":"2018-03-29T05:54:47.000Z","volume":20000,"label":" ","price":0.72},{"type":"A","date":"2018-03-29T06:24:31.000Z","volume":10000,"label":" ","price":0.75},{"type":"B","date":"2018-03-29T06:35:17.000Z","volume":10000,"label":" ","price":0.73},{"type":"A","date":"2018-03-29T06:46:23.000Z","volume":10000,"label":" ","price":0.73},{"type":"A","date":"2018-03-29T07:57:44.000Z","volume":32000,"label":" ","price":0.75},{"type":"B","date":"2018-03-29T07:58:12.000Z","volume":2000,"label":" ","price":0.72},{"type":"B","date":"2018-03-29T07:58:37.000Z","volume":2000,"label":" ","price":0.72}]