[{"type":"A","date":"2018-03-19T02:05:04.000Z","volume":100000,"price":1.9,"category":"ubbull"},{"type":"A","date":"2018-03-19T02:02:28.000Z","volume":60000,"price":1.9,"category":"ubbull"},{"type":"A","date":"2018-03-19T02:02:21.000Z","volume":200000,"price":1.9,"category":"ubbull"},{"type":"A","date":"2018-03-19T03:55:04.000Z","volume":40000,"price":1.9,"category":"bbull"},{"type":"A","date":"2018-03-19T02:04:17.000Z","volume":50000,"price":1.9,"category":"bbull"},{"type":"A","date":"2018-03-19T01:45:30.000Z","volume":32000,"price":1.85,"category":"bbull"},{"type":"A","date":"2018-03-19T01:44:10.000Z","volume":32000,"price":1.84,"category":"bbull"},{"type":"A","date":"2018-03-19T01:35:32.000Z","volume":40000,"price":1.83,"category":"bbull"},{"type":"A","date":"2018-03-19T03:43:04.000Z","volume":4000,"price":1.9,"category":"rbull"},{"type":"A","date":"2018-03-19T03:22:03.000Z","volume":2000,"price":1.9,"category":"rbull"},{"type":"A","date":"2018-03-19T03:15:18.000Z","volume":2000,"price":1.9,"category":"rbull"},{"type":"A","date":"2018-03-19T03:10:27.000Z","volume":2000,"price":1.9,"category":"rbull"},{"type":"A","date":"2018-03-19T02:42:09.000Z","volume":4000,"price":1.9,"category":"rbull"},{"type":"A","date":"2018-03-19T02:19:04.000Z","volume":2000,"price":1.93,"category":"rbull"},{"type":"A","date":"2018-03-19T02:04:11.000Z","volume":2000,"price":1.89,"category":"rbull"},{"type":"A","date":"2018-03-19T01:47:34.000Z","volume":2000,"price":1.86,"category":"rbull"},{"type":"A","date":"2018-03-19T01:45:30.000Z","volume":2000,"price":1.83,"category":"rbull"},{"type":"B","date":"2018-03-19T07:02:58.000Z","volume":2000,"price":1.86,"category":"rbear"},{"type":"B","date":"2018-03-19T05:33:24.000Z","volume":4000,"price":1.89,"category":"rbear"},{"type":"B","date":"2018-03-19T05:33:23.000Z","volume":2000,"price":1.89,"category":"rbear"},{"type":"B","date":"2018-03-19T03:08:43.000Z","volume":4000,"price":1.9,"category":"rbear"},{"type":"B","date":"2018-03-19T02:48:56.000Z","volume":4000,"price":1.9,"category":"rbear"},{"type":"B","date":"2018-03-19T02:15:00.000Z","volume":4000,"price":1.9,"category":"rbear"},{"type":"B","date":"2018-03-19T02:14:05.000Z","volume":4000,"price":1.94,"category":"rbear"},{"type":"B","date":"2018-03-19T02:10:33.000Z","volume":4000,"price":1.92,"category":"rbear"},{"type":"B","date":"2018-03-19T02:10:33.000Z","volume":4000,"price":1.92,"category":"rbear"},{"type":"B","date":"2018-03-19T07:30:14.000Z","volume":50000,"price":1.85,"category":"bbear"},{"type":"B","date":"2018-03-19T06:27:26.000Z","volume":52000,"price":1.87,"category":"bbear"},{"type":"B","date":"2018-03-19T05:33:38.000Z","volume":42000,"price":1.89,"category":"bbear"},{"type":"B","date":"2018-03-19T05:33:32.000Z","volume":50000,"price":1.89,"category":"bbear"},{"type":"B","date":"2018-03-19T05:33:12.000Z","volume":50000,"price":1.89,"category":"bbear"},{"type":"B","date":"2018-03-19T03:21:56.000Z","volume":34000,"price":1.9,"category":"bbear"},{"type":"B","date":"2018-03-19T02:33:04.000Z","volume":36000,"price":1.9,"category":"bbear"},{"type":"B","date":"2018-03-19T02:14:21.000Z","volume":30000,"price":1.93,"category":"bbear"},{"type":"B","date":"2018-03-19T01:54:34.000Z","volume":50000,"price":1.86,"category":"bbear"},{"type":"B","date":"2018-03-19T05:33:23.000Z","volume":100000,"price":1.89,"category":"ubbear"},{"type":"B","date":"2018-03-19T03:42:59.000Z","volume":100000,"price":1.89,"category":"ubbear"}]