[{"type":"A","date":"2018-03-29T01:32:51.000Z","volume":1000,"label":" ","price":10.72},{"type":"A","date":"2018-03-29T01:32:51.000Z","volume":5000,"label":" ","price":10.72},{"type":"A","date":"2018-03-29T01:33:59.000Z","volume":5000,"label":" ","price":10.64},{"type":"A","date":"2018-03-29T01:34:58.000Z","volume":1000,"label":" ","price":10.64},{"type":"A","date":"2018-03-29T01:37:31.000Z","volume":3000,"label":" ","price":10.8},{"type":"A","date":"2018-03-29T01:37:58.000Z","volume":9000,"label":" ","price":10.8},{"type":"B","date":"2018-03-29T01:38:22.000Z","volume":900,"label":" ","price":10.74},{"type":"B","date":"2018-03-29T01:38:22.000Z","volume":8000,"label":" ","price":10.72},{"type":"B","date":"2018-03-29T01:38:22.000Z","volume":1100,"label":" ","price":10.72},{"type":"A","date":"2018-03-29T01:40:16.000Z","volume":500,"label":" ","price":10.8},{"type":"A","date":"2018-03-29T01:40:48.000Z","volume":1700,"label":" ","price":10.82},{"type":"A","date":"2018-03-29T01:41:13.000Z","volume":700,"label":" ","price":10.84},{"type":"A","date":"2018-03-29T01:41:30.000Z","volume":700,"label":" ","price":10.86},{"type":"A","date":"2018-03-29T01:41:31.000Z","volume":700,"label":" ","price":10.86},{"type":"B","date":"2018-03-29T01:41:36.000Z","volume":700,"label":" ","price":10.86},{"type":"A","date":"2018-03-29T01:41:39.000Z","volume":4000,"label":" ","price":10.88},{"type":"A","date":"2018-03-29T01:42:01.000Z","volume":5000,"label":" ","price":10.9},{"type":"A","date":"2018-03-29T01:42:01.000Z","volume":2000,"label":" ","price":10.9},{"type":"A","date":"2018-03-29T01:45:17.000Z","volume":2000,"label":" ","price":10.94},{"type":"A","date":"2018-03-29T01:45:24.000Z","volume":400,"label":" ","price":11},{"type":"B","date":"2018-03-29T01:45:57.000Z","volume":5800,"label":" ","price":10.94},{"type":"B","date":"2018-03-29T01:46:38.000Z","volume":500,"label":" ","price":10.94},{"type":"A","date":"2018-03-29T01:46:52.000Z","volume":8000,"label":" ","price":11},{"type":"B","date":"2018-03-29T01:48:17.000Z","volume":8700,"label":" ","price":10.94},{"type":"B","date":"2018-03-29T01:50:39.000Z","volume":300,"label":" ","price":10.94},{"type":"B","date":"2018-03-29T01:51:59.000Z","volume":500,"label":" ","price":10.9},{"type":"A","date":"2018-03-29T01:53:06.000Z","volume":500,"label":" ","price":10.94},{"type":"B","date":"2018-03-29T01:53:24.000Z","volume":3300,"label":" ","price":10.94},{"type":"B","date":"2018-03-29T01:54:32.000Z","volume":2000,"label":" ","price":10.94},{"type":"A","date":"2018-03-29T01:55:45.000Z","volume":1300,"label":"Y","price":10.98},{"type":"A","date":"2018-03-29T01:55:45.000Z","volume":5000,"label":" ","price":10.98},{"type":"B","date":"2018-03-29T01:56:57.000Z","volume":14000,"label":" ","price":10.98},{"type":"A","date":"2018-03-29T01:57:43.000Z","volume":1000,"label":" ","price":10.98},{"type":"A","date":"2018-03-29T01:57:43.000Z","volume":3600,"label":"Y","price":11},{"type":"A","date":"2018-03-29T01:57:43.000Z","volume":3400,"label":" ","price":11},{"type":"A","date":"2018-03-29T01:59:07.000Z","volume":200,"label":" ","price":10.98},{"type":"B","date":"2018-03-29T01:59:56.000Z","volume":200,"label":" ","price":10.96},{"type":"B","date":"2018-03-29T01:59:56.000Z","volume":1800,"label":" ","price":10.94},{"type":"B","date":"2018-03-29T01:59:56.000Z","volume":200,"label":" ","price":10.94},{"type":"A","date":"2018-03-29T01:59:57.000Z","volume":700,"label":" ","price":10.94},{"type":"B","date":"2018-03-29T02:00:51.000Z","volume":100,"label":" ","price":10.94},{"type":"B","date":"2018-03-29T02:01:57.000Z","volume":100,"label":" ","price":10.94},{"type":"B","date":"2018-03-29T02:02:19.000Z","volume":2000,"label":" ","price":10.94},{"type":"B","date":"2018-03-29T02:03:35.000Z","volume":2000,"label":" ","price":10.94},{"type":"A","date":"2018-03-29T02:04:25.000Z","volume":3000,"label":" ","price":10.96},{"type":"B","date":"2018-03-29T02:04:32.000Z","volume":800,"label":" ","price":10.94},{"type":"B","date":"2018-03-29T02:04:32.000Z","volume":200,"label":" ","price":10.94},{"type":"B","date":"2018-03-29T02:05:42.000Z","volume":1000,"label":" ","price":10.94},{"type":"B","date":"2018-03-29T02:06:36.000Z","volume":200,"label":" ","price":10.94},{"type":"B","date":"2018-03-29T02:07:50.000Z","volume":800,"label":" ","price":10.94},{"type":"A","date":"2018-03-29T02:07:51.000Z","volume":200,"label":" ","price":10.94},{"type":"B","date":"2018-03-29T02:12:13.000Z","volume":700,"label":" ","price":10.94},{"type":"B","date":"2018-03-29T02:12:23.000Z","volume":500,"label":" ","price":10.94},{"type":"B","date":"2018-03-29T02:12:54.000Z","volume":800,"label":" ","price":10.94},{"type":"A","date":"2018-03-29T02:12:54.000Z","volume":2200,"label":" ","price":10.94},{"type":"B","date":"2018-03-29T02:16:33.000Z","volume":2000,"label":" ","price":10.94},{"type":"A","date":"2018-03-29T02:17:40.000Z","volume":300,"label":" ","price":10.94},{"type":"A","date":"2018-03-29T02:18:38.000Z","volume":5000,"label":" ","price":10.92},{"type":"A","date":"2018-03-29T02:18:41.000Z","volume":200,"label":" ","price":10.94},{"type":"B","date":"2018-03-29T02:28:06.000Z","volume":2500,"label":" ","price":10.94},{"type":"B","date":"2018-03-29T02:28:06.000Z","volume":3500,"label":" ","price":10.94},{"type":"A","date":"2018-03-29T02:28:07.000Z","volume":1200,"label":"Y","price":10.94},{"type":"A","date":"2018-03-29T02:34:31.000Z","volume":9400,"label":" ","price":10.94},{"type":"A","date":"2018-03-29T02:34:58.000Z","volume":3000,"label":" ","price":10.96},{"type":"B","date":"2018-03-29T02:35:59.000Z","volume":2000,"label":" ","price":10.9},{"type":"A","date":"2018-03-29T02:38:51.000Z","volume":5000,"label":" ","price":10.96},{"type":"B","date":"2018-03-29T02:40:09.000Z","volume":2300,"label":" ","price":10.94},{"type":"A","date":"2018-03-29T02:40:09.000Z","volume":2300,"label":" ","price":10.94},{"type":"B","date":"2018-03-29T02:42:03.000Z","volume":1000,"label":" ","price":10.94},{"type":"B","date":"2018-03-29T02:42:07.000Z","volume":1000,"label":" ","price":10.94},{"type":"B","date":"2018-03-29T02:45:16.000Z","volume":2100,"label":" ","price":10.94},{"type":"B","date":"2018-03-29T02:45:16.000Z","volume":2900,"label":" ","price":10.94},{"type":"B","date":"2018-03-29T02:45:31.000Z","volume":2100,"label":" ","price":10.94},{"type":"B","date":"2018-03-29T02:45:31.000Z","volume":7900,"label":" ","price":10.94},{"type":"B","date":"2018-03-29T02:55:20.000Z","volume":900,"label":" ","price":10.94},{"type":"B","date":"2018-03-29T02:56:45.000Z","volume":3600,"label":" ","price":10.94},{"type":"B","date":"2018-03-29T02:56:45.000Z","volume":3000,"label":" ","price":10.92},{"type":"B","date":"2018-03-29T02:56:45.000Z","volume":1400,"label":" ","price":10.9},{"type":"B","date":"2018-03-29T03:02:06.000Z","volume":200,"label":" ","price":10.94},{"type":"A","date":"2018-03-29T03:02:07.000Z","volume":9800,"label":" ","price":10.94},{"type":"A","date":"2018-03-29T03:02:39.000Z","volume":10000,"label":" ","price":10.94},{"type":"U","date":"2018-03-29T03:02:50.000Z","volume":10000,"label":" ","price":10.94},{"type":"U","date":"2018-03-29T03:08:29.000Z","volume":1000,"label":" ","price":10.94},{"type":"A","date":"2018-03-29T03:09:53.000Z","volume":9200,"label":" ","price":10.94},{"type":"B","date":"2018-03-29T03:11:19.000Z","volume":800,"label":" ","price":10.9},{"type":"B","date":"2018-03-29T03:11:19.000Z","volume":1500,"label":" ","price":10.9},{"type":"A","date":"2018-03-29T03:11:20.000Z","volume":700,"label":" ","price":10.9},{"type":"B","date":"2018-03-29T03:14:16.000Z","volume":2200,"label":" ","price":10.9},{"type":"B","date":"2018-03-29T03:14:16.000Z","volume":5400,"label":" ","price":10.9},{"type":"A","date":"2018-03-29T03:14:16.000Z","volume":2400,"label":" ","price":10.9},{"type":"B","date":"2018-03-29T03:14:50.000Z","volume":2100,"label":" ","price":10.9},{"type":"A","date":"2018-03-29T03:14:50.000Z","volume":900,"label":" ","price":10.9},{"type":"A","date":"2018-03-29T03:26:37.000Z","volume":14000,"label":" ","price":10.92},{"type":"A","date":"2018-03-29T03:26:40.000Z","volume":4200,"label":" ","price":10.92},{"type":"A","date":"2018-03-29T03:27:07.000Z","volume":1800,"label":" ","price":10.92},{"type":"B","date":"2018-03-29T03:28:49.000Z","volume":4100,"label":" ","price":10.9},{"type":"B","date":"2018-03-29T03:28:49.000Z","volume":1900,"label":" ","price":10.86},{"type":"B","date":"2018-03-29T03:31:34.000Z","volume":1000,"label":" ","price":10.9},{"type":"B","date":"2018-03-29T03:42:26.000Z","volume":1000,"label":" ","price":10.9},{"type":"B","date":"2018-03-29T03:47:08.000Z","volume":2000,"label":" ","price":10.9},{"type":"B","date":"2018-03-29T03:47:35.000Z","volume":400,"label":" ","price":10.9},{"type":"A","date":"2018-03-29T03:47:36.000Z","volume":9600,"label":" ","price":10.9},{"type":"A","date":"2018-03-29T03:50:17.000Z","volume":6500,"label":" ","price":10.92},{"type":"A","date":"2018-03-29T03:56:11.000Z","volume":2700,"label":" ","price":10.92},{"type":"B","date":"2018-03-29T03:56:57.000Z","volume":800,"label":" ","price":10.9},{"type":"A","date":"2018-03-29T03:57:28.000Z","volume":800,"label":" ","price":10.92},{"type":"B","date":"2018-03-29T03:58:13.000Z","volume":12000,"label":" ","price":10.92},{"type":"A","date":"2018-03-29T05:00:00.000Z","volume":4300,"label":" ","price":10.94},{"type":"B","date":"2018-03-29T05:00:02.000Z","volume":200,"label":" ","price":10.94},{"type":"B","date":"2018-03-29T05:01:48.000Z","volume":600,"label":" ","price":10.94},{"type":"A","date":"2018-03-29T05:01:48.000Z","volume":4300,"label":" ","price":10.94},{"type":"A","date":"2018-03-29T05:05:26.000Z","volume":5100,"label":" ","price":10.94},{"type":"B","date":"2018-03-29T05:05:46.000Z","volume":2100,"label":" ","price":10.94},{"type":"A","date":"2018-03-29T05:05:47.000Z","volume":6500,"label":" ","price":10.94},{"type":"A","date":"2018-03-29T05:09:41.000Z","volume":1400,"label":" ","price":10.94},{"type":"B","date":"2018-03-29T05:10:39.000Z","volume":2800,"label":" ","price":10.94},{"type":"A","date":"2018-03-29T05:10:39.000Z","volume":6100,"label":" ","price":10.94},{"type":"A","date":"2018-03-29T05:19:09.000Z","volume":1100,"label":" ","price":10.94},{"type":"B","date":"2018-03-29T05:19:25.000Z","volume":2000,"label":" ","price":10.94},{"type":"A","date":"2018-03-29T05:19:25.000Z","volume":8000,"label":" ","price":10.94},{"type":"B","date":"2018-03-29T05:19:38.000Z","volume":2000,"label":" ","price":10.94},{"type":"A","date":"2018-03-29T05:19:39.000Z","volume":8000,"label":" ","price":10.94},{"type":"B","date":"2018-03-29T05:19:50.000Z","volume":1700,"label":" ","price":10.94},{"type":"B","date":"2018-03-29T05:19:55.000Z","volume":100,"label":" ","price":10.92},{"type":"B","date":"2018-03-29T05:20:56.000Z","volume":200,"label":" ","price":10.92},{"type":"B","date":"2018-03-29T05:53:10.000Z","volume":200,"label":" ","price":10.8},{"type":"B","date":"2018-03-29T05:53:30.000Z","volume":5000,"label":" ","price":10.8},{"type":"B","date":"2018-03-29T06:01:32.000Z","volume":3000,"label":" ","price":10.8},{"type":"B","date":"2018-03-29T06:03:58.000Z","volume":5000,"label":" ","price":10.8},{"type":"B","date":"2018-03-29T06:16:25.000Z","volume":3200,"label":" ","price":10.8},{"type":"A","date":"2018-03-29T06:29:13.000Z","volume":16800,"label":" ","price":10.8},{"type":"B","date":"2018-03-29T06:32:21.000Z","volume":3000,"label":" ","price":10.82},{"type":"A","date":"2018-03-29T06:32:48.000Z","volume":600,"label":" ","price":10.86},{"type":"B","date":"2018-03-29T06:33:10.000Z","volume":1800,"label":" ","price":10.86},{"type":"A","date":"2018-03-29T06:33:20.000Z","volume":19300,"label":" ","price":10.88},{"type":"A","date":"2018-03-29T06:33:36.000Z","volume":6000,"label":" ","price":10.9},{"type":"A","date":"2018-03-29T06:34:01.000Z","volume":2600,"label":" ","price":10.9},{"type":"A","date":"2018-03-29T06:34:08.000Z","volume":5000,"label":" ","price":10.9},{"type":"A","date":"2018-03-29T06:34:08.000Z","volume":600,"label":" ","price":10.9},{"type":"A","date":"2018-03-29T06:36:05.000Z","volume":3600,"label":" ","price":10.9},{"type":"A","date":"2018-03-29T06:39:23.000Z","volume":200,"label":" ","price":10.9},{"type":"A","date":"2018-03-29T06:40:32.000Z","volume":27000,"label":" ","price":10.92},{"type":"U","date":"2018-03-29T06:40:44.000Z","volume":2000,"label":" ","price":10.92},{"type":"B","date":"2018-03-29T06:48:14.000Z","volume":300,"label":" ","price":10.92},{"type":"B","date":"2018-03-29T06:49:09.000Z","volume":600,"label":" ","price":10.92},{"type":"B","date":"2018-03-29T06:49:39.000Z","volume":2800,"label":" ","price":10.92},{"type":"B","date":"2018-03-29T06:49:39.000Z","volume":10000,"label":" ","price":10.9},{"type":"B","date":"2018-03-29T06:49:39.000Z","volume":1200,"label":" ","price":10.88},{"type":"B","date":"2018-03-29T06:50:14.000Z","volume":500,"label":" ","price":10.92},{"type":"B","date":"2018-03-29T06:53:56.000Z","volume":100,"label":" ","price":10.92},{"type":"B","date":"2018-03-29T06:57:24.000Z","volume":400,"label":" ","price":10.92},{"type":"B","date":"2018-03-29T06:57:45.000Z","volume":2900,"label":" ","price":10.92},{"type":"A","date":"2018-03-29T06:57:45.000Z","volume":100,"label":" ","price":10.92},{"type":"A","date":"2018-03-29T07:00:22.000Z","volume":5000,"label":" ","price":10.92},{"type":"U","date":"2018-03-29T07:00:46.000Z","volume":2000,"label":" ","price":10.9},{"type":"A","date":"2018-03-29T07:02:40.000Z","volume":10000,"label":" ","price":10.92},{"type":"A","date":"2018-03-29T07:07:30.000Z","volume":10000,"label":" ","price":10.92},{"type":"A","date":"2018-03-29T07:10:51.000Z","volume":2000,"label":" ","price":10.92},{"type":"B","date":"2018-03-29T07:11:58.000Z","volume":500,"label":" ","price":10.9},{"type":"A","date":"2018-03-29T07:11:58.000Z","volume":2500,"label":" ","price":10.9},{"type":"A","date":"2018-03-29T07:18:10.000Z","volume":2000,"label":" ","price":10.92},{"type":"A","date":"2018-03-29T07:26:35.000Z","volume":2000,"label":" ","price":10.94},{"type":"A","date":"2018-03-29T07:26:50.000Z","volume":11300,"label":" ","price":10.94},{"type":"B","date":"2018-03-29T07:27:23.000Z","volume":5300,"label":" ","price":10.94},{"type":"A","date":"2018-03-29T07:27:23.000Z","volume":4700,"label":" ","price":10.94},{"type":"B","date":"2018-03-29T07:27:43.000Z","volume":2600,"label":" ","price":10.94},{"type":"A","date":"2018-03-29T07:27:43.000Z","volume":7400,"label":" ","price":10.94},{"type":"B","date":"2018-03-29T07:27:57.000Z","volume":2600,"label":" ","price":10.94},{"type":"A","date":"2018-03-29T07:27:57.000Z","volume":7400,"label":" ","price":10.94},{"type":"B","date":"2018-03-29T07:28:10.000Z","volume":2500,"label":" ","price":10.94},{"type":"A","date":"2018-03-29T07:28:10.000Z","volume":2500,"label":" ","price":10.94},{"type":"A","date":"2018-03-29T07:28:10.000Z","volume":2400,"label":" ","price":10.94},{"type":"A","date":"2018-03-29T07:28:11.000Z","volume":2600,"label":" ","price":10.94},{"type":"B","date":"2018-03-29T07:28:17.000Z","volume":2500,"label":" ","price":10.94},{"type":"A","date":"2018-03-29T07:28:18.000Z","volume":7500,"label":" ","price":10.94},{"type":"B","date":"2018-03-29T07:28:36.000Z","volume":2500,"label":" ","price":10.94},{"type":"A","date":"2018-03-29T07:28:36.000Z","volume":7500,"label":" ","price":10.94},{"type":"B","date":"2018-03-29T07:30:40.000Z","volume":2600,"label":" ","price":10.94},{"type":"A","date":"2018-03-29T07:30:41.000Z","volume":11200,"label":" ","price":10.94},{"type":"A","date":"2018-03-29T07:31:17.000Z","volume":200,"label":" ","price":10.94},{"type":"A","date":"2018-03-29T07:31:21.000Z","volume":1000,"label":" ","price":10.94},{"type":"B","date":"2018-03-29T07:31:38.000Z","volume":1100,"label":" ","price":10.94},{"type":"A","date":"2018-03-29T07:31:42.000Z","volume":8900,"label":" ","price":10.94},{"type":"B","date":"2018-03-29T07:31:58.000Z","volume":2500,"label":" ","price":10.94},{"type":"A","date":"2018-03-29T07:31:58.000Z","volume":2500,"label":" ","price":10.94},{"type":"A","date":"2018-03-29T07:31:59.000Z","volume":5000,"label":" ","price":10.94},{"type":"B","date":"2018-03-29T07:33:41.000Z","volume":3200,"label":" ","price":10.94},{"type":"A","date":"2018-03-29T07:33:41.000Z","volume":6800,"label":" ","price":10.94},{"type":"B","date":"2018-03-29T07:34:46.000Z","volume":300,"label":" ","price":10.94},{"type":"B","date":"2018-03-29T07:38:08.000Z","volume":2000,"label":" ","price":10.94},{"type":"B","date":"2018-03-29T07:42:24.000Z","volume":300,"label":" ","price":10.94},{"type":"A","date":"2018-03-29T07:42:24.000Z","volume":100,"label":" ","price":10.94},{"type":"A","date":"2018-03-29T07:42:25.000Z","volume":9300,"label":" ","price":10.94},{"type":"A","date":"2018-03-29T07:43:18.000Z","volume":300,"label":" ","price":10.94},{"type":"B","date":"2018-03-29T07:43:25.000Z","volume":2600,"label":" ","price":10.94},{"type":"A","date":"2018-03-29T07:43:25.000Z","volume":2400,"label":" ","price":10.94},{"type":"A","date":"2018-03-29T07:44:16.000Z","volume":5100,"label":" ","price":10.96},{"type":"B","date":"2018-03-29T07:46:08.000Z","volume":500,"label":" ","price":10.94},{"type":"B","date":"2018-03-29T07:47:58.000Z","volume":900,"label":" ","price":10.94},{"type":"B","date":"2018-03-29T07:49:09.000Z","volume":1200,"label":" ","price":10.94},{"type":"A","date":"2018-03-29T07:49:09.000Z","volume":800,"label":" ","price":10.94},{"type":"A","date":"2018-03-29T07:49:15.000Z","volume":11700,"label":" ","price":10.96},{"type":"B","date":"2018-03-29T07:49:44.000Z","volume":20000,"label":" ","price":10.96},{"type":"B","date":"2018-03-29T07:50:17.000Z","volume":5000,"label":" ","price":10.96},{"type":"B","date":"2018-03-29T07:50:35.000Z","volume":10000,"label":" ","price":10.96},{"type":"B","date":"2018-03-29T07:52:37.000Z","volume":6000,"label":" ","price":10.96},{"type":"B","date":"2018-03-29T07:52:55.000Z","volume":1000,"label":" ","price":10.96},{"type":"B","date":"2018-03-29T07:53:40.000Z","volume":3300,"label":" ","price":10.96},{"type":"B","date":"2018-03-29T07:53:40.000Z","volume":6700,"label":" ","price":10.94},{"type":"A","date":"2018-03-29T07:55:05.000Z","volume":5000,"label":" ","price":10.98},{"type":"A","date":"2018-03-29T07:57:29.000Z","volume":2000,"label":" ","price":10.98},{"type":"B","date":"2018-03-29T07:58:31.000Z","volume":700,"label":" ","price":10.94},{"type":"B","date":"2018-03-29T07:59:10.000Z","volume":2000,"label":" ","price":10.92},{"type":"A","date":"2018-03-29T07:59:34.000Z","volume":600,"label":" ","price":10.94}]