[{"type":"U","date":"2018-04-04T01:20:00.000Z","volume":47000,"label":"U","price":0.85},{"type":"A","date":"2018-04-04T01:30:00.000Z","volume":500000,"label":" ","price":0.85},{"type":"A","date":"2018-04-04T01:30:02.000Z","volume":6000,"label":" ","price":0.85},{"type":"A","date":"2018-04-04T01:30:02.000Z","volume":1000,"label":" ","price":0.85},{"type":"B","date":"2018-04-04T01:30:02.000Z","volume":89000,"label":" ","price":0.84},{"type":"A","date":"2018-04-04T01:30:05.000Z","volume":3000,"label":" ","price":0.85},{"type":"A","date":"2018-04-04T01:30:14.000Z","volume":3000000,"label":" ","price":0.85},{"type":"A","date":"2018-04-04T01:30:15.000Z","volume":125000,"label":"Y","price":0.85},{"type":"A","date":"2018-04-04T01:30:15.000Z","volume":292000,"label":" ","price":0.85},{"type":"B","date":"2018-04-04T01:30:15.000Z","volume":31000,"label":" ","price":0.84},{"type":"A","date":"2018-04-04T01:30:17.000Z","volume":142000,"label":" ","price":0.85},{"type":"A","date":"2018-04-04T01:30:19.000Z","volume":38000,"label":"Y","price":0.85},{"type":"A","date":"2018-04-04T01:30:19.000Z","volume":13000,"label":" ","price":0.85},{"type":"A","date":"2018-04-04T01:30:20.000Z","volume":17000,"label":" ","price":0.85},{"type":"U","date":"2018-04-04T01:30:22.000Z","volume":18000,"label":" ","price":0.85},{"type":"U","date":"2018-04-04T01:30:26.000Z","volume":30000,"label":" ","price":0.85},{"type":"U","date":"2018-04-04T01:30:30.000Z","volume":100000,"label":" ","price":0.85},{"type":"U","date":"2018-04-04T01:30:36.000Z","volume":30000,"label":" ","price":0.85},{"type":"A","date":"2018-04-04T01:30:38.000Z","volume":38000,"label":" ","price":0.85},{"type":"A","date":"2018-04-04T01:30:43.000Z","volume":36000,"label":" ","price":0.85},{"type":"A","date":"2018-04-04T01:30:49.000Z","volume":83000,"label":" ","price":0.85},{"type":"A","date":"2018-04-04T01:30:49.000Z","volume":17000,"label":" ","price":0.85},{"type":"A","date":"2018-04-04T01:30:58.000Z","volume":20000,"label":" ","price":0.85},{"type":"A","date":"2018-04-04T01:32:33.000Z","volume":24000,"label":" ","price":0.85},{"type":"A","date":"2018-04-04T01:34:42.000Z","volume":419000,"label":"Y","price":0.85},{"type":"A","date":"2018-04-04T01:34:42.000Z","volume":1581000,"label":" ","price":0.85},{"type":"A","date":"2018-04-04T01:34:44.000Z","volume":53000,"label":" ","price":0.85},{"type":"A","date":"2018-04-04T01:34:45.000Z","volume":38000,"label":" ","price":0.85},{"type":"A","date":"2018-04-04T01:34:49.000Z","volume":30000,"label":" ","price":0.85},{"type":"A","date":"2018-04-04T01:34:58.000Z","volume":54000,"label":" ","price":0.85},{"type":"A","date":"2018-04-04T01:34:58.000Z","volume":61000,"label":"Y","price":0.85},{"type":"A","date":"2018-04-04T01:34:58.000Z","volume":514000,"label":" ","price":0.85},{"type":"A","date":"2018-04-04T01:35:01.000Z","volume":80000,"label":" ","price":0.85},{"type":"A","date":"2018-04-04T01:35:04.000Z","volume":28000,"label":" ","price":0.85},{"type":"A","date":"2018-04-04T01:35:18.000Z","volume":8000,"label":" ","price":0.85},{"type":"A","date":"2018-04-04T01:36:02.000Z","volume":100000,"label":" ","price":0.85},{"type":"A","date":"2018-04-04T01:36:53.000Z","volume":100000,"label":" ","price":0.85},{"type":"A","date":"2018-04-04T01:37:15.000Z","volume":2000000,"label":" ","price":0.85},{"type":"A","date":"2018-04-04T01:37:16.000Z","volume":599000,"label":" ","price":0.85},{"type":"A","date":"2018-04-04T01:37:16.000Z","volume":39000,"label":" ","price":0.85},{"type":"A","date":"2018-04-04T01:37:16.000Z","volume":162000,"label":" ","price":0.85},{"type":"U","date":"2018-04-04T01:37:17.000Z","volume":23000,"label":" ","price":0.85},{"type":"U","date":"2018-04-04T01:37:35.000Z","volume":1000,"label":" ","price":0.85},{"type":"U","date":"2018-04-04T01:37:35.000Z","volume":18000,"label":" ","price":0.85},{"type":"A","date":"2018-04-04T01:43:41.000Z","volume":5000,"label":" ","price":0.86},{"type":"A","date":"2018-04-04T01:45:12.000Z","volume":13000,"label":" ","price":0.86},{"type":"B","date":"2018-04-04T01:50:54.000Z","volume":5000,"label":" ","price":0.85},{"type":"A","date":"2018-04-04T01:52:15.000Z","volume":8000,"label":" ","price":0.86},{"type":"B","date":"2018-04-04T01:53:24.000Z","volume":1000,"label":" ","price":0.85},{"type":"A","date":"2018-04-04T01:58:00.000Z","volume":30000,"label":" ","price":0.86},{"type":"B","date":"2018-04-04T01:58:43.000Z","volume":156000,"label":" ","price":0.85},{"type":"A","date":"2018-04-04T02:00:59.000Z","volume":10000,"label":" ","price":0.86},{"type":"A","date":"2018-04-04T02:02:10.000Z","volume":5000,"label":" ","price":0.86},{"type":"A","date":"2018-04-04T02:06:09.000Z","volume":5000,"label":" ","price":0.86},{"type":"B","date":"2018-04-04T02:06:35.000Z","volume":1000,"label":" ","price":0.85},{"type":"A","date":"2018-04-04T02:06:51.000Z","volume":30000,"label":" ","price":0.86},{"type":"U","date":"2018-04-04T02:07:10.000Z","volume":2000,"label":"X","price":0.85},{"type":"A","date":"2018-04-04T02:10:40.000Z","volume":75000,"label":" ","price":0.86},{"type":"A","date":"2018-04-04T02:11:09.000Z","volume":17000,"label":" ","price":0.86},{"type":"U","date":"2018-04-04T02:11:10.000Z","volume":2000,"label":"X","price":0.85},{"type":"U","date":"2018-04-04T02:13:10.000Z","volume":2000,"label":"X","price":0.85},{"type":"B","date":"2018-04-04T02:17:58.000Z","volume":100000,"label":" ","price":0.85},{"type":"B","date":"2018-04-04T02:18:47.000Z","volume":1000,"label":" ","price":0.85},{"type":"U","date":"2018-04-04T02:22:10.000Z","volume":1000,"label":"X","price":0.85},{"type":"A","date":"2018-04-04T02:23:08.000Z","volume":3000000,"label":" ","price":0.86},{"type":"A","date":"2018-04-04T02:23:08.000Z","volume":1020000,"label":"Y","price":0.86},{"type":"A","date":"2018-04-04T02:23:08.000Z","volume":980000,"label":" ","price":0.86},{"type":"A","date":"2018-04-04T02:23:08.000Z","volume":17000,"label":" ","price":0.86},{"type":"B","date":"2018-04-04T02:23:08.000Z","volume":14000,"label":"Y","price":0.85},{"type":"B","date":"2018-04-04T02:23:08.000Z","volume":22000,"label":" ","price":0.85},{"type":"B","date":"2018-04-04T02:23:13.000Z","volume":2000,"label":" ","price":0.85},{"type":"B","date":"2018-04-04T02:23:16.000Z","volume":2000,"label":" ","price":0.85},{"type":"B","date":"2018-04-04T02:23:19.000Z","volume":1000,"label":" ","price":0.85},{"type":"B","date":"2018-04-04T02:23:22.000Z","volume":1000,"label":" ","price":0.85},{"type":"B","date":"2018-04-04T02:23:25.000Z","volume":3000,"label":" ","price":0.85},{"type":"B","date":"2018-04-04T02:23:28.000Z","volume":1000,"label":" ","price":0.85},{"type":"B","date":"2018-04-04T02:23:30.000Z","volume":1000,"label":" ","price":0.85},{"type":"A","date":"2018-04-04T02:23:56.000Z","volume":2000,"label":" ","price":0.86},{"type":"B","date":"2018-04-04T02:25:15.000Z","volume":4000,"label":" ","price":0.85},{"type":"B","date":"2018-04-04T02:25:53.000Z","volume":46000,"label":"Y","price":0.85},{"type":"B","date":"2018-04-04T02:25:53.000Z","volume":54000,"label":" ","price":0.85},{"type":"B","date":"2018-04-04T02:26:06.000Z","volume":85000,"label":" ","price":0.85},{"type":"B","date":"2018-04-04T02:27:47.000Z","volume":1000,"label":" ","price":0.85},{"type":"B","date":"2018-04-04T02:27:57.000Z","volume":20000,"label":" ","price":0.85},{"type":"A","date":"2018-04-04T02:31:27.000Z","volume":11000,"label":" ","price":0.86},{"type":"A","date":"2018-04-04T02:31:38.000Z","volume":34000,"label":" ","price":0.86},{"type":"A","date":"2018-04-04T02:35:47.000Z","volume":1000,"label":" ","price":0.86},{"type":"A","date":"2018-04-04T02:37:06.000Z","volume":1000,"label":" ","price":0.86},{"type":"B","date":"2018-04-04T02:37:21.000Z","volume":1000,"label":" ","price":0.85},{"type":"B","date":"2018-04-04T02:38:29.000Z","volume":90000,"label":" ","price":0.85},{"type":"A","date":"2018-04-04T02:40:04.000Z","volume":11000,"label":" ","price":0.86},{"type":"B","date":"2018-04-04T02:40:44.000Z","volume":382000,"label":"Y","price":0.85},{"type":"B","date":"2018-04-04T02:40:44.000Z","volume":118000,"label":" ","price":0.85},{"type":"B","date":"2018-04-04T02:43:36.000Z","volume":51000,"label":" ","price":0.85},{"type":"A","date":"2018-04-04T02:46:18.000Z","volume":70000,"label":" ","price":0.86},{"type":"A","date":"2018-04-04T02:47:45.000Z","volume":1000,"label":" ","price":0.86},{"type":"A","date":"2018-04-04T02:48:40.000Z","volume":1000,"label":" ","price":0.86},{"type":"A","date":"2018-04-04T02:48:44.000Z","volume":12000,"label":" ","price":0.86},{"type":"A","date":"2018-04-04T02:49:12.000Z","volume":11000,"label":" ","price":0.86},{"type":"U","date":"2018-04-04T02:50:42.000Z","volume":1000,"label":"X","price":0.85},{"type":"A","date":"2018-04-04T02:53:34.000Z","volume":30000,"label":" ","price":0.86},{"type":"B","date":"2018-04-04T02:56:07.000Z","volume":1000,"label":" ","price":0.85},{"type":"A","date":"2018-04-04T02:58:19.000Z","volume":10000,"label":" ","price":0.86},{"type":"A","date":"2018-04-04T02:58:55.000Z","volume":1000,"label":" ","price":0.86},{"type":"U","date":"2018-04-04T02:59:42.000Z","volume":2000,"label":"X","price":0.85},{"type":"A","date":"2018-04-04T03:07:27.000Z","volume":11000,"label":" ","price":0.86},{"type":"U","date":"2018-04-04T03:08:43.000Z","volume":2000,"label":"X","price":0.85},{"type":"A","date":"2018-04-04T03:08:55.000Z","volume":50000,"label":" ","price":0.86},{"type":"A","date":"2018-04-04T03:10:04.000Z","volume":1000,"label":" ","price":0.86},{"type":"B","date":"2018-04-04T03:12:50.000Z","volume":1000,"label":" ","price":0.85},{"type":"A","date":"2018-04-04T03:16:15.000Z","volume":10000,"label":" ","price":0.86},{"type":"A","date":"2018-04-04T03:17:36.000Z","volume":11000,"label":" ","price":0.86},{"type":"U","date":"2018-04-04T03:17:43.000Z","volume":1000,"label":"X","price":0.85},{"type":"A","date":"2018-04-04T03:18:47.000Z","volume":1000,"label":" ","price":0.86},{"type":"A","date":"2018-04-04T03:22:17.000Z","volume":2500000,"label":" ","price":0.86},{"type":"A","date":"2018-04-04T03:22:17.000Z","volume":1000,"label":" ","price":0.86},{"type":"A","date":"2018-04-04T03:24:41.000Z","volume":1500000,"label":" ","price":0.86},{"type":"A","date":"2018-04-04T03:24:42.000Z","volume":1000000,"label":" ","price":0.86},{"type":"A","date":"2018-04-04T03:25:12.000Z","volume":7000,"label":" ","price":0.86},{"type":"U","date":"2018-04-04T03:27:14.000Z","volume":2000,"label":"X","price":0.85},{"type":"A","date":"2018-04-04T03:29:59.000Z","volume":50000,"label":" ","price":0.86},{"type":"A","date":"2018-04-04T03:31:48.000Z","volume":7000,"label":" ","price":0.86},{"type":"A","date":"2018-04-04T03:32:53.000Z","volume":1000,"label":" ","price":0.86},{"type":"U","date":"2018-04-04T03:37:44.000Z","volume":2000,"label":"X","price":0.85},{"type":"B","date":"2018-04-04T03:40:03.000Z","volume":100000,"label":" ","price":0.85},{"type":"B","date":"2018-04-04T03:41:48.000Z","volume":48000,"label":" ","price":0.85},{"type":"B","date":"2018-04-04T03:42:28.000Z","volume":200000,"label":" ","price":0.85},{"type":"A","date":"2018-04-04T03:43:58.000Z","volume":11000,"label":" ","price":0.86},{"type":"B","date":"2018-04-04T03:45:54.000Z","volume":1000,"label":" ","price":0.85},{"type":"U","date":"2018-04-04T03:48:15.000Z","volume":2000,"label":"X","price":0.85},{"type":"B","date":"2018-04-04T03:51:21.000Z","volume":2000,"label":" ","price":0.85},{"type":"B","date":"2018-04-04T03:52:16.000Z","volume":50000,"label":" ","price":0.85},{"type":"A","date":"2018-04-04T03:52:40.000Z","volume":1000,"label":" ","price":0.86},{"type":"B","date":"2018-04-04T03:58:06.000Z","volume":1000,"label":" ","price":0.85},{"type":"A","date":"2018-04-04T03:58:10.000Z","volume":13000,"label":" ","price":0.86},{"type":"B","date":"2018-04-04T05:00:00.000Z","volume":8000,"label":" ","price":0.85},{"type":"A","date":"2018-04-04T05:00:03.000Z","volume":20000,"label":" ","price":0.86},{"type":"U","date":"2018-04-04T05:03:17.000Z","volume":2000,"label":"X","price":0.85},{"type":"B","date":"2018-04-04T05:03:59.000Z","volume":5000,"label":" ","price":0.85},{"type":"A","date":"2018-04-04T05:06:05.000Z","volume":1000,"label":" ","price":0.86},{"type":"A","date":"2018-04-04T05:11:09.000Z","volume":13000,"label":" ","price":0.86},{"type":"B","date":"2018-04-04T05:13:02.000Z","volume":10000,"label":" ","price":0.85},{"type":"U","date":"2018-04-04T05:18:18.000Z","volume":2000,"label":"X","price":0.85},{"type":"A","date":"2018-04-04T05:19:16.000Z","volume":1000,"label":" ","price":0.86},{"type":"B","date":"2018-04-04T05:20:22.000Z","volume":1000,"label":" ","price":0.85},{"type":"A","date":"2018-04-04T05:23:22.000Z","volume":12000,"label":" ","price":0.86},{"type":"U","date":"2018-04-04T05:28:18.000Z","volume":1000,"label":"X","price":0.85},{"type":"A","date":"2018-04-04T05:31:17.000Z","volume":26000,"label":" ","price":0.86},{"type":"A","date":"2018-04-04T05:31:57.000Z","volume":1000,"label":" ","price":0.86},{"type":"A","date":"2018-04-04T05:35:30.000Z","volume":12000,"label":" ","price":0.86},{"type":"U","date":"2018-04-04T05:39:49.000Z","volume":2000,"label":"X","price":0.85},{"type":"B","date":"2018-04-04T05:42:36.000Z","volume":1000,"label":" ","price":0.85},{"type":"A","date":"2018-04-04T05:45:08.000Z","volume":1000,"label":" ","price":0.86},{"type":"B","date":"2018-04-04T05:47:09.000Z","volume":20000,"label":" ","price":0.85},{"type":"A","date":"2018-04-04T05:47:40.000Z","volume":12000,"label":" ","price":0.86},{"type":"B","date":"2018-04-04T05:49:13.000Z","volume":20000,"label":" ","price":0.85},{"type":"U","date":"2018-04-04T05:50:49.000Z","volume":2000,"label":"X","price":0.85},{"type":"B","date":"2018-04-04T05:51:20.000Z","volume":8000,"label":" ","price":0.85},{"type":"B","date":"2018-04-04T05:57:14.000Z","volume":200000,"label":" ","price":0.85},{"type":"A","date":"2018-04-04T05:58:19.000Z","volume":1000,"label":" ","price":0.86},{"type":"A","date":"2018-04-04T05:59:51.000Z","volume":13000,"label":" ","price":0.86},{"type":"B","date":"2018-04-04T06:00:37.000Z","volume":1000,"label":" ","price":0.85},{"type":"U","date":"2018-04-04T06:01:50.000Z","volume":1000,"label":"X","price":0.85},{"type":"B","date":"2018-04-04T06:05:58.000Z","volume":4000,"label":" ","price":0.85},{"type":"B","date":"2018-04-04T06:10:36.000Z","volume":600000,"label":" ","price":0.85},{"type":"B","date":"2018-04-04T06:10:39.000Z","volume":1000000,"label":" ","price":0.85},{"type":"B","date":"2018-04-04T06:11:00.000Z","volume":90000,"label":"Y","price":0.85},{"type":"B","date":"2018-04-04T06:11:00.000Z","volume":2910000,"label":" ","price":0.85},{"type":"B","date":"2018-04-04T06:11:00.000Z","volume":699000,"label":" ","price":0.85},{"type":"B","date":"2018-04-04T06:11:00.000Z","volume":907000,"label":" ","price":0.85},{"type":"U","date":"2018-04-04T06:11:14.000Z","volume":4000,"label":"X","price":0.845},{"type":"U","date":"2018-04-04T06:12:17.000Z","volume":2000,"label":"X","price":0.85},{"type":"A","date":"2018-04-04T06:13:18.000Z","volume":1393000,"label":"Y","price":0.85},{"type":"A","date":"2018-04-04T06:13:18.000Z","volume":1607000,"label":" ","price":0.85},{"type":"A","date":"2018-04-04T06:13:18.000Z","volume":2000000,"label":"Y","price":0.85},{"type":"A","date":"2018-04-04T06:13:19.000Z","volume":137000,"label":"Y","price":0.85},{"type":"A","date":"2018-04-04T06:13:22.000Z","volume":34000,"label":"Y","price":0.85},{"type":"A","date":"2018-04-04T06:13:35.000Z","volume":36000,"label":"Y","price":0.85},{"type":"A","date":"2018-04-04T06:13:44.000Z","volume":27000,"label":" ","price":0.85},{"type":"A","date":"2018-04-04T06:13:56.000Z","volume":31000,"label":"Y","price":0.85},{"type":"B","date":"2018-04-04T06:14:13.000Z","volume":1000000,"label":" ","price":0.84},{"type":"A","date":"2018-04-04T06:14:15.000Z","volume":53000,"label":"Y","price":0.85},{"type":"A","date":"2018-04-04T06:14:18.000Z","volume":27000,"label":" ","price":0.85},{"type":"A","date":"2018-04-04T06:14:19.000Z","volume":2899000,"label":"Y","price":0.85},{"type":"A","date":"2018-04-04T06:14:19.000Z","volume":101000,"label":" ","price":0.85},{"type":"A","date":"2018-04-04T06:14:19.000Z","volume":52000,"label":"Y","price":0.85},{"type":"A","date":"2018-04-04T06:14:19.000Z","volume":2948000,"label":" ","price":0.85},{"type":"A","date":"2018-04-04T06:14:19.000Z","volume":2000000,"label":" ","price":0.85},{"type":"A","date":"2018-04-04T06:14:20.000Z","volume":360000,"label":" ","price":0.85},{"type":"A","date":"2018-04-04T06:14:23.000Z","volume":49000,"label":"Y","price":0.85},{"type":"A","date":"2018-04-04T06:14:23.000Z","volume":11000,"label":" ","price":0.85},{"type":"A","date":"2018-04-04T06:14:23.000Z","volume":3000000,"label":" ","price":0.85},{"type":"A","date":"2018-04-04T06:14:23.000Z","volume":1035000,"label":" ","price":0.85},{"type":"A","date":"2018-04-04T06:14:23.000Z","volume":151000,"label":" ","price":0.85},{"type":"A","date":"2018-04-04T06:14:25.000Z","volume":30000,"label":" ","price":0.85},{"type":"A","date":"2018-04-04T06:14:25.000Z","volume":3000000,"label":" ","price":0.85},{"type":"A","date":"2018-04-04T06:14:25.000Z","volume":58000,"label":" ","price":0.85},{"type":"A","date":"2018-04-04T06:14:25.000Z","volume":685000,"label":" ","price":0.85},{"type":"A","date":"2018-04-04T06:14:25.000Z","volume":62000,"label":" ","price":0.85},{"type":"A","date":"2018-04-04T06:14:26.000Z","volume":200000,"label":" ","price":0.85},{"type":"A","date":"2018-04-04T06:14:26.000Z","volume":1000000,"label":" ","price":0.85},{"type":"A","date":"2018-04-04T06:14:26.000Z","volume":103000,"label":" ","price":0.85},{"type":"A","date":"2018-04-04T06:14:26.000Z","volume":742000,"label":" ","price":0.85},{"type":"B","date":"2018-04-04T06:18:30.000Z","volume":1000,"label":" ","price":0.85},{"type":"B","date":"2018-04-04T06:18:42.000Z","volume":20000,"label":" ","price":0.85},{"type":"B","date":"2018-04-04T06:25:40.000Z","volume":20000,"label":" ","price":0.85},{"type":"B","date":"2018-04-04T06:31:22.000Z","volume":10000,"label":" ","price":0.85},{"type":"A","date":"2018-04-04T06:33:20.000Z","volume":1000,"label":" ","price":0.86},{"type":"B","date":"2018-04-04T06:33:29.000Z","volume":30000,"label":" ","price":0.85},{"type":"B","date":"2018-04-04T06:35:32.000Z","volume":1000,"label":" ","price":0.85},{"type":"A","date":"2018-04-04T06:36:22.000Z","volume":10000,"label":"Y","price":0.86},{"type":"B","date":"2018-04-04T06:39:13.000Z","volume":20000,"label":" ","price":0.85},{"type":"U","date":"2018-04-04T06:41:52.000Z","volume":2000,"label":"X","price":0.85},{"type":"A","date":"2018-04-04T06:42:56.000Z","volume":14000,"label":" ","price":0.86},{"type":"A","date":"2018-04-04T06:47:30.000Z","volume":1000,"label":" ","price":0.86},{"type":"B","date":"2018-04-04T06:48:04.000Z","volume":10000,"label":" ","price":0.85},{"type":"U","date":"2018-04-04T06:51:22.000Z","volume":2000,"label":"X","price":0.85},{"type":"B","date":"2018-04-04T06:52:43.000Z","volume":8000,"label":" ","price":0.85},{"type":"B","date":"2018-04-04T06:55:07.000Z","volume":1000,"label":" ","price":0.85},{"type":"B","date":"2018-04-04T06:55:20.000Z","volume":10000,"label":" ","price":0.85},{"type":"A","date":"2018-04-04T06:55:37.000Z","volume":14000,"label":" ","price":0.86},{"type":"B","date":"2018-04-04T06:56:18.000Z","volume":18000,"label":" ","price":0.85},{"type":"B","date":"2018-04-04T06:58:48.000Z","volume":1000,"label":" ","price":0.85},{"type":"A","date":"2018-04-04T06:59:10.000Z","volume":1000,"label":" ","price":0.86},{"type":"U","date":"2018-04-04T07:00:53.000Z","volume":1000,"label":"X","price":0.85},{"type":"B","date":"2018-04-04T07:04:22.000Z","volume":1000,"label":" ","price":0.85},{"type":"A","date":"2018-04-04T07:07:47.000Z","volume":14000,"label":" ","price":0.86},{"type":"B","date":"2018-04-04T07:08:01.000Z","volume":20000,"label":" ","price":0.85},{"type":"U","date":"2018-04-04T07:09:23.000Z","volume":2000,"label":"X","price":0.85},{"type":"A","date":"2018-04-04T07:10:50.000Z","volume":1000,"label":" ","price":0.86},{"type":"B","date":"2018-04-04T07:17:18.000Z","volume":50000,"label":" ","price":0.85},{"type":"U","date":"2018-04-04T07:18:08.000Z","volume":18000,"label":"X","price":0.85},{"type":"U","date":"2018-04-04T07:18:24.000Z","volume":2000,"label":"X","price":0.85},{"type":"A","date":"2018-04-04T07:20:28.000Z","volume":14000,"label":" ","price":0.86},{"type":"U","date":"2018-04-04T07:21:01.000Z","volume":20000,"label":"X","price":0.85},{"type":"B","date":"2018-04-04T07:21:24.000Z","volume":1000,"label":" ","price":0.85},{"type":"A","date":"2018-04-04T07:22:30.000Z","volume":1000,"label":" ","price":0.86},{"type":"B","date":"2018-04-04T07:22:48.000Z","volume":10000,"label":" ","price":0.85},{"type":"B","date":"2018-04-04T07:23:54.000Z","volume":17000,"label":" ","price":0.85},{"type":"U","date":"2018-04-04T07:23:54.000Z","volume":1000,"label":"X","price":0.85},{"type":"U","date":"2018-04-04T07:23:58.000Z","volume":1000,"label":"X","price":0.85},{"type":"A","date":"2018-04-04T07:24:07.000Z","volume":1000,"label":" ","price":0.86},{"type":"B","date":"2018-04-04T07:26:49.000Z","volume":20000,"label":" ","price":0.85},{"type":"B","date":"2018-04-04T07:27:42.000Z","volume":12000,"label":" ","price":0.85},{"type":"B","date":"2018-04-04T07:29:53.000Z","volume":20000,"label":" ","price":0.85},{"type":"U","date":"2018-04-04T07:29:54.000Z","volume":2000,"label":"X","price":0.85},{"type":"A","date":"2018-04-04T07:31:14.000Z","volume":50000,"label":" ","price":0.86},{"type":"A","date":"2018-04-04T07:31:37.000Z","volume":14000,"label":" ","price":0.86},{"type":"A","date":"2018-04-04T07:33:06.000Z","volume":272000,"label":"Y","price":0.86},{"type":"A","date":"2018-04-04T07:33:06.000Z","volume":951000,"label":" ","price":0.86},{"type":"B","date":"2018-04-04T07:33:08.000Z","volume":21000,"label":" ","price":0.85},{"type":"A","date":"2018-04-04T07:33:09.000Z","volume":1000,"label":" ","price":0.86},{"type":"B","date":"2018-04-04T07:33:16.000Z","volume":1000,"label":" ","price":0.85},{"type":"B","date":"2018-04-04T07:33:21.000Z","volume":40000,"label":" ","price":0.85},{"type":"A","date":"2018-04-04T07:33:34.000Z","volume":2000,"label":" ","price":0.86},{"type":"B","date":"2018-04-04T07:36:07.000Z","volume":22000,"label":" ","price":0.85},{"type":"B","date":"2018-04-04T07:37:41.000Z","volume":92000,"label":" ","price":0.85},{"type":"U","date":"2018-04-04T07:37:55.000Z","volume":1000,"label":"X","price":0.85},{"type":"B","date":"2018-04-04T07:38:57.000Z","volume":16000,"label":" ","price":0.85},{"type":"A","date":"2018-04-04T07:39:14.000Z","volume":11000,"label":" ","price":0.86},{"type":"A","date":"2018-04-04T07:39:44.000Z","volume":1000,"label":" ","price":0.86},{"type":"U","date":"2018-04-04T07:41:25.000Z","volume":2000,"label":"X","price":0.85},{"type":"B","date":"2018-04-04T07:41:57.000Z","volume":21000,"label":" ","price":0.85},{"type":"U","date":"2018-04-04T07:43:55.000Z","volume":1000,"label":"X","price":0.85},{"type":"B","date":"2018-04-04T07:44:34.000Z","volume":22000,"label":" ","price":0.85},{"type":"A","date":"2018-04-04T07:45:19.000Z","volume":11000,"label":" ","price":0.86},{"type":"B","date":"2018-04-04T07:45:25.000Z","volume":10000,"label":" ","price":0.85},{"type":"B","date":"2018-04-04T07:47:38.000Z","volume":200000,"label":" ","price":0.85},{"type":"A","date":"2018-04-04T07:47:51.000Z","volume":1000,"label":" ","price":0.86},{"type":"B","date":"2018-04-04T07:47:53.000Z","volume":100000,"label":" ","price":0.85},{"type":"B","date":"2018-04-04T07:48:18.000Z","volume":7000,"label":" ","price":0.85},{"type":"B","date":"2018-04-04T07:49:20.000Z","volume":1000,"label":" ","price":0.85},{"type":"B","date":"2018-04-04T07:49:27.000Z","volume":14000,"label":" ","price":0.85},{"type":"A","date":"2018-04-04T07:49:53.000Z","volume":2000,"label":" ","price":0.86},{"type":"A","date":"2018-04-04T07:50:23.000Z","volume":2000,"label":" ","price":0.86},{"type":"A","date":"2018-04-04T07:51:23.000Z","volume":10000,"label":" ","price":0.86},{"type":"A","date":"2018-04-04T07:51:24.000Z","volume":3000,"label":" ","price":0.86},{"type":"A","date":"2018-04-04T07:51:55.000Z","volume":2000,"label":" ","price":0.86},{"type":"A","date":"2018-04-04T07:52:25.000Z","volume":2000,"label":" ","price":0.86},{"type":"A","date":"2018-04-04T07:53:26.000Z","volume":3000,"label":" ","price":0.86},{"type":"A","date":"2018-04-04T07:53:56.000Z","volume":1000,"label":" ","price":0.86},{"type":"A","date":"2018-04-04T07:53:56.000Z","volume":2000,"label":" ","price":0.86},{"type":"A","date":"2018-04-04T07:54:27.000Z","volume":2000,"label":" ","price":0.86},{"type":"A","date":"2018-04-04T07:54:57.000Z","volume":2000,"label":" ","price":0.86},{"type":"A","date":"2018-04-04T07:55:28.000Z","volume":2000,"label":" ","price":0.86},{"type":"B","date":"2018-04-04T07:55:43.000Z","volume":9000,"label":" ","price":0.85},{"type":"U","date":"2018-04-04T07:55:48.000Z","volume":16000,"label":"X","price":0.85},{"type":"A","date":"2018-04-04T07:55:58.000Z","volume":2000,"label":" ","price":0.86},{"type":"A","date":"2018-04-04T07:56:20.000Z","volume":1000,"label":" ","price":0.86},{"type":"A","date":"2018-04-04T07:56:29.000Z","volume":1000,"label":" ","price":0.86},{"type":"A","date":"2018-04-04T07:56:41.000Z","volume":1000,"label":" ","price":0.86},{"type":"A","date":"2018-04-04T07:56:56.000Z","volume":1000,"label":" ","price":0.86},{"type":"A","date":"2018-04-04T07:57:08.000Z","volume":1000,"label":" ","price":0.86},{"type":"A","date":"2018-04-04T07:57:20.000Z","volume":1000,"label":" ","price":0.86},{"type":"A","date":"2018-04-04T07:57:36.000Z","volume":1000,"label":" ","price":0.86},{"type":"A","date":"2018-04-04T07:57:39.000Z","volume":1000,"label":" ","price":0.86},{"type":"A","date":"2018-04-04T07:57:39.000Z","volume":1000,"label":" ","price":0.86},{"type":"A","date":"2018-04-04T07:59:01.000Z","volume":3000,"label":" ","price":0.86},{"type":"B","date":"2018-04-04T07:59:11.000Z","volume":40000,"label":" ","price":0.85},{"type":"B","date":"2018-04-04T07:59:14.000Z","volume":34000,"label":" ","price":0.85},{"type":"A","date":"2018-04-04T07:59:23.000Z","volume":1000,"label":" ","price":0.86},{"type":"B","date":"2018-04-04T07:59:50.000Z","volume":1000,"label":" ","price":0.85},{"type":"U","date":"2018-04-04T08:08:53.000Z","volume":1791000,"label":"U","price":0.85}]