[{"type":"A","date":"2018-03-13T07:58:33.000Z","volume":3600,"price":13.1,"category":"bbull"},{"type":"A","date":"2018-03-13T07:51:57.000Z","volume":4200,"price":13.1,"category":"bbull"},{"type":"A","date":"2018-03-13T07:35:42.000Z","volume":2400,"price":13.12,"category":"bbull"},{"type":"A","date":"2018-03-13T07:34:47.000Z","volume":3000,"price":13.14,"category":"bbull"},{"type":"A","date":"2018-03-13T07:18:12.000Z","volume":1800,"price":13.18,"category":"bbull"},{"type":"A","date":"2018-03-13T05:15:18.000Z","volume":3000,"price":13.2,"category":"bbull"},{"type":"A","date":"2018-03-13T07:58:56.000Z","volume":300,"price":13.12,"category":"rbull"},{"type":"A","date":"2018-03-13T07:58:33.000Z","volume":300,"price":13.12,"category":"rbull"},{"type":"A","date":"2018-03-13T07:58:33.000Z","volume":300,"price":13.12,"category":"rbull"},{"type":"A","date":"2018-03-13T07:58:01.000Z","volume":300,"price":13.1,"category":"rbull"},{"type":"A","date":"2018-03-13T07:57:01.000Z","volume":300,"price":13.1,"category":"rbull"},{"type":"A","date":"2018-03-13T07:55:55.000Z","volume":300,"price":13.1,"category":"rbull"},{"type":"A","date":"2018-03-13T07:51:31.000Z","volume":300,"price":13.12,"category":"rbull"},{"type":"A","date":"2018-03-13T07:49:34.000Z","volume":300,"price":13.12,"category":"rbull"},{"type":"A","date":"2018-03-13T07:49:08.000Z","volume":300,"price":13.12,"category":"rbull"},{"type":"A","date":"2018-03-13T07:44:48.000Z","volume":300,"price":13.12,"category":"rbull"},{"type":"A","date":"2018-03-13T07:40:48.000Z","volume":300,"price":13.12,"category":"rbull"},{"type":"A","date":"2018-03-13T07:40:43.000Z","volume":300,"price":13.12,"category":"rbull"},{"type":"A","date":"2018-03-13T07:40:41.000Z","volume":300,"price":13.12,"category":"rbull"},{"type":"A","date":"2018-03-13T07:38:18.000Z","volume":300,"price":13.12,"category":"rbull"},{"type":"A","date":"2018-03-13T07:37:00.000Z","volume":300,"price":13.12,"category":"rbull"},{"type":"A","date":"2018-03-13T07:35:42.000Z","volume":300,"price":13.12,"category":"rbull"},{"type":"A","date":"2018-03-13T07:18:12.000Z","volume":300,"price":13.18,"category":"rbull"},{"type":"A","date":"2018-03-13T07:18:12.000Z","volume":300,"price":13.18,"category":"rbull"},{"type":"A","date":"2018-03-13T07:09:17.000Z","volume":300,"price":13.18,"category":"rbull"},{"type":"A","date":"2018-03-13T06:58:15.000Z","volume":300,"price":13.18,"category":"rbull"},{"type":"A","date":"2018-03-13T06:57:16.000Z","volume":300,"price":13.18,"category":"rbull"},{"type":"A","date":"2018-03-13T06:56:32.000Z","volume":300,"price":13.18,"category":"rbull"},{"type":"A","date":"2018-03-13T06:34:56.000Z","volume":300,"price":13.2,"category":"rbull"},{"type":"A","date":"2018-03-13T06:30:16.000Z","volume":300,"price":13.14,"category":"rbull"},{"type":"A","date":"2018-03-13T06:27:32.000Z","volume":300,"price":13.18,"category":"rbull"},{"type":"A","date":"2018-03-13T05:59:00.000Z","volume":300,"price":13.16,"category":"rbull"},{"type":"A","date":"2018-03-13T05:59:00.000Z","volume":300,"price":13.16,"category":"rbull"},{"type":"A","date":"2018-03-13T05:55:53.000Z","volume":300,"price":13.16,"category":"rbull"},{"type":"A","date":"2018-03-13T05:55:17.000Z","volume":300,"price":13.16,"category":"rbull"},{"type":"A","date":"2018-03-13T05:34:18.000Z","volume":300,"price":13.22,"category":"rbull"},{"type":"A","date":"2018-03-13T05:16:56.000Z","volume":300,"price":13.26,"category":"rbull"},{"type":"A","date":"2018-03-13T03:26:38.000Z","volume":300,"price":13.2,"category":"rbull"},{"type":"B","date":"2018-03-13T07:59:01.000Z","volume":300,"price":13.1,"category":"rbear"},{"type":"B","date":"2018-03-13T07:56:55.000Z","volume":300,"price":13.08,"category":"rbear"},{"type":"B","date":"2018-03-13T07:55:55.000Z","volume":300,"price":13.08,"category":"rbear"},{"type":"B","date":"2018-03-13T07:55:55.000Z","volume":300,"price":13.08,"category":"rbear"},{"type":"B","date":"2018-03-13T07:55:30.000Z","volume":300,"price":13.08,"category":"rbear"},{"type":"B","date":"2018-03-13T07:49:34.000Z","volume":300,"price":13.1,"category":"rbear"},{"type":"B","date":"2018-03-13T07:47:54.000Z","volume":300,"price":13.1,"category":"rbear"},{"type":"B","date":"2018-03-13T07:43:54.000Z","volume":300,"price":13.1,"category":"rbear"},{"type":"B","date":"2018-03-13T07:43:00.000Z","volume":300,"price":13.1,"category":"rbear"},{"type":"B","date":"2018-03-13T07:42:24.000Z","volume":300,"price":13.1,"category":"rbear"},{"type":"B","date":"2018-03-13T07:40:50.000Z","volume":300,"price":13.1,"category":"rbear"},{"type":"B","date":"2018-03-13T07:34:47.000Z","volume":300,"price":13.14,"category":"rbear"},{"type":"B","date":"2018-03-13T07:33:07.000Z","volume":300,"price":13.12,"category":"rbear"},{"type":"B","date":"2018-03-13T07:25:13.000Z","volume":300,"price":13.12,"category":"rbear"},{"type":"B","date":"2018-03-13T07:24:39.000Z","volume":300,"price":13.14,"category":"rbear"},{"type":"B","date":"2018-03-13T07:21:22.000Z","volume":300,"price":13.12,"category":"rbear"},{"type":"B","date":"2018-03-13T07:21:22.000Z","volume":300,"price":13.14,"category":"rbear"},{"type":"B","date":"2018-03-13T07:19:32.000Z","volume":300,"price":13.16,"category":"rbear"},{"type":"B","date":"2018-03-13T07:16:18.000Z","volume":300,"price":13.16,"category":"rbear"},{"type":"B","date":"2018-03-13T07:15:41.000Z","volume":300,"price":13.14,"category":"rbear"},{"type":"B","date":"2018-03-13T07:14:47.000Z","volume":300,"price":13.16,"category":"rbear"},{"type":"B","date":"2018-03-13T07:13:54.000Z","volume":300,"price":13.14,"category":"rbear"},{"type":"B","date":"2018-03-13T07:09:15.000Z","volume":300,"price":13.16,"category":"rbear"},{"type":"B","date":"2018-03-13T06:58:38.000Z","volume":300,"price":13.16,"category":"rbear"},{"type":"B","date":"2018-03-13T06:56:32.000Z","volume":300,"price":13.14,"category":"rbear"},{"type":"B","date":"2018-03-13T06:56:22.000Z","volume":300,"price":13.14,"category":"rbear"},{"type":"B","date":"2018-03-13T06:39:22.000Z","volume":300,"price":13.16,"category":"rbear"},{"type":"B","date":"2018-03-13T06:29:38.000Z","volume":300,"price":13.14,"category":"rbear"},{"type":"B","date":"2018-03-13T06:27:32.000Z","volume":300,"price":13.12,"category":"rbear"},{"type":"B","date":"2018-03-13T06:27:30.000Z","volume":300,"price":13.14,"category":"rbear"},{"type":"B","date":"2018-03-13T06:00:30.000Z","volume":300,"price":13.18,"category":"rbear"},{"type":"B","date":"2018-03-13T05:55:53.000Z","volume":300,"price":13.14,"category":"rbear"},{"type":"B","date":"2018-03-13T05:16:56.000Z","volume":300,"price":13.22,"category":"rbear"},{"type":"B","date":"2018-03-13T03:26:38.000Z","volume":300,"price":13.18,"category":"rbear"},{"type":"B","date":"2018-03-13T03:24:22.000Z","volume":300,"price":13.16,"category":"rbear"},{"type":"B","date":"2018-03-13T07:42:29.000Z","volume":2100,"price":13.1,"category":"bbear"},{"type":"B","date":"2018-03-13T07:35:42.000Z","volume":4500,"price":13.1,"category":"bbear"},{"type":"B","date":"2018-03-13T07:24:39.000Z","volume":3000,"price":13.14,"category":"bbear"},{"type":"B","date":"2018-03-13T07:21:22.000Z","volume":3300,"price":13.14,"category":"bbear"},{"type":"B","date":"2018-03-13T07:18:12.000Z","volume":2400,"price":13.12,"category":"bbear"},{"type":"B","date":"2018-03-13T07:15:40.000Z","volume":1800,"price":13.14,"category":"bbear"},{"type":"B","date":"2018-03-13T07:09:09.000Z","volume":3000,"price":13.14,"category":"bbear"},{"type":"B","date":"2018-03-13T06:56:20.000Z","volume":3000,"price":13.14,"category":"bbear"},{"type":"B","date":"2018-03-13T05:55:08.000Z","volume":1800,"price":13.12,"category":"bbear"},{"type":"B","date":"2018-03-13T07:42:28.000Z","volume":12000,"price":13.1,"category":"ubbear"},{"type":"B","date":"2018-03-13T07:35:42.000Z","volume":25200,"price":13.12,"category":"ubbear"},{"type":"B","date":"2018-03-13T07:18:12.000Z","volume":12300,"price":13.14,"category":"ubbear"},{"type":"B","date":"2018-03-13T05:55:07.000Z","volume":9300,"price":13.16,"category":"ubbear"}]