[{"type":"B","date":"2018-04-26T01:39:33.000Z","volume":300,"label":" ","price":12.2},{"type":"B","date":"2018-04-26T01:42:17.000Z","volume":300,"label":" ","price":12.06},{"type":"A","date":"2018-04-26T01:42:50.000Z","volume":300,"label":" ","price":11.98},{"type":"A","date":"2018-04-26T01:42:50.000Z","volume":1500,"label":" ","price":12},{"type":"B","date":"2018-04-26T01:49:56.000Z","volume":1800,"label":" ","price":12},{"type":"B","date":"2018-04-26T01:49:56.000Z","volume":300,"label":" ","price":12},{"type":"B","date":"2018-04-26T01:50:16.000Z","volume":600,"label":" ","price":12},{"type":"A","date":"2018-04-26T01:50:24.000Z","volume":300,"label":"Y","price":12},{"type":"A","date":"2018-04-26T01:50:24.000Z","volume":1200,"label":" ","price":12},{"type":"A","date":"2018-04-26T01:52:06.000Z","volume":6000,"label":" ","price":11.98},{"type":"A","date":"2018-04-26T01:52:06.000Z","volume":600,"label":" ","price":12},{"type":"A","date":"2018-04-26T01:52:06.000Z","volume":3900,"label":" ","price":11.98},{"type":"B","date":"2018-04-26T01:52:08.000Z","volume":300,"label":" ","price":11.98},{"type":"A","date":"2018-04-26T01:52:09.000Z","volume":300,"label":"Y","price":12},{"type":"A","date":"2018-04-26T01:52:13.000Z","volume":2700,"label":" ","price":12},{"type":"A","date":"2018-04-26T01:52:13.000Z","volume":900,"label":" ","price":12.02},{"type":"U","date":"2018-04-26T01:53:15.000Z","volume":300,"label":" ","price":12},{"type":"A","date":"2018-04-26T02:02:12.000Z","volume":300,"label":" ","price":12.04},{"type":"A","date":"2018-04-26T02:07:32.000Z","volume":3000,"label":" ","price":12.04},{"type":"A","date":"2018-04-26T02:09:51.000Z","volume":1500,"label":" ","price":12.06},{"type":"A","date":"2018-04-26T02:09:51.000Z","volume":600,"label":" ","price":12.08},{"type":"A","date":"2018-04-26T02:09:51.000Z","volume":300,"label":" ","price":12.12},{"type":"A","date":"2018-04-26T02:09:51.000Z","volume":300,"label":" ","price":12.16},{"type":"U","date":"2018-04-26T02:10:00.000Z","volume":600,"label":" ","price":12.18},{"type":"B","date":"2018-04-26T02:10:46.000Z","volume":6000,"label":" ","price":12.02},{"type":"B","date":"2018-04-26T02:10:46.000Z","volume":900,"label":" ","price":12.02},{"type":"B","date":"2018-04-26T02:10:46.000Z","volume":900,"label":" ","price":12},{"type":"A","date":"2018-04-26T02:11:04.000Z","volume":1500,"label":"Y","price":12.02},{"type":"U","date":"2018-04-26T02:11:35.000Z","volume":3600,"label":" ","price":12.02},{"type":"B","date":"2018-04-26T02:11:35.000Z","volume":600,"label":" ","price":12},{"type":"A","date":"2018-04-26T02:11:35.000Z","volume":3600,"label":"Y","price":12.02},{"type":"B","date":"2018-04-26T02:11:35.000Z","volume":4200,"label":" ","price":12},{"type":"B","date":"2018-04-26T02:11:35.000Z","volume":3600,"label":" ","price":12},{"type":"B","date":"2018-04-26T02:11:37.000Z","volume":900,"label":" ","price":11.98},{"type":"A","date":"2018-04-26T02:11:53.000Z","volume":600,"label":" ","price":12.1},{"type":"A","date":"2018-04-26T02:11:53.000Z","volume":900,"label":" ","price":12.1},{"type":"B","date":"2018-04-26T02:12:44.000Z","volume":300,"label":" ","price":12},{"type":"B","date":"2018-04-26T02:26:36.000Z","volume":300,"label":" ","price":12},{"type":"U","date":"2018-04-26T02:27:34.000Z","volume":60,"label":"D","price":11.9},{"type":"B","date":"2018-04-26T02:32:58.000Z","volume":9600,"label":" ","price":12},{"type":"B","date":"2018-04-26T02:33:00.000Z","volume":300,"label":" ","price":12},{"type":"B","date":"2018-04-26T02:48:03.000Z","volume":600,"label":" ","price":12},{"type":"B","date":"2018-04-26T05:36:27.000Z","volume":6000,"label":" ","price":12.04},{"type":"B","date":"2018-04-26T05:36:28.000Z","volume":300,"label":" ","price":12.04},{"type":"B","date":"2018-04-26T05:36:38.000Z","volume":7500,"label":" ","price":12.06},{"type":"B","date":"2018-04-26T05:36:38.000Z","volume":600,"label":" ","price":12.06},{"type":"B","date":"2018-04-26T05:36:39.000Z","volume":300,"label":" ","price":12.04},{"type":"B","date":"2018-04-26T05:36:39.000Z","volume":1500,"label":" ","price":12.06},{"type":"B","date":"2018-04-26T05:36:40.000Z","volume":300,"label":" ","price":12.02},{"type":"A","date":"2018-04-26T05:36:47.000Z","volume":3600,"label":" ","price":12.08},{"type":"B","date":"2018-04-26T05:36:54.000Z","volume":2400,"label":" ","price":12.08},{"type":"B","date":"2018-04-26T05:36:54.000Z","volume":300,"label":" ","price":12.02},{"type":"A","date":"2018-04-26T05:36:55.000Z","volume":3000,"label":" ","price":12.08},{"type":"A","date":"2018-04-26T05:36:55.000Z","volume":1800,"label":" ","price":12.1},{"type":"B","date":"2018-04-26T05:36:55.000Z","volume":600,"label":" ","price":12.1},{"type":"B","date":"2018-04-26T05:36:56.000Z","volume":600,"label":" ","price":12.1},{"type":"A","date":"2018-04-26T05:43:56.000Z","volume":7500,"label":" ","price":12.1},{"type":"A","date":"2018-04-26T05:48:27.000Z","volume":2100,"label":" ","price":12.12},{"type":"B","date":"2018-04-26T05:48:27.000Z","volume":600,"label":" ","price":12.12},{"type":"B","date":"2018-04-26T05:48:27.000Z","volume":3300,"label":" ","price":12.12},{"type":"B","date":"2018-04-26T05:49:21.000Z","volume":300,"label":" ","price":12.1},{"type":"B","date":"2018-04-26T05:49:23.000Z","volume":7500,"label":" ","price":12.1},{"type":"B","date":"2018-04-26T05:49:23.000Z","volume":300,"label":" ","price":12.06},{"type":"B","date":"2018-04-26T05:49:29.000Z","volume":8700,"label":" ","price":12.06},{"type":"B","date":"2018-04-26T05:49:29.000Z","volume":300,"label":" ","price":12.02},{"type":"U","date":"2018-04-26T05:50:30.000Z","volume":12000,"label":" ","price":12.04},{"type":"B","date":"2018-04-26T05:50:32.000Z","volume":900,"label":" ","price":12.02},{"type":"A","date":"2018-04-26T05:50:40.000Z","volume":2700,"label":" ","price":12.04},{"type":"A","date":"2018-04-26T05:50:40.000Z","volume":2400,"label":" ","price":12.06},{"type":"B","date":"2018-04-26T05:50:40.000Z","volume":600,"label":" ","price":12.08},{"type":"B","date":"2018-04-26T05:50:40.000Z","volume":300,"label":" ","price":12.08},{"type":"B","date":"2018-04-26T05:50:40.000Z","volume":6000,"label":" ","price":12.08},{"type":"A","date":"2018-04-26T06:07:23.000Z","volume":2100,"label":" ","price":12.08},{"type":"B","date":"2018-04-26T06:07:23.000Z","volume":3900,"label":" ","price":12.08},{"type":"A","date":"2018-04-26T06:25:09.000Z","volume":2400,"label":" ","price":12.08},{"type":"A","date":"2018-04-26T06:25:09.000Z","volume":2700,"label":" ","price":12.1},{"type":"A","date":"2018-04-26T06:25:20.000Z","volume":300,"label":"Y","price":12.14},{"type":"A","date":"2018-04-26T06:25:48.000Z","volume":300,"label":" ","price":12.16},{"type":"A","date":"2018-04-26T06:36:54.000Z","volume":4500,"label":" ","price":12.16},{"type":"A","date":"2018-04-26T06:36:54.000Z","volume":300,"label":" ","price":12.18},{"type":"A","date":"2018-04-26T06:36:54.000Z","volume":300,"label":" ","price":12.2},{"type":"A","date":"2018-04-26T06:37:13.000Z","volume":1200,"label":" ","price":12.16},{"type":"A","date":"2018-04-26T06:37:13.000Z","volume":300,"label":" ","price":12.2},{"type":"A","date":"2018-04-26T06:47:53.000Z","volume":2400,"label":" ","price":12.2},{"type":"A","date":"2018-04-26T07:08:29.000Z","volume":300,"label":" ","price":12.18},{"type":"U","date":"2018-04-26T07:47:07.000Z","volume":100,"label":"D","price":11.98},{"type":"A","date":"2018-04-26T07:54:01.000Z","volume":300,"label":" ","price":12.18},{"type":"B","date":"2018-04-26T07:59:00.000Z","volume":300,"label":" ","price":12.08},{"type":"U","date":"2018-04-26T08:08:16.000Z","volume":6600,"label":"U","price":12.12}]