[{"type":"U","date":"2018-04-12T01:20:00.000Z","volume":40000,"label":"U","price":0.38},{"type":"B","date":"2018-04-12T01:37:17.000Z","volume":20000,"label":" ","price":0.375},{"type":"B","date":"2018-04-12T01:38:41.000Z","volume":290000,"label":" ","price":0.375},{"type":"B","date":"2018-04-12T01:38:41.000Z","volume":60000,"label":" ","price":0.375},{"type":"B","date":"2018-04-12T01:39:38.000Z","volume":120000,"label":" ","price":0.37},{"type":"B","date":"2018-04-12T01:40:31.000Z","volume":40000,"label":" ","price":0.37},{"type":"A","date":"2018-04-12T01:43:00.000Z","volume":10000,"label":"Y","price":0.375},{"type":"A","date":"2018-04-12T01:43:00.000Z","volume":120000,"label":" ","price":0.375},{"type":"A","date":"2018-04-12T01:43:16.000Z","volume":10000,"label":" ","price":0.375},{"type":"A","date":"2018-04-12T01:43:24.000Z","volume":90000,"label":"Y","price":0.375},{"type":"A","date":"2018-04-12T01:43:24.000Z","volume":10000,"label":" ","price":0.375},{"type":"A","date":"2018-04-12T01:43:24.000Z","volume":30000,"label":" ","price":0.375},{"type":"B","date":"2018-04-12T01:57:25.000Z","volume":1000000,"label":" ","price":0.37},{"type":"A","date":"2018-04-12T01:57:25.000Z","volume":10000,"label":" ","price":0.38},{"type":"A","date":"2018-04-12T01:57:28.000Z","volume":100000,"label":" ","price":0.375},{"type":"A","date":"2018-04-12T01:57:28.000Z","volume":20000,"label":" ","price":0.375},{"type":"A","date":"2018-04-12T01:57:32.000Z","volume":10000,"label":" ","price":0.375},{"type":"A","date":"2018-04-12T01:58:02.000Z","volume":10000,"label":" ","price":0.375},{"type":"B","date":"2018-04-12T02:06:20.000Z","volume":1500000,"label":" ","price":0.37},{"type":"B","date":"2018-04-12T02:06:20.000Z","volume":390000,"label":" ","price":0.37},{"type":"B","date":"2018-04-12T02:06:20.000Z","volume":130000,"label":" ","price":0.37},{"type":"B","date":"2018-04-12T02:07:14.000Z","volume":40000,"label":" ","price":0.37},{"type":"B","date":"2018-04-12T02:08:04.000Z","volume":10000,"label":" ","price":0.37},{"type":"A","date":"2018-04-12T02:11:10.000Z","volume":20000,"label":" ","price":0.375},{"type":"A","date":"2018-04-12T02:17:32.000Z","volume":10000,"label":" ","price":0.375},{"type":"A","date":"2018-04-12T02:17:34.000Z","volume":10000,"label":" ","price":0.375},{"type":"A","date":"2018-04-12T02:18:58.000Z","volume":10000,"label":" ","price":0.375},{"type":"A","date":"2018-04-12T02:22:50.000Z","volume":10000,"label":" ","price":0.375},{"type":"A","date":"2018-04-12T02:24:42.000Z","volume":860000,"label":" ","price":0.375},{"type":"A","date":"2018-04-12T02:26:52.000Z","volume":230000,"label":" ","price":0.38},{"type":"A","date":"2018-04-12T02:27:06.000Z","volume":10000,"label":" ","price":0.38},{"type":"A","date":"2018-04-12T02:29:14.000Z","volume":30000,"label":" ","price":0.38},{"type":"A","date":"2018-04-12T02:31:29.000Z","volume":10000,"label":" ","price":0.38},{"type":"A","date":"2018-04-12T02:36:01.000Z","volume":10000,"label":" ","price":0.38},{"type":"A","date":"2018-04-12T02:39:32.000Z","volume":10000,"label":" ","price":0.38},{"type":"A","date":"2018-04-12T03:03:47.000Z","volume":10000,"label":" ","price":0.38},{"type":"B","date":"2018-04-12T03:11:08.000Z","volume":10000,"label":" ","price":0.375},{"type":"B","date":"2018-04-12T03:12:04.000Z","volume":50000,"label":"Y","price":0.375},{"type":"B","date":"2018-04-12T03:12:04.000Z","volume":40000,"label":" ","price":0.375},{"type":"A","date":"2018-04-12T03:15:02.000Z","volume":1000000,"label":" ","price":0.38},{"type":"A","date":"2018-04-12T03:15:03.000Z","volume":30000,"label":" ","price":0.38},{"type":"A","date":"2018-04-12T03:15:08.000Z","volume":110000,"label":" ","price":0.38},{"type":"A","date":"2018-04-12T03:36:25.000Z","volume":1000000,"label":" ","price":0.38},{"type":"A","date":"2018-04-12T03:36:25.000Z","volume":10000,"label":" ","price":0.38},{"type":"A","date":"2018-04-12T03:36:28.000Z","volume":110000,"label":" ","price":0.38},{"type":"A","date":"2018-04-12T03:36:28.000Z","volume":20000,"label":" ","price":0.38},{"type":"A","date":"2018-04-12T03:36:46.000Z","volume":120000,"label":" ","price":0.38},{"type":"A","date":"2018-04-12T03:36:47.000Z","volume":20000,"label":" ","price":0.38},{"type":"A","date":"2018-04-12T03:36:49.000Z","volume":10000,"label":" ","price":0.38},{"type":"A","date":"2018-04-12T03:37:48.000Z","volume":150000,"label":" ","price":0.38},{"type":"A","date":"2018-04-12T03:42:54.000Z","volume":10000,"label":" ","price":0.38},{"type":"A","date":"2018-04-12T03:58:35.000Z","volume":10000,"label":" ","price":0.38},{"type":"U","date":"2018-04-12T03:59:17.000Z","volume":5000,"label":"D","price":0.355},{"type":"B","date":"2018-04-12T05:07:20.000Z","volume":10000,"label":" ","price":0.375},{"type":"A","date":"2018-04-12T05:09:32.000Z","volume":10000,"label":" ","price":0.38},{"type":"B","date":"2018-04-12T05:20:36.000Z","volume":20000,"label":" ","price":0.375},{"type":"B","date":"2018-04-12T05:23:51.000Z","volume":150000,"label":" ","price":0.375},{"type":"A","date":"2018-04-12T05:23:59.000Z","volume":10000,"label":" ","price":0.38},{"type":"A","date":"2018-04-12T05:28:13.000Z","volume":100000,"label":" ","price":0.38},{"type":"A","date":"2018-04-12T05:28:49.000Z","volume":100000,"label":" ","price":0.38},{"type":"A","date":"2018-04-12T05:28:56.000Z","volume":10000,"label":" ","price":0.38},{"type":"A","date":"2018-04-12T05:41:02.000Z","volume":500000,"label":" ","price":0.38},{"type":"A","date":"2018-04-12T05:41:02.000Z","volume":130000,"label":" ","price":0.38},{"type":"A","date":"2018-04-12T05:44:19.000Z","volume":20000,"label":" ","price":0.38},{"type":"A","date":"2018-04-12T05:44:23.000Z","volume":10000,"label":" ","price":0.38},{"type":"A","date":"2018-04-12T05:45:36.000Z","volume":10000,"label":" ","price":0.385},{"type":"B","date":"2018-04-12T06:02:29.000Z","volume":20000,"label":" ","price":0.38},{"type":"A","date":"2018-04-12T06:13:28.000Z","volume":90000,"label":" ","price":0.38},{"type":"A","date":"2018-04-12T06:13:53.000Z","volume":110000,"label":" ","price":0.38},{"type":"A","date":"2018-04-12T06:14:18.000Z","volume":70000,"label":" ","price":0.38},{"type":"A","date":"2018-04-12T06:14:43.000Z","volume":30000,"label":" ","price":0.38},{"type":"A","date":"2018-04-12T06:14:45.000Z","volume":10000,"label":" ","price":0.385},{"type":"A","date":"2018-04-12T06:14:51.000Z","volume":10000,"label":" ","price":0.385},{"type":"B","date":"2018-04-12T06:21:13.000Z","volume":80000,"label":" ","price":0.375},{"type":"B","date":"2018-04-12T06:22:41.000Z","volume":10000,"label":" ","price":0.38},{"type":"A","date":"2018-04-12T06:28:56.000Z","volume":60000,"label":" ","price":0.38},{"type":"A","date":"2018-04-12T06:28:56.000Z","volume":20000,"label":" ","price":0.38},{"type":"A","date":"2018-04-12T06:34:02.000Z","volume":10000,"label":" ","price":0.385},{"type":"A","date":"2018-04-12T06:56:32.000Z","volume":10000,"label":" ","price":0.385},{"type":"B","date":"2018-04-12T07:18:19.000Z","volume":40000,"label":" ","price":0.375},{"type":"A","date":"2018-04-12T07:18:19.000Z","volume":150000,"label":" ","price":0.38},{"type":"A","date":"2018-04-12T07:19:36.000Z","volume":200000,"label":" ","price":0.38},{"type":"A","date":"2018-04-12T07:19:45.000Z","volume":10000,"label":" ","price":0.385},{"type":"A","date":"2018-04-12T07:22:36.000Z","volume":10000,"label":" ","price":0.385},{"type":"B","date":"2018-04-12T07:25:20.000Z","volume":100000,"label":" ","price":0.38},{"type":"A","date":"2018-04-12T07:25:20.000Z","volume":10000,"label":" ","price":0.385},{"type":"B","date":"2018-04-12T07:45:45.000Z","volume":130000,"label":" ","price":0.38},{"type":"B","date":"2018-04-12T07:45:45.000Z","volume":270000,"label":" ","price":0.375},{"type":"A","date":"2018-04-12T07:45:45.000Z","volume":10000,"label":" ","price":0.385},{"type":"A","date":"2018-04-12T07:45:46.000Z","volume":10000,"label":" ","price":0.385},{"type":"A","date":"2018-04-12T07:49:54.000Z","volume":20000,"label":" ","price":0.385},{"type":"A","date":"2018-04-12T07:50:49.000Z","volume":1000000,"label":" ","price":0.385},{"type":"A","date":"2018-04-12T07:50:49.000Z","volume":30000,"label":" ","price":0.385},{"type":"A","date":"2018-04-12T07:51:07.000Z","volume":1000000,"label":" ","price":0.385},{"type":"A","date":"2018-04-12T07:51:07.000Z","volume":30000,"label":" ","price":0.385},{"type":"A","date":"2018-04-12T07:53:01.000Z","volume":700000,"label":" ","price":0.385},{"type":"A","date":"2018-04-12T07:53:04.000Z","volume":20000,"label":" ","price":0.385},{"type":"A","date":"2018-04-12T07:53:32.000Z","volume":10000,"label":" ","price":0.385},{"type":"B","date":"2018-04-12T07:53:35.000Z","volume":10000,"label":" ","price":0.38},{"type":"A","date":"2018-04-12T07:53:40.000Z","volume":220000,"label":" ","price":0.385},{"type":"A","date":"2018-04-12T07:53:40.000Z","volume":30000,"label":" ","price":0.385},{"type":"A","date":"2018-04-12T07:53:42.000Z","volume":10000,"label":" ","price":0.385},{"type":"A","date":"2018-04-12T07:54:35.000Z","volume":80000,"label":" ","price":0.39},{"type":"A","date":"2018-04-12T07:54:40.000Z","volume":10000,"label":" ","price":0.39},{"type":"A","date":"2018-04-12T07:56:00.000Z","volume":30000,"label":" ","price":0.39},{"type":"A","date":"2018-04-12T07:59:04.000Z","volume":10000,"label":" ","price":0.39},{"type":"A","date":"2018-04-12T07:59:50.000Z","volume":50000,"label":" ","price":0.39},{"type":"U","date":"2018-04-12T08:08:38.000Z","volume":150000,"label":"U","price":0.38}]