[{"type":"A","date":"2018-04-24T03:14:40.000Z","volume":5000,"label":" ","price":10},{"type":"A","date":"2018-04-24T03:24:17.000Z","volume":3000,"label":" ","price":9.99},{"type":"B","date":"2018-04-24T03:46:44.000Z","volume":5500,"label":" ","price":9.93},{"type":"A","date":"2018-04-24T03:47:02.000Z","volume":20000,"label":" ","price":10},{"type":"B","date":"2018-04-24T05:01:06.000Z","volume":6000,"label":" ","price":9.95},{"type":"B","date":"2018-04-24T05:08:13.000Z","volume":800,"label":" ","price":9.95},{"type":"B","date":"2018-04-24T06:01:35.000Z","volume":400,"label":" ","price":9.95},{"type":"A","date":"2018-04-24T06:05:18.000Z","volume":1800,"label":" ","price":9.99},{"type":"A","date":"2018-04-24T06:05:18.000Z","volume":8200,"label":" ","price":10},{"type":"A","date":"2018-04-24T07:11:02.000Z","volume":6000,"label":" ","price":9.99},{"type":"B","date":"2018-04-24T07:48:27.000Z","volume":2000,"label":" ","price":9.95},{"type":"B","date":"2018-04-24T07:49:03.000Z","volume":200,"label":" ","price":9.95},{"type":"B","date":"2018-04-24T07:50:56.000Z","volume":100,"label":" ","price":9.95},{"type":"B","date":"2018-04-24T07:51:20.000Z","volume":100,"label":" ","price":9.95},{"type":"B","date":"2018-04-24T07:52:01.000Z","volume":100,"label":" ","price":9.95},{"type":"B","date":"2018-04-24T07:52:34.000Z","volume":100,"label":" ","price":9.95},{"type":"B","date":"2018-04-24T07:52:57.000Z","volume":100,"label":" ","price":9.95},{"type":"B","date":"2018-04-24T07:53:05.000Z","volume":100,"label":" ","price":9.95},{"type":"B","date":"2018-04-24T07:53:37.000Z","volume":200,"label":" ","price":9.93},{"type":"B","date":"2018-04-24T07:54:07.000Z","volume":200,"label":" ","price":9.93},{"type":"B","date":"2018-04-24T07:54:37.000Z","volume":200,"label":" ","price":9.93},{"type":"B","date":"2018-04-24T07:55:14.000Z","volume":100,"label":" ","price":9.93},{"type":"B","date":"2018-04-24T07:55:49.000Z","volume":100,"label":" ","price":9.93},{"type":"B","date":"2018-04-24T07:56:22.000Z","volume":100,"label":" ","price":9.93},{"type":"B","date":"2018-04-24T07:57:27.000Z","volume":100,"label":" ","price":9.93},{"type":"B","date":"2018-04-24T07:58:38.000Z","volume":100,"label":" ","price":9.93},{"type":"B","date":"2018-04-24T07:59:39.000Z","volume":200,"label":" ","price":9.95}]