[{"type":"B","date":"2018-03-28T01:42:39.000Z","volume":11700,"label":" ","price":12.84},{"type":"A","date":"2018-03-28T01:43:29.000Z","volume":600,"label":" ","price":12.84},{"type":"A","date":"2018-03-28T02:21:13.000Z","volume":300,"label":" ","price":13.1},{"type":"A","date":"2018-03-28T02:35:24.000Z","volume":300,"label":" ","price":13},{"type":"A","date":"2018-03-28T02:39:37.000Z","volume":600,"label":" ","price":13},{"type":"A","date":"2018-03-28T02:43:20.000Z","volume":300,"label":" ","price":13},{"type":"A","date":"2018-03-28T02:43:43.000Z","volume":300,"label":" ","price":13},{"type":"B","date":"2018-03-28T02:48:42.000Z","volume":1500,"label":" ","price":12.94},{"type":"B","date":"2018-03-28T02:48:42.000Z","volume":6000,"label":" ","price":12.9},{"type":"U","date":"2018-03-28T02:49:31.000Z","volume":3600,"label":" ","price":12.8},{"type":"A","date":"2018-03-28T02:49:37.000Z","volume":1200,"label":" ","price":12.9},{"type":"U","date":"2018-03-28T02:50:30.000Z","volume":150,"label":"D","price":12.82},{"type":"A","date":"2018-03-28T02:54:21.000Z","volume":300,"label":" ","price":13},{"type":"B","date":"2018-03-28T02:55:39.000Z","volume":300,"label":" ","price":12.92},{"type":"A","date":"2018-03-28T03:04:14.000Z","volume":600,"label":" ","price":12.98},{"type":"A","date":"2018-03-28T03:04:14.000Z","volume":300,"label":" ","price":13},{"type":"U","date":"2018-03-28T03:04:38.000Z","volume":1,"label":"D","price":13.104},{"type":"A","date":"2018-03-28T03:07:17.000Z","volume":300,"label":" ","price":13},{"type":"A","date":"2018-03-28T03:13:26.000Z","volume":300,"label":" ","price":12.98},{"type":"A","date":"2018-03-28T03:13:26.000Z","volume":300,"label":" ","price":13},{"type":"A","date":"2018-03-28T03:16:39.000Z","volume":300,"label":" ","price":13},{"type":"A","date":"2018-03-28T03:19:17.000Z","volume":300,"label":" ","price":13},{"type":"B","date":"2018-03-28T03:21:23.000Z","volume":300,"label":" ","price":12.92},{"type":"A","date":"2018-03-28T03:22:31.000Z","volume":300,"label":" ","price":12.98},{"type":"A","date":"2018-03-28T03:59:22.000Z","volume":300,"label":" ","price":13},{"type":"B","date":"2018-03-28T05:13:47.000Z","volume":7500,"label":" ","price":12.84},{"type":"B","date":"2018-03-28T05:13:47.000Z","volume":1500,"label":" ","price":12.84},{"type":"A","date":"2018-03-28T05:14:56.000Z","volume":300,"label":" ","price":12.98},{"type":"B","date":"2018-03-28T05:30:33.000Z","volume":6000,"label":" ","price":12.84},{"type":"B","date":"2018-03-28T05:32:02.000Z","volume":1800,"label":" ","price":12.84},{"type":"B","date":"2018-03-28T05:33:34.000Z","volume":3000,"label":" ","price":12.82},{"type":"A","date":"2018-03-28T05:34:14.000Z","volume":600,"label":" ","price":12.84},{"type":"B","date":"2018-03-28T05:39:04.000Z","volume":300,"label":" ","price":12.82},{"type":"A","date":"2018-03-28T05:39:49.000Z","volume":300,"label":"Y","price":12.82},{"type":"A","date":"2018-03-28T05:39:49.000Z","volume":1500,"label":" ","price":12.82},{"type":"A","date":"2018-03-28T05:41:33.000Z","volume":1500,"label":" ","price":12.84},{"type":"B","date":"2018-03-28T05:42:23.000Z","volume":4200,"label":" ","price":12.82},{"type":"U","date":"2018-03-28T05:44:47.000Z","volume":18,"label":"D","price":12.7},{"type":"A","date":"2018-03-28T05:46:39.000Z","volume":300,"label":" ","price":12.9},{"type":"B","date":"2018-03-28T05:48:03.000Z","volume":900,"label":" ","price":12.9},{"type":"B","date":"2018-03-28T05:48:03.000Z","volume":600,"label":" ","price":12.88},{"type":"A","date":"2018-03-28T06:17:32.000Z","volume":300,"label":" ","price":12.88},{"type":"A","date":"2018-03-28T06:37:46.000Z","volume":300,"label":" ","price":12.84},{"type":"A","date":"2018-03-28T06:41:17.000Z","volume":300,"label":" ","price":12.84},{"type":"A","date":"2018-03-28T06:43:58.000Z","volume":8100,"label":" ","price":12.86},{"type":"A","date":"2018-03-28T06:46:05.000Z","volume":300,"label":" ","price":12.9},{"type":"A","date":"2018-03-28T07:12:14.000Z","volume":1500,"label":" ","price":12.9},{"type":"A","date":"2018-03-28T07:12:14.000Z","volume":2400,"label":" ","price":12.94},{"type":"B","date":"2018-03-28T07:12:47.000Z","volume":5100,"label":" ","price":12.94},{"type":"U","date":"2018-03-28T07:17:24.000Z","volume":2100,"label":" ","price":12.94},{"type":"U","date":"2018-03-28T07:17:24.000Z","volume":900,"label":" ","price":12.94},{"type":"B","date":"2018-03-28T07:17:24.000Z","volume":2700,"label":" ","price":12.94},{"type":"B","date":"2018-03-28T07:17:39.000Z","volume":1800,"label":" ","price":12.94},{"type":"B","date":"2018-03-28T07:22:18.000Z","volume":600,"label":" ","price":12.94},{"type":"B","date":"2018-03-28T07:23:02.000Z","volume":5700,"label":" ","price":12.94},{"type":"B","date":"2018-03-28T07:27:36.000Z","volume":1500,"label":" ","price":12.92},{"type":"U","date":"2018-03-28T07:29:33.000Z","volume":210,"label":"D","price":12.82},{"type":"A","date":"2018-03-28T07:29:50.000Z","volume":300,"label":" ","price":12.94},{"type":"B","date":"2018-03-28T07:31:58.000Z","volume":1500,"label":" ","price":12.92},{"type":"A","date":"2018-03-28T07:32:04.000Z","volume":300,"label":" ","price":12.94},{"type":"B","date":"2018-03-28T07:33:48.000Z","volume":1200,"label":" ","price":12.92},{"type":"A","date":"2018-03-28T07:36:44.000Z","volume":1800,"label":" ","price":12.92},{"type":"A","date":"2018-03-28T07:36:44.000Z","volume":1200,"label":" ","price":12.94},{"type":"A","date":"2018-03-28T07:36:44.000Z","volume":4800,"label":" ","price":12.94},{"type":"B","date":"2018-03-28T07:36:44.000Z","volume":300,"label":"Y","price":12.94},{"type":"A","date":"2018-03-28T07:36:44.000Z","volume":1500,"label":" ","price":12.96},{"type":"B","date":"2018-03-28T07:36:44.000Z","volume":300,"label":"Y","price":12.94},{"type":"B","date":"2018-03-28T07:36:44.000Z","volume":300,"label":"Y","price":12.94},{"type":"B","date":"2018-03-28T07:36:44.000Z","volume":300,"label":"Y","price":12.94},{"type":"B","date":"2018-03-28T07:36:44.000Z","volume":300,"label":"Y","price":12.94},{"type":"B","date":"2018-03-28T07:36:44.000Z","volume":300,"label":"Y","price":12.94},{"type":"B","date":"2018-03-28T07:36:45.000Z","volume":300,"label":"Y","price":12.94},{"type":"B","date":"2018-03-28T07:36:45.000Z","volume":300,"label":"Y","price":12.94},{"type":"B","date":"2018-03-28T07:36:45.000Z","volume":300,"label":"Y","price":12.94},{"type":"B","date":"2018-03-28T07:36:45.000Z","volume":300,"label":"Y","price":12.94},{"type":"U","date":"2018-03-28T07:37:00.000Z","volume":258,"label":"D","price":12.82},{"type":"B","date":"2018-03-28T07:37:22.000Z","volume":300,"label":" ","price":12.92},{"type":"B","date":"2018-03-28T07:37:40.000Z","volume":2700,"label":" ","price":12.92},{"type":"B","date":"2018-03-28T07:38:31.000Z","volume":8700,"label":" ","price":12.92},{"type":"A","date":"2018-03-28T07:41:24.000Z","volume":1200,"label":" ","price":12.92},{"type":"A","date":"2018-03-28T07:41:34.000Z","volume":4500,"label":" ","price":12.94},{"type":"B","date":"2018-03-28T07:41:49.000Z","volume":4500,"label":" ","price":12.92},{"type":"B","date":"2018-03-28T07:41:56.000Z","volume":900,"label":" ","price":12.92},{"type":"B","date":"2018-03-28T07:42:08.000Z","volume":600,"label":" ","price":12.92},{"type":"B","date":"2018-03-28T07:43:11.000Z","volume":300,"label":" ","price":12.92},{"type":"B","date":"2018-03-28T07:43:11.000Z","volume":2700,"label":" ","price":12.92},{"type":"B","date":"2018-03-28T07:43:11.000Z","volume":6000,"label":" ","price":12.9},{"type":"A","date":"2018-03-28T07:43:47.000Z","volume":600,"label":" ","price":12.9},{"type":"A","date":"2018-03-28T07:45:59.000Z","volume":300,"label":"Y","price":12.94},{"type":"A","date":"2018-03-28T07:45:59.000Z","volume":600,"label":" ","price":12.94},{"type":"A","date":"2018-03-28T07:47:24.000Z","volume":2400,"label":" ","price":12.94},{"type":"B","date":"2018-03-28T07:47:24.000Z","volume":1500,"label":" ","price":12.92},{"type":"B","date":"2018-03-28T07:48:44.000Z","volume":6000,"label":" ","price":12.9},{"type":"B","date":"2018-03-28T07:48:47.000Z","volume":5400,"label":" ","price":12.9},{"type":"A","date":"2018-03-28T07:48:54.000Z","volume":600,"label":" ","price":12.9},{"type":"A","date":"2018-03-28T07:48:54.000Z","volume":1500,"label":" ","price":12.92},{"type":"B","date":"2018-03-28T07:53:11.000Z","volume":15000,"label":" ","price":12.9},{"type":"A","date":"2018-03-28T07:54:27.000Z","volume":900,"label":" ","price":12.92},{"type":"B","date":"2018-03-28T07:54:58.000Z","volume":1200,"label":" ","price":12.9},{"type":"B","date":"2018-03-28T07:56:07.000Z","volume":2700,"label":" ","price":12.88},{"type":"A","date":"2018-03-28T07:56:10.000Z","volume":300,"label":" ","price":12.9},{"type":"A","date":"2018-03-28T07:58:10.000Z","volume":900,"label":" ","price":12.9},{"type":"B","date":"2018-03-28T07:58:10.000Z","volume":300,"label":" ","price":12.9},{"type":"B","date":"2018-03-28T07:58:26.000Z","volume":3000,"label":" ","price":12.9},{"type":"A","date":"2018-03-28T07:58:44.000Z","volume":2700,"label":" ","price":12.92},{"type":"B","date":"2018-03-28T07:59:00.000Z","volume":300,"label":" ","price":12.9},{"type":"A","date":"2018-03-28T07:59:01.000Z","volume":300,"label":" ","price":12.92},{"type":"B","date":"2018-03-28T07:59:01.000Z","volume":600,"label":" ","price":12.9},{"type":"B","date":"2018-03-28T07:59:03.000Z","volume":2700,"label":" ","price":12.9},{"type":"A","date":"2018-03-28T07:59:20.000Z","volume":2100,"label":" ","price":12.9},{"type":"A","date":"2018-03-28T07:59:37.000Z","volume":3300,"label":" ","price":12.9},{"type":"A","date":"2018-03-28T07:59:42.000Z","volume":3300,"label":" ","price":12.92},{"type":"U","date":"2018-03-28T08:08:42.000Z","volume":300,"label":"U","price":12.8}]