[{"type":"U","date":"2018-03-27T01:20:00.000Z","volume":100000,"label":"U","price":2.55},{"type":"A","date":"2018-03-27T01:30:07.000Z","volume":28000,"label":" ","price":2.55},{"type":"A","date":"2018-03-27T01:36:29.000Z","volume":4000,"label":"Y","price":2.55},{"type":"A","date":"2018-03-27T01:36:29.000Z","volume":6000,"label":" ","price":2.55},{"type":"B","date":"2018-03-27T01:36:40.000Z","volume":10000,"label":" ","price":2.51},{"type":"B","date":"2018-03-27T01:40:20.000Z","volume":20000,"label":" ","price":2.51},{"type":"A","date":"2018-03-27T01:47:15.000Z","volume":12000,"label":" ","price":2.54},{"type":"A","date":"2018-03-27T01:47:39.000Z","volume":22000,"label":"Y","price":2.55},{"type":"A","date":"2018-03-27T01:47:39.000Z","volume":36000,"label":" ","price":2.55},{"type":"A","date":"2018-03-27T01:47:57.000Z","volume":8000,"label":" ","price":2.55},{"type":"A","date":"2018-03-27T01:47:57.000Z","volume":2000,"label":" ","price":2.55},{"type":"A","date":"2018-03-27T01:48:09.000Z","volume":20000,"label":" ","price":2.56},{"type":"A","date":"2018-03-27T01:52:57.000Z","volume":60000,"label":" ","price":2.56},{"type":"B","date":"2018-03-27T01:54:56.000Z","volume":10000,"label":" ","price":2.54},{"type":"B","date":"2018-03-27T01:58:36.000Z","volume":70000,"label":" ","price":2.51},{"type":"B","date":"2018-03-27T02:00:40.000Z","volume":18000,"label":" ","price":2.51},{"type":"A","date":"2018-03-27T02:00:40.000Z","volume":30000,"label":" ","price":2.51},{"type":"A","date":"2018-03-27T02:00:46.000Z","volume":30000,"label":" ","price":2.51},{"type":"A","date":"2018-03-27T02:00:46.000Z","volume":48000,"label":" ","price":2.51},{"type":"B","date":"2018-03-27T02:04:08.000Z","volume":28000,"label":" ","price":2.51},{"type":"A","date":"2018-03-27T02:09:43.000Z","volume":30000,"label":"Y","price":2.54},{"type":"A","date":"2018-03-27T02:10:52.000Z","volume":60000,"label":" ","price":2.54},{"type":"A","date":"2018-03-27T02:17:45.000Z","volume":10000,"label":" ","price":2.54},{"type":"B","date":"2018-03-27T02:23:21.000Z","volume":40000,"label":" ","price":2.52},{"type":"B","date":"2018-03-27T02:23:21.000Z","volume":4000,"label":" ","price":2.52},{"type":"B","date":"2018-03-27T02:39:17.000Z","volume":2000,"label":" ","price":2.51},{"type":"U","date":"2018-03-27T02:46:57.000Z","volume":20000,"label":" ","price":2.52},{"type":"U","date":"2018-03-27T02:47:28.000Z","volume":10000,"label":" ","price":2.52},{"type":"A","date":"2018-03-27T02:55:31.000Z","volume":10000,"label":" ","price":2.52},{"type":"A","date":"2018-03-27T02:59:37.000Z","volume":20000,"label":" ","price":2.52},{"type":"A","date":"2018-03-27T03:00:48.000Z","volume":20000,"label":" ","price":2.53},{"type":"A","date":"2018-03-27T03:01:00.000Z","volume":4000,"label":" ","price":2.53},{"type":"U","date":"2018-03-27T03:02:22.000Z","volume":8000,"label":" ","price":2.53},{"type":"B","date":"2018-03-27T03:05:10.000Z","volume":12000,"label":" ","price":2.53},{"type":"A","date":"2018-03-27T03:06:31.000Z","volume":42000,"label":" ","price":2.54},{"type":"A","date":"2018-03-27T03:10:44.000Z","volume":10000,"label":" ","price":2.53},{"type":"A","date":"2018-03-27T03:13:39.000Z","volume":8000,"label":" ","price":2.53},{"type":"A","date":"2018-03-27T03:19:04.000Z","volume":2000,"label":" ","price":2.54},{"type":"A","date":"2018-03-27T03:22:07.000Z","volume":4000,"label":"Y","price":2.54},{"type":"A","date":"2018-03-27T03:24:21.000Z","volume":20000,"label":" ","price":2.54},{"type":"B","date":"2018-03-27T03:26:52.000Z","volume":20000,"label":" ","price":2.53},{"type":"A","date":"2018-03-27T03:42:21.000Z","volume":50000,"label":" ","price":2.54},{"type":"A","date":"2018-03-27T03:42:25.000Z","volume":2000,"label":" ","price":2.54},{"type":"A","date":"2018-03-27T03:42:54.000Z","volume":10000,"label":" ","price":2.54},{"type":"A","date":"2018-03-27T03:51:05.000Z","volume":60000,"label":" ","price":2.55},{"type":"A","date":"2018-03-27T03:51:10.000Z","volume":6000,"label":" ","price":2.55},{"type":"A","date":"2018-03-27T03:51:10.000Z","volume":4000,"label":" ","price":2.55},{"type":"A","date":"2018-03-27T03:51:10.000Z","volume":6000,"label":" ","price":2.55},{"type":"A","date":"2018-03-27T03:51:50.000Z","volume":92000,"label":" ","price":2.56},{"type":"A","date":"2018-03-27T03:51:50.000Z","volume":8000,"label":" ","price":2.57},{"type":"A","date":"2018-03-27T03:54:09.000Z","volume":50000,"label":" ","price":2.57},{"type":"A","date":"2018-03-27T03:54:17.000Z","volume":20000,"label":" ","price":2.57},{"type":"A","date":"2018-03-27T03:54:20.000Z","volume":30000,"label":" ","price":2.57},{"type":"A","date":"2018-03-27T03:54:23.000Z","volume":10000,"label":" ","price":2.57},{"type":"A","date":"2018-03-27T03:54:26.000Z","volume":20000,"label":" ","price":2.57},{"type":"A","date":"2018-03-27T03:57:07.000Z","volume":6000,"label":" ","price":2.57},{"type":"A","date":"2018-03-27T03:57:07.000Z","volume":18000,"label":" ","price":2.57},{"type":"A","date":"2018-03-27T03:57:44.000Z","volume":160000,"label":" ","price":2.58},{"type":"A","date":"2018-03-27T05:00:25.000Z","volume":10000,"label":"Y","price":2.58},{"type":"A","date":"2018-03-27T05:00:25.000Z","volume":40000,"label":" ","price":2.58},{"type":"A","date":"2018-03-27T05:08:12.000Z","volume":40000,"label":" ","price":2.58},{"type":"A","date":"2018-03-27T05:08:44.000Z","volume":40000,"label":" ","price":2.58},{"type":"A","date":"2018-03-27T05:09:17.000Z","volume":8000,"label":" ","price":2.58},{"type":"A","date":"2018-03-27T05:09:48.000Z","volume":30000,"label":" ","price":2.58},{"type":"A","date":"2018-03-27T05:09:48.000Z","volume":2000,"label":" ","price":2.58},{"type":"B","date":"2018-03-27T05:11:59.000Z","volume":2000,"label":" ","price":2.58},{"type":"B","date":"2018-03-27T05:14:35.000Z","volume":2000,"label":" ","price":2.58},{"type":"B","date":"2018-03-27T05:16:12.000Z","volume":4000,"label":" ","price":2.58},{"type":"B","date":"2018-03-27T05:24:45.000Z","volume":10000,"label":" ","price":2.58},{"type":"B","date":"2018-03-27T05:25:33.000Z","volume":4000,"label":" ","price":2.58},{"type":"A","date":"2018-03-27T05:26:09.000Z","volume":2000,"label":" ","price":2.59},{"type":"B","date":"2018-03-27T05:26:18.000Z","volume":4000,"label":" ","price":2.58},{"type":"B","date":"2018-03-27T05:30:44.000Z","volume":2000,"label":" ","price":2.58},{"type":"B","date":"2018-03-27T05:32:28.000Z","volume":4000,"label":" ","price":2.58},{"type":"B","date":"2018-03-27T05:34:08.000Z","volume":6000,"label":" ","price":2.58},{"type":"A","date":"2018-03-27T05:36:59.000Z","volume":100000,"label":" ","price":2.59},{"type":"A","date":"2018-03-27T05:37:00.000Z","volume":16000,"label":" ","price":2.59},{"type":"A","date":"2018-03-27T05:37:05.000Z","volume":20000,"label":" ","price":2.59},{"type":"A","date":"2018-03-27T05:37:16.000Z","volume":40000,"label":" ","price":2.59},{"type":"A","date":"2018-03-27T05:37:33.000Z","volume":22000,"label":" ","price":2.59},{"type":"B","date":"2018-03-27T05:38:32.000Z","volume":10000,"label":" ","price":2.59},{"type":"B","date":"2018-03-27T05:39:01.000Z","volume":10000,"label":" ","price":2.59},{"type":"A","date":"2018-03-27T05:40:39.000Z","volume":10000,"label":" ","price":2.59},{"type":"B","date":"2018-03-27T05:47:16.000Z","volume":10000,"label":" ","price":2.59},{"type":"B","date":"2018-03-27T05:50:15.000Z","volume":10000,"label":" ","price":2.59},{"type":"B","date":"2018-03-27T05:51:47.000Z","volume":10000,"label":" ","price":2.59},{"type":"A","date":"2018-03-27T05:51:54.000Z","volume":10000,"label":" ","price":2.59},{"type":"B","date":"2018-03-27T05:52:02.000Z","volume":10000,"label":" ","price":2.59},{"type":"A","date":"2018-03-27T05:52:08.000Z","volume":10000,"label":" ","price":2.59},{"type":"B","date":"2018-03-27T05:53:21.000Z","volume":10000,"label":" ","price":2.59},{"type":"A","date":"2018-03-27T05:53:28.000Z","volume":4000,"label":" ","price":2.59},{"type":"A","date":"2018-03-27T05:53:32.000Z","volume":4000,"label":" ","price":2.59},{"type":"A","date":"2018-03-27T05:53:51.000Z","volume":2000,"label":" ","price":2.59},{"type":"A","date":"2018-03-27T05:54:31.000Z","volume":2000,"label":" ","price":2.59},{"type":"A","date":"2018-03-27T05:54:35.000Z","volume":10000,"label":" ","price":2.59},{"type":"A","date":"2018-03-27T05:54:41.000Z","volume":6000,"label":" ","price":2.59},{"type":"A","date":"2018-03-27T05:55:27.000Z","volume":2000,"label":" ","price":2.59},{"type":"B","date":"2018-03-27T05:57:55.000Z","volume":20000,"label":" ","price":2.59},{"type":"B","date":"2018-03-27T06:04:02.000Z","volume":20000,"label":" ","price":2.59},{"type":"B","date":"2018-03-27T06:05:43.000Z","volume":20000,"label":" ","price":2.59},{"type":"A","date":"2018-03-27T06:10:23.000Z","volume":200000,"label":" ","price":2.6},{"type":"A","date":"2018-03-27T06:10:34.000Z","volume":50000,"label":" ","price":2.6},{"type":"A","date":"2018-03-27T06:10:34.000Z","volume":16000,"label":" ","price":2.6},{"type":"A","date":"2018-03-27T06:10:36.000Z","volume":56000,"label":" ","price":2.6},{"type":"A","date":"2018-03-27T06:12:06.000Z","volume":20000,"label":"Y","price":2.61},{"type":"A","date":"2018-03-27T06:12:06.000Z","volume":74000,"label":" ","price":2.61},{"type":"B","date":"2018-03-27T06:12:17.000Z","volume":10000,"label":" ","price":2.61},{"type":"A","date":"2018-03-27T06:13:22.000Z","volume":38000,"label":" ","price":2.62},{"type":"A","date":"2018-03-27T06:13:33.000Z","volume":78000,"label":" ","price":2.62},{"type":"A","date":"2018-03-27T06:13:38.000Z","volume":8000,"label":" ","price":2.62},{"type":"A","date":"2018-03-27T06:13:45.000Z","volume":10000,"label":" ","price":2.62},{"type":"A","date":"2018-03-27T06:13:59.000Z","volume":20000,"label":" ","price":2.63},{"type":"A","date":"2018-03-27T06:14:00.000Z","volume":12000,"label":" ","price":2.63},{"type":"A","date":"2018-03-27T06:14:10.000Z","volume":170000,"label":" ","price":2.63},{"type":"A","date":"2018-03-27T06:14:10.000Z","volume":12000,"label":" ","price":2.63},{"type":"B","date":"2018-03-27T06:14:29.000Z","volume":2000,"label":" ","price":2.63},{"type":"A","date":"2018-03-27T06:14:34.000Z","volume":276000,"label":" ","price":2.64},{"type":"A","date":"2018-03-27T06:14:37.000Z","volume":40000,"label":" ","price":2.65},{"type":"A","date":"2018-03-27T06:14:38.000Z","volume":10000,"label":" ","price":2.65},{"type":"A","date":"2018-03-27T06:14:38.000Z","volume":100000,"label":" ","price":2.65},{"type":"A","date":"2018-03-27T06:14:38.000Z","volume":32000,"label":" ","price":2.65},{"type":"A","date":"2018-03-27T06:14:41.000Z","volume":30000,"label":" ","price":2.66},{"type":"A","date":"2018-03-27T06:14:45.000Z","volume":20000,"label":" ","price":2.66},{"type":"A","date":"2018-03-27T06:14:46.000Z","volume":4000,"label":" ","price":2.66},{"type":"B","date":"2018-03-27T06:15:02.000Z","volume":2000,"label":" ","price":2.65},{"type":"A","date":"2018-03-27T06:15:15.000Z","volume":18000,"label":" ","price":2.66},{"type":"A","date":"2018-03-27T06:15:19.000Z","volume":78000,"label":" ","price":2.66},{"type":"A","date":"2018-03-27T06:15:30.000Z","volume":98000,"label":" ","price":2.67},{"type":"A","date":"2018-03-27T06:15:30.000Z","volume":32000,"label":" ","price":2.67},{"type":"A","date":"2018-03-27T06:15:31.000Z","volume":8000,"label":" ","price":2.67},{"type":"B","date":"2018-03-27T06:15:35.000Z","volume":10000,"label":" ","price":2.67},{"type":"B","date":"2018-03-27T06:15:37.000Z","volume":16000,"label":" ","price":2.67},{"type":"A","date":"2018-03-27T06:15:44.000Z","volume":14000,"label":" ","price":2.68},{"type":"A","date":"2018-03-27T06:15:45.000Z","volume":20000,"label":" ","price":2.68},{"type":"A","date":"2018-03-27T06:15:55.000Z","volume":20000,"label":" ","price":2.68},{"type":"B","date":"2018-03-27T06:15:55.000Z","volume":10000,"label":" ","price":2.67},{"type":"B","date":"2018-03-27T06:16:22.000Z","volume":28000,"label":" ","price":2.67},{"type":"A","date":"2018-03-27T06:16:31.000Z","volume":28000,"label":"Y","price":2.67},{"type":"A","date":"2018-03-27T06:16:31.000Z","volume":2000,"label":" ","price":2.67},{"type":"B","date":"2018-03-27T06:16:47.000Z","volume":4000,"label":" ","price":2.66},{"type":"A","date":"2018-03-27T06:16:57.000Z","volume":30000,"label":" ","price":2.68},{"type":"A","date":"2018-03-27T06:17:02.000Z","volume":20000,"label":" ","price":2.67},{"type":"A","date":"2018-03-27T06:17:24.000Z","volume":10000,"label":" ","price":2.67},{"type":"A","date":"2018-03-27T06:18:44.000Z","volume":20000,"label":" ","price":2.67},{"type":"A","date":"2018-03-27T06:18:45.000Z","volume":6000,"label":" ","price":2.67},{"type":"A","date":"2018-03-27T06:20:04.000Z","volume":114000,"label":" ","price":2.68},{"type":"A","date":"2018-03-27T06:21:26.000Z","volume":14000,"label":" ","price":2.69},{"type":"A","date":"2018-03-27T06:21:47.000Z","volume":146000,"label":" ","price":2.69},{"type":"A","date":"2018-03-27T06:21:47.000Z","volume":4000,"label":" ","price":2.7},{"type":"A","date":"2018-03-27T06:21:51.000Z","volume":10000,"label":" ","price":2.7},{"type":"A","date":"2018-03-27T06:22:03.000Z","volume":12000,"label":" ","price":2.7},{"type":"A","date":"2018-03-27T06:22:15.000Z","volume":10000,"label":" ","price":2.7},{"type":"A","date":"2018-03-27T06:22:39.000Z","volume":10000,"label":" ","price":2.7},{"type":"A","date":"2018-03-27T06:22:39.000Z","volume":150000,"label":" ","price":2.7},{"type":"A","date":"2018-03-27T06:22:56.000Z","volume":48000,"label":" ","price":2.7},{"type":"A","date":"2018-03-27T06:23:19.000Z","volume":44000,"label":" ","price":2.7},{"type":"A","date":"2018-03-27T06:23:21.000Z","volume":30000,"label":" ","price":2.7},{"type":"A","date":"2018-03-27T06:23:29.000Z","volume":200000,"label":" ","price":2.7},{"type":"A","date":"2018-03-27T06:23:41.000Z","volume":10000,"label":" ","price":2.7},{"type":"B","date":"2018-03-27T06:23:44.000Z","volume":76000,"label":" ","price":2.68},{"type":"A","date":"2018-03-27T06:23:45.000Z","volume":18000,"label":" ","price":2.68},{"type":"A","date":"2018-03-27T06:23:50.000Z","volume":6000,"label":" ","price":2.68},{"type":"A","date":"2018-03-27T06:24:44.000Z","volume":10000,"label":" ","price":2.69},{"type":"A","date":"2018-03-27T06:25:06.000Z","volume":10000,"label":" ","price":2.68},{"type":"A","date":"2018-03-27T06:25:12.000Z","volume":10000,"label":" ","price":2.68},{"type":"A","date":"2018-03-27T06:25:18.000Z","volume":20000,"label":" ","price":2.68},{"type":"A","date":"2018-03-27T06:25:18.000Z","volume":8000,"label":" ","price":2.68},{"type":"A","date":"2018-03-27T06:27:52.000Z","volume":2000,"label":" ","price":2.68},{"type":"B","date":"2018-03-27T06:28:15.000Z","volume":30000,"label":" ","price":2.67},{"type":"B","date":"2018-03-27T06:28:19.000Z","volume":8000,"label":" ","price":2.67},{"type":"B","date":"2018-03-27T06:30:19.000Z","volume":30000,"label":" ","price":2.66},{"type":"B","date":"2018-03-27T06:32:34.000Z","volume":20000,"label":" ","price":2.66},{"type":"A","date":"2018-03-27T06:33:05.000Z","volume":14000,"label":" ","price":2.67},{"type":"A","date":"2018-03-27T06:33:05.000Z","volume":164000,"label":" ","price":2.68},{"type":"B","date":"2018-03-27T06:33:08.000Z","volume":22000,"label":" ","price":2.68},{"type":"A","date":"2018-03-27T06:33:15.000Z","volume":18000,"label":" ","price":2.68},{"type":"A","date":"2018-03-27T06:33:18.000Z","volume":10000,"label":" ","price":2.68},{"type":"A","date":"2018-03-27T06:35:16.000Z","volume":20000,"label":" ","price":2.68},{"type":"A","date":"2018-03-27T06:35:44.000Z","volume":20000,"label":" ","price":2.68},{"type":"A","date":"2018-03-27T06:35:47.000Z","volume":20000,"label":"Y","price":2.69},{"type":"A","date":"2018-03-27T06:35:47.000Z","volume":80000,"label":" ","price":2.69},{"type":"A","date":"2018-03-27T06:37:06.000Z","volume":90000,"label":" ","price":2.69},{"type":"A","date":"2018-03-27T06:37:11.000Z","volume":150000,"label":" ","price":2.7},{"type":"A","date":"2018-03-27T06:37:16.000Z","volume":12000,"label":" ","price":2.7},{"type":"A","date":"2018-03-27T06:37:30.000Z","volume":6000,"label":" ","price":2.7},{"type":"A","date":"2018-03-27T06:37:45.000Z","volume":80000,"label":" ","price":2.7},{"type":"A","date":"2018-03-27T06:38:07.000Z","volume":4000,"label":" ","price":2.7},{"type":"A","date":"2018-03-27T06:38:09.000Z","volume":8000,"label":"Y","price":2.7},{"type":"A","date":"2018-03-27T06:38:09.000Z","volume":4000,"label":" ","price":2.7},{"type":"A","date":"2018-03-27T06:38:09.000Z","volume":6000,"label":" ","price":2.7},{"type":"B","date":"2018-03-27T06:38:20.000Z","volume":24000,"label":" ","price":2.7},{"type":"B","date":"2018-03-27T06:38:23.000Z","volume":6000,"label":" ","price":2.7},{"type":"A","date":"2018-03-27T06:38:48.000Z","volume":18000,"label":"Y","price":2.71},{"type":"A","date":"2018-03-27T06:38:48.000Z","volume":6000,"label":" ","price":2.71},{"type":"A","date":"2018-03-27T06:39:03.000Z","volume":4000,"label":" ","price":2.71},{"type":"B","date":"2018-03-27T06:39:10.000Z","volume":32000,"label":" ","price":2.7},{"type":"A","date":"2018-03-27T06:39:12.000Z","volume":18000,"label":" ","price":2.7},{"type":"B","date":"2018-03-27T06:40:03.000Z","volume":10000,"label":" ","price":2.7},{"type":"B","date":"2018-03-27T06:40:24.000Z","volume":10000,"label":" ","price":2.7},{"type":"A","date":"2018-03-27T06:40:37.000Z","volume":8000,"label":" ","price":2.71},{"type":"A","date":"2018-03-27T06:40:50.000Z","volume":100000,"label":" ","price":2.71},{"type":"A","date":"2018-03-27T06:40:50.000Z","volume":14000,"label":" ","price":2.71},{"type":"B","date":"2018-03-27T06:40:53.000Z","volume":10000,"label":" ","price":2.7},{"type":"A","date":"2018-03-27T06:40:55.000Z","volume":10000,"label":" ","price":2.71},{"type":"B","date":"2018-03-27T06:41:21.000Z","volume":40000,"label":" ","price":2.71},{"type":"A","date":"2018-03-27T06:41:23.000Z","volume":6000,"label":" ","price":2.71},{"type":"A","date":"2018-03-27T06:41:29.000Z","volume":14000,"label":" ","price":2.71},{"type":"B","date":"2018-03-27T06:41:44.000Z","volume":14000,"label":" ","price":2.71},{"type":"B","date":"2018-03-27T06:41:53.000Z","volume":10000,"label":" ","price":2.71},{"type":"B","date":"2018-03-27T06:41:53.000Z","volume":50000,"label":" ","price":2.71},{"type":"B","date":"2018-03-27T06:42:11.000Z","volume":10000,"label":" ","price":2.7},{"type":"B","date":"2018-03-27T06:42:14.000Z","volume":20000,"label":" ","price":2.7},{"type":"B","date":"2018-03-27T06:42:14.000Z","volume":14000,"label":" ","price":2.7},{"type":"B","date":"2018-03-27T06:42:17.000Z","volume":10000,"label":" ","price":2.7},{"type":"B","date":"2018-03-27T06:42:22.000Z","volume":8000,"label":" ","price":2.7},{"type":"B","date":"2018-03-27T06:43:22.000Z","volume":34000,"label":" ","price":2.69},{"type":"B","date":"2018-03-27T06:45:10.000Z","volume":12000,"label":" ","price":2.68},{"type":"B","date":"2018-03-27T06:45:15.000Z","volume":2000,"label":" ","price":2.68},{"type":"A","date":"2018-03-27T06:45:22.000Z","volume":10000,"label":" ","price":2.69},{"type":"B","date":"2018-03-27T06:45:26.000Z","volume":6000,"label":" ","price":2.68},{"type":"B","date":"2018-03-27T06:46:10.000Z","volume":2000,"label":" ","price":2.68},{"type":"B","date":"2018-03-27T06:46:10.000Z","volume":8000,"label":" ","price":2.68},{"type":"A","date":"2018-03-27T06:46:33.000Z","volume":4000,"label":" ","price":2.68},{"type":"B","date":"2018-03-27T06:47:19.000Z","volume":10000,"label":" ","price":2.66},{"type":"B","date":"2018-03-27T06:48:03.000Z","volume":94000,"label":" ","price":2.66},{"type":"B","date":"2018-03-27T06:48:03.000Z","volume":106000,"label":" ","price":2.66},{"type":"B","date":"2018-03-27T06:49:09.000Z","volume":4000,"label":" ","price":2.67},{"type":"B","date":"2018-03-27T06:49:09.000Z","volume":6000,"label":" ","price":2.66},{"type":"B","date":"2018-03-27T06:49:59.000Z","volume":10000,"label":" ","price":2.66},{"type":"A","date":"2018-03-27T06:54:08.000Z","volume":2000,"label":" ","price":2.68},{"type":"A","date":"2018-03-27T06:54:50.000Z","volume":4000,"label":" ","price":2.68},{"type":"A","date":"2018-03-27T06:55:18.000Z","volume":20000,"label":" ","price":2.68},{"type":"A","date":"2018-03-27T06:55:40.000Z","volume":2000,"label":" ","price":2.68},{"type":"A","date":"2018-03-27T06:55:44.000Z","volume":4000,"label":" ","price":2.69},{"type":"A","date":"2018-03-27T06:55:56.000Z","volume":96000,"label":" ","price":2.69},{"type":"B","date":"2018-03-27T06:55:56.000Z","volume":4000,"label":" ","price":2.69},{"type":"U","date":"2018-03-27T06:56:26.000Z","volume":12000,"label":" ","price":2.69},{"type":"A","date":"2018-03-27T06:58:57.000Z","volume":20000,"label":" ","price":2.69},{"type":"B","date":"2018-03-27T07:00:40.000Z","volume":4000,"label":" ","price":2.68},{"type":"B","date":"2018-03-27T07:01:47.000Z","volume":10000,"label":" ","price":2.67},{"type":"B","date":"2018-03-27T07:02:31.000Z","volume":20000,"label":" ","price":2.65},{"type":"B","date":"2018-03-27T07:02:31.000Z","volume":20000,"label":" ","price":2.64},{"type":"B","date":"2018-03-27T07:02:31.000Z","volume":20000,"label":" ","price":2.63},{"type":"B","date":"2018-03-27T07:04:08.000Z","volume":12000,"label":" ","price":2.64},{"type":"A","date":"2018-03-27T07:04:14.000Z","volume":2000,"label":" ","price":2.64},{"type":"A","date":"2018-03-27T07:04:14.000Z","volume":8000,"label":" ","price":2.64},{"type":"B","date":"2018-03-27T07:04:17.000Z","volume":2000,"label":"Y","price":2.63},{"type":"B","date":"2018-03-27T07:04:17.000Z","volume":10000,"label":" ","price":2.63},{"type":"B","date":"2018-03-27T07:05:21.000Z","volume":12000,"label":" ","price":2.63},{"type":"A","date":"2018-03-27T07:05:33.000Z","volume":4000,"label":" ","price":2.64},{"type":"A","date":"2018-03-27T07:05:41.000Z","volume":2000,"label":" ","price":2.64},{"type":"A","date":"2018-03-27T07:06:28.000Z","volume":2000,"label":" ","price":2.64},{"type":"A","date":"2018-03-27T07:06:41.000Z","volume":10000,"label":" ","price":2.64},{"type":"B","date":"2018-03-27T07:06:46.000Z","volume":12000,"label":" ","price":2.63},{"type":"B","date":"2018-03-27T07:06:48.000Z","volume":22000,"label":" ","price":2.62},{"type":"A","date":"2018-03-27T07:06:51.000Z","volume":2000,"label":" ","price":2.63},{"type":"A","date":"2018-03-27T07:07:40.000Z","volume":10000,"label":" ","price":2.64},{"type":"A","date":"2018-03-27T07:08:00.000Z","volume":6000,"label":" ","price":2.64},{"type":"A","date":"2018-03-27T07:08:05.000Z","volume":8000,"label":" ","price":2.64},{"type":"B","date":"2018-03-27T07:08:32.000Z","volume":40000,"label":"Y","price":2.64},{"type":"B","date":"2018-03-27T07:08:32.000Z","volume":22000,"label":" ","price":2.64},{"type":"A","date":"2018-03-27T07:08:42.000Z","volume":2000,"label":" ","price":2.64},{"type":"A","date":"2018-03-27T07:09:09.000Z","volume":2000,"label":" ","price":2.64},{"type":"A","date":"2018-03-27T07:09:12.000Z","volume":2000,"label":" ","price":2.64},{"type":"A","date":"2018-03-27T07:09:43.000Z","volume":2000,"label":" ","price":2.64},{"type":"A","date":"2018-03-27T07:10:07.000Z","volume":2000,"label":" ","price":2.65},{"type":"B","date":"2018-03-27T07:12:41.000Z","volume":2000,"label":" ","price":2.64},{"type":"A","date":"2018-03-27T07:12:50.000Z","volume":6000,"label":" ","price":2.64},{"type":"A","date":"2018-03-27T07:15:05.000Z","volume":20000,"label":" ","price":2.64},{"type":"A","date":"2018-03-27T07:15:05.000Z","volume":2000,"label":" ","price":2.64},{"type":"B","date":"2018-03-27T07:16:00.000Z","volume":20000,"label":" ","price":2.64},{"type":"A","date":"2018-03-27T07:16:00.000Z","volume":2000,"label":" ","price":2.64},{"type":"A","date":"2018-03-27T07:18:02.000Z","volume":30000,"label":" ","price":2.64},{"type":"B","date":"2018-03-27T07:18:05.000Z","volume":8000,"label":"Y","price":2.63},{"type":"B","date":"2018-03-27T07:18:05.000Z","volume":62000,"label":" ","price":2.63},{"type":"A","date":"2018-03-27T07:18:18.000Z","volume":2000,"label":" ","price":2.63},{"type":"B","date":"2018-03-27T07:18:24.000Z","volume":20000,"label":" ","price":2.62},{"type":"B","date":"2018-03-27T07:18:28.000Z","volume":4000,"label":" ","price":2.62},{"type":"B","date":"2018-03-27T07:19:12.000Z","volume":20000,"label":" ","price":2.61},{"type":"B","date":"2018-03-27T07:19:25.000Z","volume":40000,"label":" ","price":2.61},{"type":"B","date":"2018-03-27T07:19:25.000Z","volume":60000,"label":" ","price":2.6},{"type":"A","date":"2018-03-27T07:20:01.000Z","volume":10000,"label":" ","price":2.61},{"type":"A","date":"2018-03-27T07:22:09.000Z","volume":14000,"label":" ","price":2.62},{"type":"B","date":"2018-03-27T07:22:11.000Z","volume":2000,"label":" ","price":2.62},{"type":"B","date":"2018-03-27T07:25:19.000Z","volume":4000,"label":"Y","price":2.62},{"type":"B","date":"2018-03-27T07:25:19.000Z","volume":6000,"label":" ","price":2.62},{"type":"B","date":"2018-03-27T07:25:37.000Z","volume":20000,"label":" ","price":2.61},{"type":"B","date":"2018-03-27T07:27:03.000Z","volume":2000,"label":" ","price":2.61},{"type":"A","date":"2018-03-27T07:27:22.000Z","volume":2000,"label":" ","price":2.62},{"type":"B","date":"2018-03-27T07:27:43.000Z","volume":32000,"label":" ","price":2.61},{"type":"B","date":"2018-03-27T07:28:29.000Z","volume":20000,"label":" ","price":2.61},{"type":"B","date":"2018-03-27T07:28:40.000Z","volume":20000,"label":" ","price":2.61},{"type":"B","date":"2018-03-27T07:28:54.000Z","volume":2000,"label":"Y","price":2.61},{"type":"B","date":"2018-03-27T07:30:15.000Z","volume":20000,"label":"Y","price":2.61},{"type":"A","date":"2018-03-27T07:30:21.000Z","volume":4000,"label":" ","price":2.61},{"type":"B","date":"2018-03-27T07:31:20.000Z","volume":6000,"label":" ","price":2.62},{"type":"B","date":"2018-03-27T07:31:20.000Z","volume":14000,"label":" ","price":2.61},{"type":"B","date":"2018-03-27T07:31:26.000Z","volume":16000,"label":" ","price":2.61},{"type":"A","date":"2018-03-27T07:31:39.000Z","volume":4000,"label":" ","price":2.61},{"type":"B","date":"2018-03-27T07:33:45.000Z","volume":28000,"label":" ","price":2.61},{"type":"B","date":"2018-03-27T07:33:45.000Z","volume":232000,"label":" ","price":2.6},{"type":"B","date":"2018-03-27T07:33:57.000Z","volume":20000,"label":" ","price":2.59},{"type":"A","date":"2018-03-27T07:33:58.000Z","volume":40000,"label":" ","price":2.6},{"type":"B","date":"2018-03-27T07:35:36.000Z","volume":40000,"label":" ","price":2.59},{"type":"A","date":"2018-03-27T07:35:36.000Z","volume":10000,"label":" ","price":2.59},{"type":"A","date":"2018-03-27T07:35:36.000Z","volume":80000,"label":" ","price":2.6},{"type":"B","date":"2018-03-27T07:35:42.000Z","volume":20000,"label":" ","price":2.58},{"type":"B","date":"2018-03-27T07:36:49.000Z","volume":10000,"label":" ","price":2.58},{"type":"B","date":"2018-03-27T07:41:17.000Z","volume":12000,"label":" ","price":2.58},{"type":"B","date":"2018-03-27T07:41:52.000Z","volume":26000,"label":" ","price":2.58},{"type":"B","date":"2018-03-27T07:42:06.000Z","volume":6000,"label":"Y","price":2.58},{"type":"B","date":"2018-03-27T07:42:06.000Z","volume":42000,"label":" ","price":2.58},{"type":"A","date":"2018-03-27T07:42:11.000Z","volume":2000,"label":" ","price":2.58},{"type":"B","date":"2018-03-27T07:42:11.000Z","volume":20000,"label":" ","price":2.57},{"type":"A","date":"2018-03-27T07:42:59.000Z","volume":8000,"label":" ","price":2.58},{"type":"A","date":"2018-03-27T07:47:59.000Z","volume":2000,"label":" ","price":2.6},{"type":"A","date":"2018-03-27T07:48:51.000Z","volume":2000,"label":" ","price":2.6},{"type":"A","date":"2018-03-27T07:49:45.000Z","volume":80000,"label":" ","price":2.6},{"type":"A","date":"2018-03-27T07:49:45.000Z","volume":60000,"label":" ","price":2.6},{"type":"A","date":"2018-03-27T07:49:57.000Z","volume":26000,"label":" ","price":2.6},{"type":"A","date":"2018-03-27T07:52:28.000Z","volume":6000,"label":" ","price":2.61},{"type":"A","date":"2018-03-27T07:52:39.000Z","volume":2000,"label":" ","price":2.61},{"type":"A","date":"2018-03-27T07:53:03.000Z","volume":2000,"label":" ","price":2.61},{"type":"A","date":"2018-03-27T07:53:05.000Z","volume":10000,"label":" ","price":2.61},{"type":"A","date":"2018-03-27T07:54:25.000Z","volume":4000,"label":" ","price":2.61},{"type":"A","date":"2018-03-27T07:54:40.000Z","volume":6000,"label":" ","price":2.61},{"type":"A","date":"2018-03-27T07:54:44.000Z","volume":10000,"label":" ","price":2.61},{"type":"A","date":"2018-03-27T07:55:35.000Z","volume":8000,"label":" ","price":2.61},{"type":"A","date":"2018-03-27T07:56:38.000Z","volume":2000,"label":" ","price":2.61},{"type":"B","date":"2018-03-27T07:57:15.000Z","volume":6000,"label":" ","price":2.61},{"type":"B","date":"2018-03-27T07:57:22.000Z","volume":40000,"label":" ","price":2.6},{"type":"B","date":"2018-03-27T07:58:14.000Z","volume":8000,"label":" ","price":2.59},{"type":"B","date":"2018-03-27T07:58:14.000Z","volume":42000,"label":" ","price":2.58},{"type":"B","date":"2018-03-27T07:58:34.000Z","volume":6000,"label":"Y","price":2.6},{"type":"B","date":"2018-03-27T07:58:44.000Z","volume":8000,"label":" ","price":2.58},{"type":"B","date":"2018-03-27T07:58:44.000Z","volume":22000,"label":" ","price":2.57},{"type":"A","date":"2018-03-27T07:59:03.000Z","volume":2000,"label":" ","price":2.6},{"type":"B","date":"2018-03-27T07:59:04.000Z","volume":2000,"label":" ","price":2.59},{"type":"B","date":"2018-03-27T07:59:04.000Z","volume":28000,"label":" ","price":2.57},{"type":"A","date":"2018-03-27T07:59:11.000Z","volume":2000,"label":" ","price":2.6}]