[{"type":"A","date":"2018-04-30T03:10:35.000Z","volume":50000,"label":" ","price":1.22},{"type":"B","date":"2018-04-30T03:10:35.000Z","volume":4000,"label":" ","price":1.21},{"type":"B","date":"2018-04-30T03:10:38.000Z","volume":12000,"label":" ","price":1.21},{"type":"A","date":"2018-04-30T03:26:13.000Z","volume":1000,"label":" ","price":1.22},{"type":"A","date":"2018-04-30T03:27:08.000Z","volume":5000,"label":" ","price":1.22},{"type":"B","date":"2018-04-30T03:27:17.000Z","volume":1000,"label":" ","price":1.21},{"type":"A","date":"2018-04-30T03:59:06.000Z","volume":6000,"label":" ","price":1.22},{"type":"A","date":"2018-04-30T05:20:50.000Z","volume":50000,"label":" ","price":1.23},{"type":"A","date":"2018-04-30T05:20:50.000Z","volume":25000,"label":" ","price":1.23},{"type":"B","date":"2018-04-30T05:20:50.000Z","volume":7000,"label":" ","price":1.22},{"type":"B","date":"2018-04-30T05:20:50.000Z","volume":1000,"label":" ","price":1.21},{"type":"A","date":"2018-04-30T05:22:25.000Z","volume":8000,"label":" ","price":1.22},{"type":"A","date":"2018-04-30T05:23:22.000Z","volume":50000,"label":" ","price":1.23},{"type":"A","date":"2018-04-30T05:23:22.000Z","volume":12000,"label":" ","price":1.23},{"type":"A","date":"2018-04-30T05:36:47.000Z","volume":1000,"label":" ","price":1.23},{"type":"A","date":"2018-04-30T05:38:38.000Z","volume":2000,"label":" ","price":1.23},{"type":"A","date":"2018-04-30T05:56:58.000Z","volume":12000,"label":" ","price":1.23},{"type":"A","date":"2018-04-30T06:08:51.000Z","volume":27000,"label":" ","price":1.23},{"type":"B","date":"2018-04-30T06:08:51.000Z","volume":2000,"label":" ","price":1.22},{"type":"A","date":"2018-04-30T06:09:31.000Z","volume":10000,"label":" ","price":1.23},{"type":"B","date":"2018-04-30T06:09:32.000Z","volume":2000,"label":" ","price":1.22},{"type":"A","date":"2018-04-30T06:12:41.000Z","volume":30000,"label":" ","price":1.23},{"type":"B","date":"2018-04-30T06:12:42.000Z","volume":2000,"label":" ","price":1.22},{"type":"A","date":"2018-04-30T06:15:31.000Z","volume":30000,"label":" ","price":1.23},{"type":"B","date":"2018-04-30T06:15:32.000Z","volume":4000,"label":" ","price":1.22},{"type":"A","date":"2018-04-30T06:25:55.000Z","volume":30000,"label":" ","price":1.23},{"type":"A","date":"2018-04-30T06:25:55.000Z","volume":9000,"label":" ","price":1.23},{"type":"A","date":"2018-04-30T06:31:23.000Z","volume":29000,"label":" ","price":1.23},{"type":"A","date":"2018-04-30T06:51:23.000Z","volume":9000,"label":" ","price":1.23},{"type":"A","date":"2018-04-30T07:03:41.000Z","volume":9000,"label":" ","price":1.23},{"type":"B","date":"2018-04-30T07:06:47.000Z","volume":1000,"label":" ","price":1.23},{"type":"A","date":"2018-04-30T07:07:03.000Z","volume":1000,"label":" ","price":1.23},{"type":"A","date":"2018-04-30T07:09:31.000Z","volume":7000,"label":" ","price":1.23},{"type":"A","date":"2018-04-30T07:10:05.000Z","volume":2000,"label":" ","price":1.23},{"type":"A","date":"2018-04-30T07:11:08.000Z","volume":1000,"label":" ","price":1.23},{"type":"A","date":"2018-04-30T07:28:45.000Z","volume":2000,"label":" ","price":1.23},{"type":"A","date":"2018-04-30T07:30:53.000Z","volume":6000,"label":" ","price":1.23},{"type":"A","date":"2018-04-30T07:30:53.000Z","volume":22000,"label":" ","price":1.24},{"type":"B","date":"2018-04-30T07:30:54.000Z","volume":15000,"label":" ","price":1.24},{"type":"B","date":"2018-04-30T07:30:55.000Z","volume":18000,"label":" ","price":1.24},{"type":"B","date":"2018-04-30T07:30:55.000Z","volume":1000,"label":" ","price":1.24},{"type":"B","date":"2018-04-30T07:30:56.000Z","volume":4000,"label":" ","price":1.24},{"type":"A","date":"2018-04-30T07:30:59.000Z","volume":3000,"label":" ","price":1.23},{"type":"A","date":"2018-04-30T07:31:43.000Z","volume":17000,"label":" ","price":1.24},{"type":"A","date":"2018-04-30T07:37:37.000Z","volume":40000,"label":" ","price":1.25},{"type":"B","date":"2018-04-30T07:37:37.000Z","volume":3000,"label":" ","price":1.24},{"type":"A","date":"2018-04-30T07:37:39.000Z","volume":25000,"label":" ","price":1.25},{"type":"A","date":"2018-04-30T07:37:51.000Z","volume":1000,"label":" ","price":1.25},{"type":"A","date":"2018-04-30T07:39:04.000Z","volume":28000,"label":" ","price":1.26},{"type":"A","date":"2018-04-30T07:40:41.000Z","volume":10000,"label":" ","price":1.27},{"type":"B","date":"2018-04-30T07:40:44.000Z","volume":2000,"label":" ","price":1.26},{"type":"B","date":"2018-04-30T07:40:44.000Z","volume":1000,"label":" ","price":1.25},{"type":"B","date":"2018-04-30T07:40:47.000Z","volume":2000,"label":" ","price":1.25},{"type":"B","date":"2018-04-30T07:43:57.000Z","volume":26000,"label":" ","price":1.25},{"type":"B","date":"2018-04-30T07:43:58.000Z","volume":7000,"label":" ","price":1.24},{"type":"B","date":"2018-04-30T07:45:29.000Z","volume":75000,"label":" ","price":1.24},{"type":"B","date":"2018-04-30T07:45:30.000Z","volume":6000,"label":" ","price":1.24},{"type":"B","date":"2018-04-30T07:45:30.000Z","volume":1000,"label":" ","price":1.23},{"type":"B","date":"2018-04-30T07:45:30.000Z","volume":2000,"label":" ","price":1.22},{"type":"A","date":"2018-04-30T07:48:13.000Z","volume":30000,"label":" ","price":1.25},{"type":"B","date":"2018-04-30T07:51:32.000Z","volume":1000,"label":" ","price":1.23},{"type":"A","date":"2018-04-30T07:51:44.000Z","volume":2000,"label":" ","price":1.24}]