[{"type":"U","date":"2018-03-21T01:20:00.000Z","volume":188000,"label":"U","price":1.91},{"type":"B","date":"2018-03-21T01:30:23.000Z","volume":186000,"label":" ","price":1.9},{"type":"B","date":"2018-03-21T01:30:23.000Z","volume":4000,"label":" ","price":1.89},{"type":"B","date":"2018-03-21T01:30:24.000Z","volume":10000,"label":" ","price":1.89},{"type":"A","date":"2018-03-21T01:30:55.000Z","volume":34000,"label":" ","price":1.9},{"type":"B","date":"2018-03-21T01:31:09.000Z","volume":226000,"label":" ","price":1.89},{"type":"B","date":"2018-03-21T01:31:09.000Z","volume":6000,"label":" ","price":1.88},{"type":"A","date":"2018-03-21T01:31:09.000Z","volume":8000,"label":" ","price":1.89},{"type":"B","date":"2018-03-21T01:31:12.000Z","volume":14000,"label":" ","price":1.88},{"type":"B","date":"2018-03-21T01:31:21.000Z","volume":2000,"label":" ","price":1.88},{"type":"A","date":"2018-03-21T01:31:44.000Z","volume":50000,"label":" ","price":1.89},{"type":"B","date":"2018-03-21T01:31:46.000Z","volume":2000,"label":" ","price":1.88},{"type":"A","date":"2018-03-21T01:32:20.000Z","volume":30000,"label":" ","price":1.89},{"type":"B","date":"2018-03-21T01:32:23.000Z","volume":2000,"label":" ","price":1.88},{"type":"A","date":"2018-03-21T01:32:30.000Z","volume":30000,"label":" ","price":1.89},{"type":"B","date":"2018-03-21T01:32:30.000Z","volume":4000,"label":" ","price":1.88},{"type":"B","date":"2018-03-21T01:32:30.000Z","volume":2000,"label":" ","price":1.88},{"type":"A","date":"2018-03-21T01:33:58.000Z","volume":10000,"label":" ","price":1.89},{"type":"A","date":"2018-03-21T01:34:37.000Z","volume":20000,"label":" ","price":1.89},{"type":"B","date":"2018-03-21T01:34:39.000Z","volume":2000,"label":" ","price":1.88},{"type":"A","date":"2018-03-21T01:35:40.000Z","volume":60000,"label":" ","price":1.89},{"type":"B","date":"2018-03-21T01:35:40.000Z","volume":2000,"label":" ","price":1.88},{"type":"A","date":"2018-03-21T01:35:50.000Z","volume":50000,"label":" ","price":1.89},{"type":"A","date":"2018-03-21T01:37:15.000Z","volume":8000,"label":" ","price":1.9},{"type":"B","date":"2018-03-21T01:38:09.000Z","volume":2000,"label":" ","price":1.89},{"type":"B","date":"2018-03-21T01:38:09.000Z","volume":2000,"label":" ","price":1.89},{"type":"U","date":"2018-03-21T01:38:53.000Z","volume":2000,"label":" ","price":1.89},{"type":"B","date":"2018-03-21T01:38:53.000Z","volume":8000,"label":" ","price":1.89},{"type":"B","date":"2018-03-21T01:39:46.000Z","volume":90000,"label":" ","price":1.89},{"type":"A","date":"2018-03-21T01:39:49.000Z","volume":20000,"label":" ","price":1.89},{"type":"A","date":"2018-03-21T01:39:50.000Z","volume":8000,"label":"Y","price":1.89},{"type":"B","date":"2018-03-21T01:44:21.000Z","volume":40000,"label":" ","price":1.88},{"type":"B","date":"2018-03-21T01:46:16.000Z","volume":2000,"label":" ","price":1.89},{"type":"B","date":"2018-03-21T01:50:58.000Z","volume":4000,"label":" ","price":1.89},{"type":"B","date":"2018-03-21T01:52:41.000Z","volume":12000,"label":" ","price":1.89},{"type":"B","date":"2018-03-21T01:52:49.000Z","volume":20000,"label":" ","price":1.89},{"type":"B","date":"2018-03-21T01:52:55.000Z","volume":2000,"label":" ","price":1.89},{"type":"B","date":"2018-03-21T01:53:02.000Z","volume":6000,"label":" ","price":1.89},{"type":"B","date":"2018-03-21T01:58:31.000Z","volume":16000,"label":" ","price":1.89},{"type":"B","date":"2018-03-21T01:58:34.000Z","volume":2000,"label":" ","price":1.89},{"type":"B","date":"2018-03-21T02:05:11.000Z","volume":4000,"label":" ","price":1.89},{"type":"B","date":"2018-03-21T02:07:16.000Z","volume":298000,"label":" ","price":1.89},{"type":"B","date":"2018-03-21T02:07:16.000Z","volume":18000,"label":" ","price":1.89},{"type":"B","date":"2018-03-21T02:07:16.000Z","volume":4000,"label":" ","price":1.89},{"type":"B","date":"2018-03-21T02:14:37.000Z","volume":36000,"label":" ","price":1.89},{"type":"A","date":"2018-03-21T02:17:44.000Z","volume":30000,"label":" ","price":1.9},{"type":"A","date":"2018-03-21T02:24:14.000Z","volume":10000,"label":" ","price":1.9},{"type":"A","date":"2018-03-21T02:34:03.000Z","volume":18000,"label":" ","price":1.9},{"type":"A","date":"2018-03-21T02:41:02.000Z","volume":20000,"label":" ","price":1.9},{"type":"A","date":"2018-03-21T02:52:40.000Z","volume":60000,"label":" ","price":1.9},{"type":"A","date":"2018-03-21T02:52:47.000Z","volume":200000,"label":" ","price":1.9},{"type":"A","date":"2018-03-21T02:52:47.000Z","volume":10000,"label":" ","price":1.9},{"type":"B","date":"2018-03-21T02:53:44.000Z","volume":26000,"label":" ","price":1.9},{"type":"B","date":"2018-03-21T02:53:44.000Z","volume":14000,"label":" ","price":1.89},{"type":"B","date":"2018-03-21T02:57:01.000Z","volume":30000,"label":" ","price":1.89},{"type":"A","date":"2018-03-21T03:01:53.000Z","volume":50000,"label":" ","price":1.9},{"type":"A","date":"2018-03-21T03:06:38.000Z","volume":30000,"label":" ","price":1.9},{"type":"A","date":"2018-03-21T03:06:40.000Z","volume":16000,"label":" ","price":1.9},{"type":"A","date":"2018-03-21T03:08:23.000Z","volume":20000,"label":" ","price":1.9},{"type":"A","date":"2018-03-21T03:08:28.000Z","volume":6000,"label":" ","price":1.9},{"type":"B","date":"2018-03-21T03:32:21.000Z","volume":100000,"label":" ","price":1.9},{"type":"B","date":"2018-03-21T03:37:00.000Z","volume":2000,"label":" ","price":1.9},{"type":"B","date":"2018-03-21T03:41:23.000Z","volume":10000,"label":" ","price":1.9},{"type":"B","date":"2018-03-21T05:20:22.000Z","volume":50000,"label":" ","price":1.9},{"type":"B","date":"2018-03-21T05:20:42.000Z","volume":50000,"label":" ","price":1.9},{"type":"B","date":"2018-03-21T05:26:28.000Z","volume":68000,"label":"Y","price":1.9},{"type":"B","date":"2018-03-21T05:26:28.000Z","volume":2000,"label":" ","price":1.9},{"type":"B","date":"2018-03-21T05:27:41.000Z","volume":30000,"label":" ","price":1.9},{"type":"B","date":"2018-03-21T05:28:32.000Z","volume":60000,"label":" ","price":1.9},{"type":"B","date":"2018-03-21T05:34:44.000Z","volume":14000,"label":" ","price":1.9},{"type":"B","date":"2018-03-21T05:36:08.000Z","volume":10000,"label":" ","price":1.9},{"type":"A","date":"2018-03-21T05:41:48.000Z","volume":8000,"label":" ","price":1.91},{"type":"B","date":"2018-03-21T05:46:37.000Z","volume":2000,"label":" ","price":1.9},{"type":"B","date":"2018-03-21T05:47:29.000Z","volume":10000,"label":" ","price":1.9},{"type":"B","date":"2018-03-21T05:47:45.000Z","volume":8000,"label":" ","price":1.9},{"type":"A","date":"2018-03-21T05:49:48.000Z","volume":8000,"label":" ","price":1.91},{"type":"A","date":"2018-03-21T06:03:40.000Z","volume":124000,"label":" ","price":1.91},{"type":"B","date":"2018-03-21T06:12:05.000Z","volume":20000,"label":" ","price":1.9},{"type":"B","date":"2018-03-21T06:14:27.000Z","volume":38000,"label":" ","price":1.9},{"type":"B","date":"2018-03-21T06:15:00.000Z","volume":2000,"label":" ","price":1.9},{"type":"B","date":"2018-03-21T06:16:13.000Z","volume":30000,"label":" ","price":1.9},{"type":"B","date":"2018-03-21T06:16:28.000Z","volume":40000,"label":" ","price":1.9},{"type":"B","date":"2018-03-21T06:17:44.000Z","volume":24000,"label":" ","price":1.9},{"type":"A","date":"2018-03-21T06:17:52.000Z","volume":2000,"label":" ","price":1.9},{"type":"B","date":"2018-03-21T06:21:24.000Z","volume":20000,"label":" ","price":1.89},{"type":"B","date":"2018-03-21T06:33:29.000Z","volume":18000,"label":" ","price":1.89},{"type":"B","date":"2018-03-21T06:34:27.000Z","volume":18000,"label":" ","price":1.89},{"type":"B","date":"2018-03-21T06:35:36.000Z","volume":2000,"label":" ","price":1.89},{"type":"B","date":"2018-03-21T06:35:38.000Z","volume":2000,"label":" ","price":1.89},{"type":"B","date":"2018-03-21T06:35:50.000Z","volume":50000,"label":" ","price":1.89},{"type":"B","date":"2018-03-21T06:36:30.000Z","volume":630000,"label":" ","price":1.89},{"type":"B","date":"2018-03-21T06:36:30.000Z","volume":78000,"label":" ","price":1.89},{"type":"A","date":"2018-03-21T06:38:42.000Z","volume":50000,"label":" ","price":1.89},{"type":"A","date":"2018-03-21T06:38:50.000Z","volume":4000,"label":" ","price":1.89},{"type":"B","date":"2018-03-21T06:39:02.000Z","volume":1032000,"label":" ","price":1.88},{"type":"B","date":"2018-03-21T06:39:02.000Z","volume":398000,"label":" ","price":1.88},{"type":"B","date":"2018-03-21T06:39:02.000Z","volume":38000,"label":" ","price":1.88},{"type":"B","date":"2018-03-21T06:39:12.000Z","volume":4000,"label":" ","price":1.87},{"type":"B","date":"2018-03-21T06:39:20.000Z","volume":36000,"label":" ","price":1.88},{"type":"B","date":"2018-03-21T06:39:30.000Z","volume":8000,"label":" ","price":1.87},{"type":"B","date":"2018-03-21T06:39:39.000Z","volume":18000,"label":" ","price":1.87},{"type":"B","date":"2018-03-21T06:40:17.000Z","volume":40000,"label":" ","price":1.87},{"type":"B","date":"2018-03-21T06:42:31.000Z","volume":12000,"label":" ","price":1.87},{"type":"B","date":"2018-03-21T06:44:50.000Z","volume":542000,"label":" ","price":1.87},{"type":"B","date":"2018-03-21T06:44:50.000Z","volume":92000,"label":" ","price":1.87},{"type":"B","date":"2018-03-21T06:44:50.000Z","volume":14000,"label":" ","price":1.86},{"type":"A","date":"2018-03-21T06:45:54.000Z","volume":50000,"label":" ","price":1.87},{"type":"A","date":"2018-03-21T06:47:20.000Z","volume":4000,"label":" ","price":1.87},{"type":"A","date":"2018-03-21T06:47:32.000Z","volume":4000,"label":" ","price":1.87},{"type":"A","date":"2018-03-21T06:48:30.000Z","volume":10000,"label":" ","price":1.87},{"type":"A","date":"2018-03-21T06:49:03.000Z","volume":6000,"label":" ","price":1.87},{"type":"B","date":"2018-03-21T06:49:03.000Z","volume":2000,"label":" ","price":1.87},{"type":"B","date":"2018-03-21T06:49:28.000Z","volume":2000,"label":" ","price":1.87},{"type":"A","date":"2018-03-21T06:50:47.000Z","volume":200000,"label":" ","price":1.87},{"type":"A","date":"2018-03-21T06:50:50.000Z","volume":4000,"label":" ","price":1.87},{"type":"A","date":"2018-03-21T06:51:53.000Z","volume":30000,"label":" ","price":1.87},{"type":"A","date":"2018-03-21T06:52:20.000Z","volume":4000,"label":" ","price":1.87},{"type":"A","date":"2018-03-21T06:53:02.000Z","volume":94000,"label":" ","price":1.87},{"type":"A","date":"2018-03-21T06:53:02.000Z","volume":6000,"label":" ","price":1.87},{"type":"A","date":"2018-03-21T06:55:08.000Z","volume":50000,"label":" ","price":1.87},{"type":"A","date":"2018-03-21T06:56:01.000Z","volume":26000,"label":" ","price":1.87},{"type":"A","date":"2018-03-21T06:56:14.000Z","volume":14000,"label":" ","price":1.87},{"type":"B","date":"2018-03-21T07:00:41.000Z","volume":98000,"label":" ","price":1.87},{"type":"B","date":"2018-03-21T07:01:15.000Z","volume":18000,"label":" ","price":1.87},{"type":"A","date":"2018-03-21T07:03:23.000Z","volume":18000,"label":" ","price":1.87},{"type":"A","date":"2018-03-21T07:03:52.000Z","volume":40000,"label":" ","price":1.87},{"type":"A","date":"2018-03-21T07:06:30.000Z","volume":28000,"label":" ","price":1.87},{"type":"B","date":"2018-03-21T07:09:16.000Z","volume":42000,"label":" ","price":1.87},{"type":"B","date":"2018-03-21T07:14:08.000Z","volume":76000,"label":"Y","price":1.86},{"type":"B","date":"2018-03-21T07:14:08.000Z","volume":524000,"label":" ","price":1.86},{"type":"B","date":"2018-03-21T07:14:08.000Z","volume":8000,"label":" ","price":1.86},{"type":"A","date":"2018-03-21T07:19:40.000Z","volume":6000,"label":" ","price":1.86},{"type":"A","date":"2018-03-21T07:21:34.000Z","volume":30000,"label":" ","price":1.86},{"type":"A","date":"2018-03-21T07:22:34.000Z","volume":26000,"label":" ","price":1.86},{"type":"A","date":"2018-03-21T07:23:32.000Z","volume":42000,"label":" ","price":1.86},{"type":"A","date":"2018-03-21T07:24:15.000Z","volume":22000,"label":" ","price":1.86},{"type":"A","date":"2018-03-21T07:24:15.000Z","volume":12000,"label":" ","price":1.86},{"type":"A","date":"2018-03-21T07:26:42.000Z","volume":30000,"label":" ","price":1.86},{"type":"B","date":"2018-03-21T07:27:37.000Z","volume":28000,"label":"Y","price":1.85},{"type":"B","date":"2018-03-21T07:27:37.000Z","volume":178000,"label":" ","price":1.85},{"type":"B","date":"2018-03-21T07:27:37.000Z","volume":22000,"label":" ","price":1.85},{"type":"B","date":"2018-03-21T07:29:54.000Z","volume":30000,"label":" ","price":1.85},{"type":"B","date":"2018-03-21T07:29:54.000Z","volume":6000,"label":" ","price":1.85},{"type":"B","date":"2018-03-21T07:30:07.000Z","volume":16000,"label":" ","price":1.85},{"type":"A","date":"2018-03-21T07:30:39.000Z","volume":12000,"label":" ","price":1.85},{"type":"A","date":"2018-03-21T07:31:00.000Z","volume":30000,"label":" ","price":1.85},{"type":"A","date":"2018-03-21T07:31:18.000Z","volume":10000,"label":" ","price":1.85},{"type":"A","date":"2018-03-21T07:31:39.000Z","volume":56000,"label":" ","price":1.85},{"type":"A","date":"2018-03-21T07:31:39.000Z","volume":146000,"label":" ","price":1.86},{"type":"B","date":"2018-03-21T07:31:39.000Z","volume":6000,"label":" ","price":1.86},{"type":"B","date":"2018-03-21T07:31:43.000Z","volume":30000,"label":" ","price":1.86},{"type":"B","date":"2018-03-21T07:31:47.000Z","volume":50000,"label":" ","price":1.86},{"type":"B","date":"2018-03-21T07:31:54.000Z","volume":12000,"label":" ","price":1.86},{"type":"B","date":"2018-03-21T07:34:26.000Z","volume":30000,"label":" ","price":1.86},{"type":"A","date":"2018-03-21T07:35:30.000Z","volume":8000,"label":" ","price":1.86},{"type":"A","date":"2018-03-21T07:36:25.000Z","volume":20000,"label":" ","price":1.86},{"type":"A","date":"2018-03-21T07:38:51.000Z","volume":24000,"label":" ","price":1.86},{"type":"A","date":"2018-03-21T07:40:34.000Z","volume":24000,"label":" ","price":1.87},{"type":"A","date":"2018-03-21T07:41:57.000Z","volume":8000,"label":" ","price":1.87},{"type":"A","date":"2018-03-21T07:42:43.000Z","volume":40000,"label":" ","price":1.87},{"type":"B","date":"2018-03-21T07:43:57.000Z","volume":6000,"label":" ","price":1.86},{"type":"A","date":"2018-03-21T07:47:46.000Z","volume":12000,"label":" ","price":1.87},{"type":"A","date":"2018-03-21T07:48:35.000Z","volume":200000,"label":" ","price":1.87},{"type":"A","date":"2018-03-21T07:48:51.000Z","volume":4000,"label":" ","price":1.87},{"type":"A","date":"2018-03-21T07:49:09.000Z","volume":2000,"label":" ","price":1.87},{"type":"A","date":"2018-03-21T07:49:51.000Z","volume":2000,"label":" ","price":1.87},{"type":"A","date":"2018-03-21T07:50:22.000Z","volume":32000,"label":" ","price":1.87},{"type":"A","date":"2018-03-21T07:50:46.000Z","volume":12000,"label":" ","price":1.87},{"type":"A","date":"2018-03-21T07:50:58.000Z","volume":26000,"label":"Y","price":1.87},{"type":"A","date":"2018-03-21T07:50:58.000Z","volume":24000,"label":" ","price":1.87},{"type":"A","date":"2018-03-21T07:51:22.000Z","volume":12000,"label":" ","price":1.87},{"type":"A","date":"2018-03-21T07:53:27.000Z","volume":20000,"label":" ","price":1.87},{"type":"A","date":"2018-03-21T07:53:33.000Z","volume":4000,"label":" ","price":1.87},{"type":"A","date":"2018-03-21T07:53:52.000Z","volume":18000,"label":" ","price":1.87},{"type":"A","date":"2018-03-21T07:54:52.000Z","volume":16000,"label":" ","price":1.87},{"type":"B","date":"2018-03-21T07:55:04.000Z","volume":6000,"label":" ","price":1.86},{"type":"A","date":"2018-03-21T07:55:12.000Z","volume":72000,"label":" ","price":1.87},{"type":"B","date":"2018-03-21T07:55:51.000Z","volume":500000,"label":" ","price":1.86},{"type":"B","date":"2018-03-21T07:55:51.000Z","volume":10000,"label":" ","price":1.86},{"type":"B","date":"2018-03-21T07:55:58.000Z","volume":4000,"label":" ","price":1.86},{"type":"A","date":"2018-03-21T07:56:16.000Z","volume":216000,"label":" ","price":1.87},{"type":"A","date":"2018-03-21T07:56:29.000Z","volume":72000,"label":" ","price":1.86},{"type":"B","date":"2018-03-21T07:59:01.000Z","volume":14000,"label":" ","price":1.85},{"type":"B","date":"2018-03-21T07:59:01.000Z","volume":16000,"label":" ","price":1.85},{"type":"A","date":"2018-03-21T07:59:21.000Z","volume":2000,"label":" ","price":1.87},{"type":"A","date":"2018-03-21T07:59:22.000Z","volume":6000,"label":" ","price":1.87},{"type":"A","date":"2018-03-21T07:59:22.000Z","volume":12000,"label":" ","price":1.87},{"type":"A","date":"2018-03-21T07:59:55.000Z","volume":6000,"label":" ","price":1.87},{"type":"U","date":"2018-03-21T08:08:46.000Z","volume":150000,"label":"U","price":1.87}]