[{"type":"A","date":"2018-04-09T01:30:03.000Z","volume":720000,"label":" ","price":0.17},{"type":"A","date":"2018-04-09T01:30:03.000Z","volume":400000,"label":" ","price":0.17},{"type":"A","date":"2018-04-09T01:30:03.000Z","volume":400000,"label":" ","price":0.17},{"type":"A","date":"2018-04-09T01:30:03.000Z","volume":400000,"label":" ","price":0.17},{"type":"A","date":"2018-04-09T01:30:03.000Z","volume":400000,"label":" ","price":0.17},{"type":"A","date":"2018-04-09T01:30:03.000Z","volume":400000,"label":" ","price":0.17},{"type":"A","date":"2018-04-09T01:30:03.000Z","volume":400000,"label":" ","price":0.17},{"type":"A","date":"2018-04-09T01:30:03.000Z","volume":200000,"label":" ","price":0.17},{"type":"A","date":"2018-04-09T01:30:03.000Z","volume":200000,"label":" ","price":0.171},{"type":"A","date":"2018-04-09T01:30:05.000Z","volume":350000,"label":" ","price":0.172},{"type":"A","date":"2018-04-09T01:30:29.000Z","volume":270000,"label":" ","price":0.172},{"type":"U","date":"2018-04-09T01:30:39.000Z","volume":300000,"label":" ","price":0.173},{"type":"A","date":"2018-04-09T01:30:41.000Z","volume":50000,"label":" ","price":0.174},{"type":"A","date":"2018-04-09T01:30:41.000Z","volume":20000,"label":" ","price":0.175},{"type":"B","date":"2018-04-09T01:30:44.000Z","volume":40000,"label":" ","price":0.173},{"type":"A","date":"2018-04-09T01:30:45.000Z","volume":90000,"label":" ","price":0.174},{"type":"B","date":"2018-04-09T01:30:55.000Z","volume":40000,"label":" ","price":0.172},{"type":"A","date":"2018-04-09T01:31:04.000Z","volume":500000,"label":" ","price":0.172},{"type":"A","date":"2018-04-09T01:31:07.000Z","volume":10000,"label":" ","price":0.172},{"type":"B","date":"2018-04-09T01:31:10.000Z","volume":20000,"label":" ","price":0.172},{"type":"A","date":"2018-04-09T01:31:33.000Z","volume":100000,"label":" ","price":0.173},{"type":"A","date":"2018-04-09T01:31:37.000Z","volume":110000,"label":" ","price":0.173},{"type":"A","date":"2018-04-09T01:31:38.000Z","volume":90000,"label":" ","price":0.173},{"type":"A","date":"2018-04-09T01:31:38.000Z","volume":280000,"label":" ","price":0.173},{"type":"B","date":"2018-04-09T01:31:45.000Z","volume":110000,"label":" ","price":0.173},{"type":"B","date":"2018-04-09T01:33:26.000Z","volume":200000,"label":"Y","price":0.173},{"type":"B","date":"2018-04-09T01:33:26.000Z","volume":30000,"label":" ","price":0.173},{"type":"B","date":"2018-04-09T01:33:26.000Z","volume":100000,"label":" ","price":0.173},{"type":"B","date":"2018-04-09T01:33:26.000Z","volume":130000,"label":" ","price":0.173},{"type":"A","date":"2018-04-09T01:33:31.000Z","volume":70000,"label":"Y","price":0.173},{"type":"A","date":"2018-04-09T01:33:31.000Z","volume":90000,"label":" ","price":0.173},{"type":"A","date":"2018-04-09T01:33:31.000Z","volume":40000,"label":"Y","price":0.174},{"type":"B","date":"2018-04-09T01:33:51.000Z","volume":270000,"label":" ","price":0.173},{"type":"A","date":"2018-04-09T01:34:02.000Z","volume":170000,"label":" ","price":0.173},{"type":"B","date":"2018-04-09T01:34:08.000Z","volume":250000,"label":" ","price":0.173},{"type":"A","date":"2018-04-09T01:34:41.000Z","volume":70000,"label":" ","price":0.173},{"type":"B","date":"2018-04-09T01:34:47.000Z","volume":400000,"label":" ","price":0.173},{"type":"A","date":"2018-04-09T01:34:49.000Z","volume":130000,"label":" ","price":0.174},{"type":"B","date":"2018-04-09T01:34:53.000Z","volume":50000,"label":" ","price":0.173},{"type":"A","date":"2018-04-09T01:34:58.000Z","volume":300000,"label":" ","price":0.173},{"type":"A","date":"2018-04-09T01:35:13.000Z","volume":290000,"label":" ","price":0.173},{"type":"A","date":"2018-04-09T01:35:15.000Z","volume":100000,"label":" ","price":0.174},{"type":"B","date":"2018-04-09T01:35:21.000Z","volume":10000,"label":"Y","price":0.173},{"type":"A","date":"2018-04-09T01:35:41.000Z","volume":10000,"label":"Y","price":0.173},{"type":"A","date":"2018-04-09T01:36:37.000Z","volume":30000,"label":"Y","price":0.173},{"type":"B","date":"2018-04-09T01:37:41.000Z","volume":250000,"label":" ","price":0.173},{"type":"B","date":"2018-04-09T01:37:47.000Z","volume":670000,"label":" ","price":0.172},{"type":"B","date":"2018-04-09T01:37:47.000Z","volume":330000,"label":" ","price":0.172},{"type":"A","date":"2018-04-09T01:37:58.000Z","volume":240000,"label":" ","price":0.173},{"type":"A","date":"2018-04-09T01:38:54.000Z","volume":100000,"label":" ","price":0.173},{"type":"A","date":"2018-04-09T01:38:56.000Z","volume":100000,"label":" ","price":0.173},{"type":"A","date":"2018-04-09T01:42:37.000Z","volume":200000,"label":" ","price":0.173},{"type":"A","date":"2018-04-09T01:42:42.000Z","volume":220000,"label":" ","price":0.173},{"type":"B","date":"2018-04-09T01:46:35.000Z","volume":180000,"label":"Y","price":0.171},{"type":"B","date":"2018-04-09T01:46:35.000Z","volume":120000,"label":" ","price":0.171},{"type":"B","date":"2018-04-09T01:46:35.000Z","volume":160000,"label":" ","price":0.171},{"type":"B","date":"2018-04-09T01:46:35.000Z","volume":210000,"label":" ","price":0.171},{"type":"B","date":"2018-04-09T01:46:35.000Z","volume":30000,"label":" ","price":0.171},{"type":"B","date":"2018-04-09T01:46:50.000Z","volume":1720000,"label":" ","price":0.17},{"type":"B","date":"2018-04-09T01:46:50.000Z","volume":260000,"label":" ","price":0.17},{"type":"A","date":"2018-04-09T01:47:11.000Z","volume":20000,"label":" ","price":0.172},{"type":"A","date":"2018-04-09T01:51:19.000Z","volume":200000,"label":" ","price":0.172},{"type":"A","date":"2018-04-09T01:51:53.000Z","volume":200000,"label":" ","price":0.172},{"type":"A","date":"2018-04-09T01:51:53.000Z","volume":110000,"label":" ","price":0.172},{"type":"A","date":"2018-04-09T01:52:28.000Z","volume":200000,"label":" ","price":0.172},{"type":"A","date":"2018-04-09T01:54:40.000Z","volume":200000,"label":" ","price":0.172},{"type":"U","date":"2018-04-09T01:54:42.000Z","volume":10000,"label":" ","price":0.171},{"type":"U","date":"2018-04-09T01:54:44.000Z","volume":30000,"label":" ","price":0.171},{"type":"U","date":"2018-04-09T01:54:46.000Z","volume":10000,"label":" ","price":0.171},{"type":"U","date":"2018-04-09T01:54:48.000Z","volume":10000,"label":" ","price":0.171},{"type":"U","date":"2018-04-09T01:54:51.000Z","volume":90000,"label":" ","price":0.171},{"type":"B","date":"2018-04-09T01:54:51.000Z","volume":50000,"label":" ","price":0.171},{"type":"A","date":"2018-04-09T01:55:01.000Z","volume":100000,"label":" ","price":0.172},{"type":"A","date":"2018-04-09T01:56:21.000Z","volume":100000,"label":" ","price":0.172},{"type":"A","date":"2018-04-09T01:57:32.000Z","volume":10000,"label":" ","price":0.172},{"type":"A","date":"2018-04-09T01:58:34.000Z","volume":200000,"label":" ","price":0.172},{"type":"A","date":"2018-04-09T01:58:34.000Z","volume":10000,"label":" ","price":0.172},{"type":"B","date":"2018-04-09T01:58:34.000Z","volume":130000,"label":" ","price":0.172},{"type":"A","date":"2018-04-09T01:59:02.000Z","volume":10000,"label":" ","price":0.172},{"type":"A","date":"2018-04-09T02:15:47.000Z","volume":30000,"label":" ","price":0.172},{"type":"A","date":"2018-04-09T02:30:14.000Z","volume":10000,"label":" ","price":0.172},{"type":"A","date":"2018-04-09T02:30:19.000Z","volume":10000,"label":" ","price":0.172},{"type":"A","date":"2018-04-09T02:30:25.000Z","volume":60000,"label":" ","price":0.172},{"type":"B","date":"2018-04-09T02:35:29.000Z","volume":100000,"label":" ","price":0.171},{"type":"B","date":"2018-04-09T02:35:29.000Z","volume":70000,"label":" ","price":0.171},{"type":"B","date":"2018-04-09T02:38:32.000Z","volume":10000,"label":" ","price":0.171},{"type":"B","date":"2018-04-09T02:39:45.000Z","volume":20000,"label":" ","price":0.171},{"type":"B","date":"2018-04-09T02:39:45.000Z","volume":30000,"label":" ","price":0.171},{"type":"B","date":"2018-04-09T02:42:29.000Z","volume":10000,"label":" ","price":0.171},{"type":"B","date":"2018-04-09T02:47:33.000Z","volume":150000,"label":" ","price":0.171},{"type":"A","date":"2018-04-09T02:48:18.000Z","volume":10000,"label":" ","price":0.172},{"type":"B","date":"2018-04-09T02:51:05.000Z","volume":20000,"label":"Y","price":0.171},{"type":"A","date":"2018-04-09T02:55:41.000Z","volume":30000,"label":" ","price":0.172},{"type":"B","date":"2018-04-09T03:08:10.000Z","volume":400000,"label":" ","price":0.171},{"type":"B","date":"2018-04-09T03:11:18.000Z","volume":190000,"label":" ","price":0.171},{"type":"A","date":"2018-04-09T03:11:35.000Z","volume":10000,"label":" ","price":0.171},{"type":"B","date":"2018-04-09T03:16:54.000Z","volume":1500000,"label":" ","price":0.17},{"type":"A","date":"2018-04-09T03:23:47.000Z","volume":20000,"label":" ","price":0.17},{"type":"A","date":"2018-04-09T03:23:47.000Z","volume":160000,"label":" ","price":0.17},{"type":"A","date":"2018-04-09T03:23:58.000Z","volume":70000,"label":" ","price":0.17},{"type":"A","date":"2018-04-09T03:24:27.000Z","volume":360000,"label":" ","price":0.17},{"type":"A","date":"2018-04-09T03:24:55.000Z","volume":500000,"label":" ","price":0.17},{"type":"A","date":"2018-04-09T03:25:15.000Z","volume":170000,"label":" ","price":0.17},{"type":"A","date":"2018-04-09T03:25:27.000Z","volume":500000,"label":" ","price":0.17},{"type":"A","date":"2018-04-09T03:25:27.000Z","volume":290000,"label":" ","price":0.17},{"type":"B","date":"2018-04-09T03:26:54.000Z","volume":10000,"label":" ","price":0.17},{"type":"B","date":"2018-04-09T03:27:38.000Z","volume":20000,"label":" ","price":0.17},{"type":"B","date":"2018-04-09T03:37:23.000Z","volume":20000,"label":" ","price":0.17},{"type":"B","date":"2018-04-09T03:39:06.000Z","volume":100000,"label":" ","price":0.17},{"type":"B","date":"2018-04-09T03:41:41.000Z","volume":100000,"label":" ","price":0.17},{"type":"A","date":"2018-04-09T03:42:45.000Z","volume":200000,"label":" ","price":0.171},{"type":"A","date":"2018-04-09T03:44:03.000Z","volume":20000,"label":" ","price":0.171},{"type":"A","date":"2018-04-09T03:49:06.000Z","volume":10000,"label":" ","price":0.171},{"type":"A","date":"2018-04-09T03:49:08.000Z","volume":460000,"label":"Y","price":0.171},{"type":"A","date":"2018-04-09T03:49:08.000Z","volume":360000,"label":" ","price":0.171},{"type":"A","date":"2018-04-09T03:50:06.000Z","volume":10000,"label":" ","price":0.172},{"type":"A","date":"2018-04-09T03:51:06.000Z","volume":10000,"label":" ","price":0.172},{"type":"A","date":"2018-04-09T03:54:49.000Z","volume":10000,"label":"Y","price":0.172},{"type":"A","date":"2018-04-09T05:03:22.000Z","volume":180000,"label":"Y","price":0.172},{"type":"A","date":"2018-04-09T05:03:22.000Z","volume":20000,"label":" ","price":0.172},{"type":"A","date":"2018-04-09T05:10:34.000Z","volume":20000,"label":" ","price":0.172},{"type":"A","date":"2018-04-09T05:12:59.000Z","volume":160000,"label":"Y","price":0.172},{"type":"A","date":"2018-04-09T05:12:59.000Z","volume":20000,"label":" ","price":0.172},{"type":"A","date":"2018-04-09T05:14:17.000Z","volume":890000,"label":" ","price":0.172},{"type":"A","date":"2018-04-09T05:14:18.000Z","volume":230000,"label":" ","price":0.172},{"type":"A","date":"2018-04-09T05:16:01.000Z","volume":20000,"label":" ","price":0.172},{"type":"A","date":"2018-04-09T05:17:36.000Z","volume":460000,"label":" ","price":0.172},{"type":"B","date":"2018-04-09T05:19:55.000Z","volume":450000,"label":"Y","price":0.172},{"type":"B","date":"2018-04-09T05:19:55.000Z","volume":370000,"label":" ","price":0.172},{"type":"A","date":"2018-04-09T05:24:15.000Z","volume":10000,"label":" ","price":0.172},{"type":"B","date":"2018-04-09T05:28:05.000Z","volume":100000,"label":" ","price":0.171},{"type":"B","date":"2018-04-09T05:29:14.000Z","volume":180000,"label":"Y","price":0.171},{"type":"B","date":"2018-04-09T05:29:14.000Z","volume":390000,"label":" ","price":0.171},{"type":"A","date":"2018-04-09T05:49:29.000Z","volume":450000,"label":"Y","price":0.171},{"type":"A","date":"2018-04-09T05:49:29.000Z","volume":290000,"label":" ","price":0.171},{"type":"A","date":"2018-04-09T05:49:48.000Z","volume":10000,"label":" ","price":0.171},{"type":"A","date":"2018-04-09T05:51:32.000Z","volume":60000,"label":" ","price":0.171},{"type":"A","date":"2018-04-09T05:52:08.000Z","volume":70000,"label":" ","price":0.171},{"type":"A","date":"2018-04-09T05:53:00.000Z","volume":60000,"label":" ","price":0.171},{"type":"A","date":"2018-04-09T05:54:16.000Z","volume":100000,"label":" ","price":0.171},{"type":"A","date":"2018-04-09T05:54:45.000Z","volume":50000,"label":" ","price":0.171},{"type":"B","date":"2018-04-09T05:54:47.000Z","volume":190000,"label":" ","price":0.171},{"type":"A","date":"2018-04-09T05:56:20.000Z","volume":440000,"label":"Y","price":0.172},{"type":"A","date":"2018-04-09T05:56:20.000Z","volume":20000,"label":" ","price":0.172},{"type":"A","date":"2018-04-09T05:56:48.000Z","volume":10000,"label":" ","price":0.172},{"type":"A","date":"2018-04-09T05:59:05.000Z","volume":430000,"label":"Y","price":0.172},{"type":"A","date":"2018-04-09T05:59:05.000Z","volume":90000,"label":" ","price":0.172},{"type":"B","date":"2018-04-09T05:59:05.000Z","volume":100000,"label":" ","price":0.172},{"type":"B","date":"2018-04-09T05:59:05.000Z","volume":70000,"label":" ","price":0.172},{"type":"B","date":"2018-04-09T05:59:05.000Z","volume":70000,"label":" ","price":0.17},{"type":"A","date":"2018-04-09T06:03:44.000Z","volume":10000,"label":" ","price":0.172},{"type":"A","date":"2018-04-09T06:04:29.000Z","volume":170000,"label":"Y","price":0.172},{"type":"A","date":"2018-04-09T06:04:29.000Z","volume":380000,"label":" ","price":0.172},{"type":"B","date":"2018-04-09T06:09:20.000Z","volume":50000,"label":"Y","price":0.172},{"type":"B","date":"2018-04-09T06:09:32.000Z","volume":170000,"label":"Y","price":0.172},{"type":"B","date":"2018-04-09T06:09:43.000Z","volume":30000,"label":"Y","price":0.172},{"type":"A","date":"2018-04-09T06:11:19.000Z","volume":10000,"label":" ","price":0.173},{"type":"A","date":"2018-04-09T06:17:38.000Z","volume":1130000,"label":"Y","price":0.173},{"type":"A","date":"2018-04-09T06:17:38.000Z","volume":100000,"label":" ","price":0.173},{"type":"A","date":"2018-04-09T06:21:19.000Z","volume":10000,"label":" ","price":0.173},{"type":"B","date":"2018-04-09T06:24:05.000Z","volume":420000,"label":"Y","price":0.172},{"type":"A","date":"2018-04-09T06:29:19.000Z","volume":10000,"label":" ","price":0.173},{"type":"B","date":"2018-04-09T06:33:23.000Z","volume":100000,"label":" ","price":0.172},{"type":"B","date":"2018-04-09T06:36:58.000Z","volume":40000,"label":" ","price":0.172},{"type":"A","date":"2018-04-09T06:47:50.000Z","volume":10000,"label":" ","price":0.173},{"type":"A","date":"2018-04-09T06:48:34.000Z","volume":290000,"label":"Y","price":0.173},{"type":"A","date":"2018-04-09T06:48:34.000Z","volume":10000,"label":" ","price":0.173},{"type":"A","date":"2018-04-09T07:04:21.000Z","volume":340000,"label":"Y","price":0.173},{"type":"B","date":"2018-04-09T07:15:50.000Z","volume":440000,"label":"Y","price":0.172},{"type":"B","date":"2018-04-09T07:15:50.000Z","volume":60000,"label":" ","price":0.172},{"type":"B","date":"2018-04-09T07:15:50.000Z","volume":40000,"label":" ","price":0.172},{"type":"A","date":"2018-04-09T07:17:46.000Z","volume":1800000,"label":" ","price":0.173},{"type":"A","date":"2018-04-09T07:26:51.000Z","volume":10000,"label":" ","price":0.173},{"type":"A","date":"2018-04-09T07:28:51.000Z","volume":20000,"label":" ","price":0.173},{"type":"A","date":"2018-04-09T07:32:54.000Z","volume":40000,"label":" ","price":0.173},{"type":"A","date":"2018-04-09T07:34:33.000Z","volume":10000,"label":" ","price":0.173},{"type":"A","date":"2018-04-09T07:38:51.000Z","volume":10000,"label":" ","price":0.173},{"type":"A","date":"2018-04-09T07:40:05.000Z","volume":60000,"label":" ","price":0.173},{"type":"A","date":"2018-04-09T07:42:52.000Z","volume":60000,"label":" ","price":0.173},{"type":"A","date":"2018-04-09T07:46:52.000Z","volume":10000,"label":" ","price":0.173},{"type":"A","date":"2018-04-09T07:47:30.000Z","volume":270000,"label":" ","price":0.173},{"type":"A","date":"2018-04-09T07:49:12.000Z","volume":40000,"label":" ","price":0.172},{"type":"A","date":"2018-04-09T07:49:14.000Z","volume":180000,"label":" ","price":0.172},{"type":"A","date":"2018-04-09T07:49:14.000Z","volume":20000,"label":" ","price":0.172},{"type":"A","date":"2018-04-09T07:49:20.000Z","volume":180000,"label":" ","price":0.172},{"type":"U","date":"2018-04-09T08:08:10.000Z","volume":310000,"label":"U","price":0.173}]