[{"type":"B","date":"2018-04-06T02:06:27.000Z","volume":22000,"label":" ","price":1.89},{"type":"B","date":"2018-04-06T02:07:28.000Z","volume":10000,"label":" ","price":1.88},{"type":"B","date":"2018-04-06T02:07:29.000Z","volume":30000,"label":" ","price":1.87},{"type":"B","date":"2018-04-06T02:15:25.000Z","volume":6000,"label":" ","price":1.87},{"type":"B","date":"2018-04-06T02:15:25.000Z","volume":18000,"label":" ","price":1.87},{"type":"B","date":"2018-04-06T02:17:34.000Z","volume":2000,"label":" ","price":1.87},{"type":"B","date":"2018-04-06T02:29:39.000Z","volume":2000,"label":" ","price":1.87},{"type":"B","date":"2018-04-06T02:29:52.000Z","volume":2000,"label":" ","price":1.87},{"type":"A","date":"2018-04-06T02:30:29.000Z","volume":50000,"label":" ","price":1.88},{"type":"A","date":"2018-04-06T02:30:29.000Z","volume":6000,"label":" ","price":1.88},{"type":"B","date":"2018-04-06T02:30:29.000Z","volume":2000,"label":" ","price":1.87},{"type":"B","date":"2018-04-06T02:31:29.000Z","volume":2000,"label":" ","price":1.87},{"type":"A","date":"2018-04-06T02:33:19.000Z","volume":50000,"label":" ","price":1.88},{"type":"A","date":"2018-04-06T02:33:19.000Z","volume":8000,"label":" ","price":1.88},{"type":"B","date":"2018-04-06T02:33:21.000Z","volume":6000,"label":" ","price":1.87},{"type":"B","date":"2018-04-06T02:33:23.000Z","volume":6000,"label":" ","price":1.87},{"type":"B","date":"2018-04-06T02:33:48.000Z","volume":2000,"label":" ","price":1.87},{"type":"A","date":"2018-04-06T02:34:07.000Z","volume":24000,"label":" ","price":1.88},{"type":"A","date":"2018-04-06T02:34:08.000Z","volume":6000,"label":" ","price":1.88},{"type":"A","date":"2018-04-06T02:34:24.000Z","volume":20000,"label":" ","price":1.88},{"type":"A","date":"2018-04-06T02:35:59.000Z","volume":20000,"label":" ","price":1.88},{"type":"B","date":"2018-04-06T02:35:59.000Z","volume":2000,"label":" ","price":1.87},{"type":"A","date":"2018-04-06T02:41:08.000Z","volume":2000,"label":" ","price":1.88},{"type":"A","date":"2018-04-06T02:41:16.000Z","volume":44000,"label":" ","price":1.88},{"type":"A","date":"2018-04-06T02:41:16.000Z","volume":6000,"label":" ","price":1.89},{"type":"A","date":"2018-04-06T02:41:16.000Z","volume":8000,"label":" ","price":1.89},{"type":"B","date":"2018-04-06T02:41:16.000Z","volume":2000,"label":" ","price":1.88},{"type":"U","date":"2018-04-06T02:41:47.000Z","volume":2000,"label":" ","price":1.88},{"type":"B","date":"2018-04-06T02:41:47.000Z","volume":6000,"label":" ","price":1.87},{"type":"B","date":"2018-04-06T02:41:49.000Z","volume":6000,"label":" ","price":1.87},{"type":"B","date":"2018-04-06T02:43:30.000Z","volume":4000,"label":" ","price":1.88},{"type":"B","date":"2018-04-06T02:43:30.000Z","volume":2000,"label":" ","price":1.88},{"type":"U","date":"2018-04-06T02:49:10.000Z","volume":6000,"label":" ","price":1.88},{"type":"U","date":"2018-04-06T02:49:10.000Z","volume":2000,"label":" ","price":1.88},{"type":"U","date":"2018-04-06T02:49:10.000Z","volume":2000,"label":" ","price":1.88},{"type":"U","date":"2018-04-06T02:49:58.000Z","volume":4000,"label":" ","price":1.88},{"type":"U","date":"2018-04-06T02:49:58.000Z","volume":6000,"label":" ","price":1.88},{"type":"B","date":"2018-04-06T02:53:10.000Z","volume":4000,"label":" ","price":1.87},{"type":"A","date":"2018-04-06T02:57:50.000Z","volume":6000,"label":" ","price":1.88},{"type":"A","date":"2018-04-06T02:57:51.000Z","volume":2000,"label":" ","price":1.88},{"type":"A","date":"2018-04-06T02:57:51.000Z","volume":2000,"label":" ","price":1.88},{"type":"B","date":"2018-04-06T03:02:54.000Z","volume":2000,"label":" ","price":1.87},{"type":"A","date":"2018-04-06T03:03:33.000Z","volume":12000,"label":"Y","price":1.88},{"type":"A","date":"2018-04-06T03:03:33.000Z","volume":78000,"label":" ","price":1.88},{"type":"B","date":"2018-04-06T03:03:33.000Z","volume":2000,"label":" ","price":1.87},{"type":"A","date":"2018-04-06T03:03:34.000Z","volume":8000,"label":" ","price":1.88},{"type":"A","date":"2018-04-06T03:03:34.000Z","volume":10000,"label":" ","price":1.88},{"type":"A","date":"2018-04-06T03:03:34.000Z","volume":4000,"label":" ","price":1.88},{"type":"A","date":"2018-04-06T03:03:36.000Z","volume":2000,"label":" ","price":1.88},{"type":"A","date":"2018-04-06T03:19:47.000Z","volume":34000,"label":" ","price":1.88},{"type":"A","date":"2018-04-06T03:19:47.000Z","volume":16000,"label":" ","price":1.88},{"type":"B","date":"2018-04-06T03:19:49.000Z","volume":6000,"label":" ","price":1.87},{"type":"B","date":"2018-04-06T03:19:49.000Z","volume":6000,"label":" ","price":1.87},{"type":"U","date":"2018-04-06T03:20:09.000Z","volume":32000,"label":" ","price":1.88},{"type":"U","date":"2018-04-06T03:20:09.000Z","volume":34000,"label":" ","price":1.88},{"type":"B","date":"2018-04-06T03:20:09.000Z","volume":34000,"label":" ","price":1.88},{"type":"B","date":"2018-04-06T03:20:11.000Z","volume":2000,"label":" ","price":1.87},{"type":"B","date":"2018-04-06T03:20:32.000Z","volume":6000,"label":" ","price":1.87},{"type":"B","date":"2018-04-06T03:20:35.000Z","volume":6000,"label":" ","price":1.87},{"type":"B","date":"2018-04-06T03:26:26.000Z","volume":8000,"label":" ","price":1.87},{"type":"B","date":"2018-04-06T03:30:47.000Z","volume":10000,"label":" ","price":1.87},{"type":"B","date":"2018-04-06T03:39:40.000Z","volume":2000,"label":" ","price":1.87},{"type":"B","date":"2018-04-06T03:45:51.000Z","volume":10000,"label":" ","price":1.87},{"type":"B","date":"2018-04-06T03:49:29.000Z","volume":50000,"label":" ","price":1.87},{"type":"B","date":"2018-04-06T03:51:11.000Z","volume":10000,"label":" ","price":1.87},{"type":"B","date":"2018-04-06T03:52:53.000Z","volume":6000,"label":" ","price":1.87},{"type":"A","date":"2018-04-06T03:53:39.000Z","volume":2000,"label":" ","price":1.88},{"type":"B","date":"2018-04-06T03:54:46.000Z","volume":6000,"label":" ","price":1.87},{"type":"B","date":"2018-04-06T03:55:29.000Z","volume":2000,"label":" ","price":1.87},{"type":"B","date":"2018-04-06T03:58:41.000Z","volume":2000,"label":" ","price":1.87},{"type":"A","date":"2018-04-06T05:00:00.000Z","volume":100000,"label":" ","price":1.88},{"type":"B","date":"2018-04-06T05:00:00.000Z","volume":4000,"label":" ","price":1.87},{"type":"A","date":"2018-04-06T05:02:06.000Z","volume":30000,"label":" ","price":1.88},{"type":"A","date":"2018-04-06T05:05:52.000Z","volume":2000,"label":"Y","price":1.88},{"type":"A","date":"2018-04-06T05:05:52.000Z","volume":28000,"label":" ","price":1.88},{"type":"A","date":"2018-04-06T05:11:29.000Z","volume":10000,"label":" ","price":1.88},{"type":"A","date":"2018-04-06T05:15:39.000Z","volume":2000,"label":" ","price":1.88},{"type":"B","date":"2018-04-06T05:20:19.000Z","volume":2000,"label":" ","price":1.87},{"type":"A","date":"2018-04-06T05:21:54.000Z","volume":70000,"label":" ","price":1.88},{"type":"B","date":"2018-04-06T05:25:31.000Z","volume":30000,"label":" ","price":1.87},{"type":"B","date":"2018-04-06T05:25:31.000Z","volume":6000,"label":" ","price":1.87},{"type":"B","date":"2018-04-06T05:29:57.000Z","volume":6000,"label":" ","price":1.87},{"type":"A","date":"2018-04-06T05:31:43.000Z","volume":22000,"label":" ","price":1.88},{"type":"B","date":"2018-04-06T05:31:43.000Z","volume":2000,"label":" ","price":1.87},{"type":"B","date":"2018-04-06T05:33:58.000Z","volume":174000,"label":" ","price":1.87},{"type":"B","date":"2018-04-06T05:34:00.000Z","volume":4000,"label":" ","price":1.87},{"type":"B","date":"2018-04-06T05:34:01.000Z","volume":2000,"label":" ","price":1.87},{"type":"B","date":"2018-04-06T05:34:40.000Z","volume":14000,"label":" ","price":1.87},{"type":"B","date":"2018-04-06T05:42:00.000Z","volume":8000,"label":" ","price":1.87},{"type":"B","date":"2018-04-06T06:11:23.000Z","volume":2000,"label":" ","price":1.87},{"type":"B","date":"2018-04-06T06:14:25.000Z","volume":2000,"label":" ","price":1.87},{"type":"B","date":"2018-04-06T06:17:15.000Z","volume":2000,"label":" ","price":1.87},{"type":"B","date":"2018-04-06T06:19:59.000Z","volume":2000,"label":" ","price":1.87},{"type":"B","date":"2018-04-06T06:22:47.000Z","volume":2000,"label":" ","price":1.87},{"type":"B","date":"2018-04-06T06:25:24.000Z","volume":2000,"label":" ","price":1.87},{"type":"B","date":"2018-04-06T06:25:35.000Z","volume":2000,"label":" ","price":1.87},{"type":"B","date":"2018-04-06T06:28:23.000Z","volume":2000,"label":" ","price":1.87},{"type":"B","date":"2018-04-06T06:29:55.000Z","volume":2000,"label":" ","price":1.87},{"type":"B","date":"2018-04-06T06:31:17.000Z","volume":2000,"label":" ","price":1.87},{"type":"B","date":"2018-04-06T06:34:03.000Z","volume":2000,"label":" ","price":1.87},{"type":"B","date":"2018-04-06T06:35:58.000Z","volume":2000,"label":" ","price":1.87},{"type":"B","date":"2018-04-06T06:36:22.000Z","volume":30000,"label":" ","price":1.87},{"type":"B","date":"2018-04-06T06:36:33.000Z","volume":2000,"label":" ","price":1.87},{"type":"B","date":"2018-04-06T06:38:28.000Z","volume":2000,"label":" ","price":1.87},{"type":"B","date":"2018-04-06T06:39:15.000Z","volume":2000,"label":" ","price":1.87},{"type":"B","date":"2018-04-06T06:40:25.000Z","volume":4000,"label":" ","price":1.87},{"type":"B","date":"2018-04-06T06:40:58.000Z","volume":2000,"label":" ","price":1.87},{"type":"B","date":"2018-04-06T06:41:55.000Z","volume":2000,"label":" ","price":1.87},{"type":"B","date":"2018-04-06T06:41:58.000Z","volume":2000,"label":" ","price":1.87},{"type":"B","date":"2018-04-06T06:43:28.000Z","volume":2000,"label":" ","price":1.87},{"type":"B","date":"2018-04-06T06:44:15.000Z","volume":174000,"label":" ","price":1.87},{"type":"B","date":"2018-04-06T06:44:15.000Z","volume":6000,"label":" ","price":1.87},{"type":"B","date":"2018-04-06T06:44:29.000Z","volume":2000,"label":" ","price":1.87},{"type":"B","date":"2018-04-06T06:44:43.000Z","volume":2000,"label":" ","price":1.87},{"type":"B","date":"2018-04-06T06:45:19.000Z","volume":2000,"label":" ","price":1.87},{"type":"B","date":"2018-04-06T06:46:29.000Z","volume":2000,"label":" ","price":1.87},{"type":"B","date":"2018-04-06T06:46:31.000Z","volume":2000,"label":" ","price":1.87},{"type":"B","date":"2018-04-06T06:46:51.000Z","volume":2000,"label":" ","price":1.87},{"type":"B","date":"2018-04-06T06:46:51.000Z","volume":6000,"label":" ","price":1.87},{"type":"B","date":"2018-04-06T06:46:51.000Z","volume":8000,"label":" ","price":1.87},{"type":"B","date":"2018-04-06T06:48:59.000Z","volume":2000,"label":" ","price":1.87},{"type":"B","date":"2018-04-06T06:49:05.000Z","volume":2000,"label":" ","price":1.87},{"type":"B","date":"2018-04-06T06:51:18.000Z","volume":6000,"label":" ","price":1.87},{"type":"B","date":"2018-04-06T06:51:23.000Z","volume":2000,"label":" ","price":1.87},{"type":"B","date":"2018-04-06T06:51:29.000Z","volume":2000,"label":" ","price":1.87},{"type":"B","date":"2018-04-06T06:52:29.000Z","volume":2000,"label":" ","price":1.87},{"type":"B","date":"2018-04-06T06:53:35.000Z","volume":2000,"label":" ","price":1.87},{"type":"B","date":"2018-04-06T06:53:59.000Z","volume":2000,"label":" ","price":1.87},{"type":"B","date":"2018-04-06T06:55:24.000Z","volume":2000,"label":" ","price":1.87},{"type":"B","date":"2018-04-06T06:55:51.000Z","volume":2000,"label":" ","price":1.87},{"type":"B","date":"2018-04-06T06:56:59.000Z","volume":2000,"label":" ","price":1.87},{"type":"B","date":"2018-04-06T06:58:01.000Z","volume":2000,"label":" ","price":1.87},{"type":"B","date":"2018-04-06T06:59:04.000Z","volume":4000,"label":" ","price":1.87},{"type":"B","date":"2018-04-06T06:59:19.000Z","volume":30000,"label":" ","price":1.87},{"type":"B","date":"2018-04-06T06:59:24.000Z","volume":2000,"label":" ","price":1.87},{"type":"B","date":"2018-04-06T06:59:29.000Z","volume":2000,"label":" ","price":1.87},{"type":"B","date":"2018-04-06T07:00:22.000Z","volume":70000,"label":"Y","price":1.87},{"type":"B","date":"2018-04-06T07:01:13.000Z","volume":2000,"label":" ","price":1.87},{"type":"B","date":"2018-04-06T07:01:59.000Z","volume":2000,"label":" ","price":1.87},{"type":"B","date":"2018-04-06T07:02:29.000Z","volume":2000,"label":" ","price":1.87},{"type":"B","date":"2018-04-06T07:03:15.000Z","volume":2000,"label":" ","price":1.87},{"type":"B","date":"2018-04-06T07:04:29.000Z","volume":2000,"label":" ","price":1.87},{"type":"B","date":"2018-04-06T07:05:24.000Z","volume":4000,"label":" ","price":1.87},{"type":"B","date":"2018-04-06T07:05:33.000Z","volume":2000,"label":" ","price":1.87},{"type":"B","date":"2018-04-06T07:05:33.000Z","volume":6000,"label":" ","price":1.87},{"type":"B","date":"2018-04-06T07:06:59.000Z","volume":2000,"label":" ","price":1.87},{"type":"B","date":"2018-04-06T07:07:31.000Z","volume":2000,"label":" ","price":1.87},{"type":"B","date":"2018-04-06T07:09:29.000Z","volume":2000,"label":" ","price":1.87},{"type":"B","date":"2018-04-06T07:09:29.000Z","volume":2000,"label":" ","price":1.87},{"type":"B","date":"2018-04-06T07:11:45.000Z","volume":2000,"label":" ","price":1.87},{"type":"B","date":"2018-04-06T07:11:59.000Z","volume":2000,"label":" ","price":1.87},{"type":"B","date":"2018-04-06T07:12:59.000Z","volume":2000,"label":" ","price":1.87},{"type":"B","date":"2018-04-06T07:13:49.000Z","volume":2000,"label":" ","price":1.87},{"type":"B","date":"2018-04-06T07:14:29.000Z","volume":2000,"label":" ","price":1.87},{"type":"B","date":"2018-04-06T07:15:49.000Z","volume":2000,"label":" ","price":1.87},{"type":"B","date":"2018-04-06T07:16:59.000Z","volume":2000,"label":" ","price":1.87},{"type":"B","date":"2018-04-06T07:17:41.000Z","volume":2000,"label":" ","price":1.87},{"type":"B","date":"2018-04-06T07:19:30.000Z","volume":2000,"label":" ","price":1.87},{"type":"B","date":"2018-04-06T07:19:33.000Z","volume":2000,"label":" ","price":1.87},{"type":"B","date":"2018-04-06T07:21:27.000Z","volume":2000,"label":" ","price":1.87},{"type":"B","date":"2018-04-06T07:22:00.000Z","volume":2000,"label":" ","price":1.87},{"type":"B","date":"2018-04-06T07:23:27.000Z","volume":2000,"label":" ","price":1.87},{"type":"B","date":"2018-04-06T07:23:30.000Z","volume":2000,"label":" ","price":1.87},{"type":"B","date":"2018-04-06T07:23:30.000Z","volume":4000,"label":" ","price":1.87},{"type":"B","date":"2018-04-06T07:24:30.000Z","volume":2000,"label":" ","price":1.87},{"type":"B","date":"2018-04-06T07:25:18.000Z","volume":2000,"label":" ","price":1.87},{"type":"B","date":"2018-04-06T07:25:18.000Z","volume":2000,"label":" ","price":1.87},{"type":"B","date":"2018-04-06T07:26:55.000Z","volume":2000,"label":" ","price":1.87},{"type":"B","date":"2018-04-06T07:27:00.000Z","volume":2000,"label":" ","price":1.87},{"type":"B","date":"2018-04-06T07:27:11.000Z","volume":300000,"label":" ","price":1.87},{"type":"B","date":"2018-04-06T07:27:11.000Z","volume":12000,"label":" ","price":1.87},{"type":"B","date":"2018-04-06T07:27:11.000Z","volume":2000,"label":" ","price":1.87},{"type":"B","date":"2018-04-06T07:27:37.000Z","volume":2000,"label":" ","price":1.87},{"type":"B","date":"2018-04-06T07:27:38.000Z","volume":28000,"label":" ","price":1.87},{"type":"B","date":"2018-04-06T07:27:53.000Z","volume":30000,"label":" ","price":1.87},{"type":"B","date":"2018-04-06T07:28:25.000Z","volume":4000,"label":" ","price":1.87},{"type":"B","date":"2018-04-06T07:28:39.000Z","volume":2000,"label":" ","price":1.87},{"type":"B","date":"2018-04-06T07:28:39.000Z","volume":8000,"label":" ","price":1.87},{"type":"B","date":"2018-04-06T07:28:51.000Z","volume":2000,"label":" ","price":1.87},{"type":"B","date":"2018-04-06T07:28:51.000Z","volume":2000,"label":" ","price":1.87},{"type":"B","date":"2018-04-06T07:29:30.000Z","volume":2000,"label":" ","price":1.87},{"type":"B","date":"2018-04-06T07:31:30.000Z","volume":2000,"label":" ","price":1.87},{"type":"B","date":"2018-04-06T07:33:00.000Z","volume":2000,"label":" ","price":1.87},{"type":"B","date":"2018-04-06T07:34:00.000Z","volume":2000,"label":" ","price":1.87},{"type":"B","date":"2018-04-06T07:35:24.000Z","volume":2000,"label":" ","price":1.87},{"type":"B","date":"2018-04-06T07:36:00.000Z","volume":2000,"label":" ","price":1.87},{"type":"B","date":"2018-04-06T07:38:30.000Z","volume":2000,"label":" ","price":1.87},{"type":"B","date":"2018-04-06T07:40:30.000Z","volume":2000,"label":" ","price":1.87},{"type":"B","date":"2018-04-06T07:42:00.000Z","volume":2000,"label":" ","price":1.87},{"type":"B","date":"2018-04-06T07:42:30.000Z","volume":2000,"label":" ","price":1.87},{"type":"B","date":"2018-04-06T07:44:30.000Z","volume":2000,"label":" ","price":1.87},{"type":"B","date":"2018-04-06T07:44:48.000Z","volume":10000,"label":" ","price":1.87},{"type":"B","date":"2018-04-06T07:44:48.000Z","volume":2000,"label":" ","price":1.87},{"type":"B","date":"2018-04-06T07:44:51.000Z","volume":16000,"label":" ","price":1.87},{"type":"B","date":"2018-04-06T07:45:24.000Z","volume":2000,"label":" ","price":1.87},{"type":"B","date":"2018-04-06T07:45:30.000Z","volume":4000,"label":" ","price":1.87},{"type":"B","date":"2018-04-06T07:46:31.000Z","volume":2000,"label":" ","price":1.87},{"type":"B","date":"2018-04-06T07:48:31.000Z","volume":2000,"label":" ","price":1.87},{"type":"B","date":"2018-04-06T07:49:31.000Z","volume":2000,"label":" ","price":1.87},{"type":"B","date":"2018-04-06T07:50:31.000Z","volume":2000,"label":" ","price":1.87},{"type":"B","date":"2018-04-06T07:51:31.000Z","volume":2000,"label":" ","price":1.87},{"type":"B","date":"2018-04-06T07:52:01.000Z","volume":2000,"label":" ","price":1.87},{"type":"B","date":"2018-04-06T07:52:01.000Z","volume":6000,"label":" ","price":1.87},{"type":"B","date":"2018-04-06T07:52:41.000Z","volume":2000,"label":" ","price":1.87},{"type":"B","date":"2018-04-06T07:53:01.000Z","volume":2000,"label":" ","price":1.87},{"type":"B","date":"2018-04-06T07:54:01.000Z","volume":2000,"label":" ","price":1.87},{"type":"B","date":"2018-04-06T07:54:31.000Z","volume":2000,"label":" ","price":1.87},{"type":"B","date":"2018-04-06T07:55:01.000Z","volume":6000,"label":" ","price":1.87},{"type":"B","date":"2018-04-06T07:55:23.000Z","volume":2000,"label":" ","price":1.87},{"type":"B","date":"2018-04-06T07:55:31.000Z","volume":2000,"label":" ","price":1.87},{"type":"B","date":"2018-04-06T07:57:31.000Z","volume":2000,"label":" ","price":1.87},{"type":"A","date":"2018-04-06T07:57:43.000Z","volume":24000,"label":" ","price":1.88},{"type":"B","date":"2018-04-06T07:58:01.000Z","volume":2000,"label":" ","price":1.87},{"type":"B","date":"2018-04-06T07:58:01.000Z","volume":2000,"label":" ","price":1.87},{"type":"B","date":"2018-04-06T07:59:01.000Z","volume":2000,"label":" ","price":1.87},{"type":"B","date":"2018-04-06T07:59:01.000Z","volume":2000,"label":" ","price":1.87},{"type":"B","date":"2018-04-06T07:59:30.000Z","volume":4000,"label":" ","price":1.87},{"type":"B","date":"2018-04-06T07:59:55.000Z","volume":2000,"label":" ","price":1.87},{"type":"A","date":"2018-04-06T07:59:59.000Z","volume":4000,"label":" ","price":1.88},{"type":"U","date":"2018-04-06T08:08:20.000Z","volume":100000,"label":"U","price":1.87}]