[{"type":"B","date":"2018-04-11T02:28:58.000Z","volume":160000,"label":" ","price":0.236},{"type":"B","date":"2018-04-11T03:33:12.000Z","volume":120000,"label":" ","price":0.237},{"type":"A","date":"2018-04-11T03:33:44.000Z","volume":32000,"label":" ","price":0.237},{"type":"B","date":"2018-04-11T06:19:35.000Z","volume":48000,"label":" ","price":0.237},{"type":"A","date":"2018-04-11T06:20:21.000Z","volume":48000,"label":" ","price":0.237},{"type":"A","date":"2018-04-11T06:20:30.000Z","volume":88000,"label":" ","price":0.237},{"type":"B","date":"2018-04-11T07:09:45.000Z","volume":8000,"label":" ","price":0.244},{"type":"B","date":"2018-04-11T07:41:21.000Z","volume":256000,"label":" ","price":0.237},{"type":"B","date":"2018-04-11T07:41:21.000Z","volume":1032000,"label":" ","price":0.236},{"type":"B","date":"2018-04-11T07:42:39.000Z","volume":96000,"label":" ","price":0.24},{"type":"B","date":"2018-04-11T07:42:41.000Z","volume":400000,"label":" ","price":0.24},{"type":"B","date":"2018-04-11T07:44:15.000Z","volume":2736000,"label":"Y","price":0.24},{"type":"A","date":"2018-04-11T07:44:59.000Z","volume":120000,"label":" ","price":0.244},{"type":"A","date":"2018-04-11T07:47:43.000Z","volume":176000,"label":" ","price":0.244},{"type":"A","date":"2018-04-11T07:47:59.000Z","volume":320000,"label":" ","price":0.245},{"type":"A","date":"2018-04-11T07:49:05.000Z","volume":112000,"label":" ","price":0.248},{"type":"A","date":"2018-04-11T07:49:29.000Z","volume":96000,"label":" ","price":0.248},{"type":"A","date":"2018-04-11T07:50:25.000Z","volume":120000,"label":" ","price":0.25},{"type":"A","date":"2018-04-11T07:50:56.000Z","volume":40000,"label":" ","price":0.25},{"type":"A","date":"2018-04-11T07:50:57.000Z","volume":40000,"label":" ","price":0.25},{"type":"B","date":"2018-04-11T07:52:10.000Z","volume":96000,"label":" ","price":0.245},{"type":"A","date":"2018-04-11T07:58:46.000Z","volume":40000,"label":" ","price":0.245},{"type":"A","date":"2018-04-11T07:59:34.000Z","volume":80000,"label":" ","price":0.245},{"type":"A","date":"2018-04-11T07:59:44.000Z","volume":96000,"label":" ","price":0.245}]