[{"type":"A","date":"2018-03-19T07:45:40.000Z","volume":500000,"price":0.98,"category":"ubbull"},{"type":"A","date":"2018-03-19T07:39:39.000Z","volume":500000,"price":0.98,"category":"ubbull"},{"type":"A","date":"2018-03-19T07:18:00.000Z","volume":512000,"price":0.99,"category":"ubbull"},{"type":"A","date":"2018-03-19T06:43:46.000Z","volume":600000,"price":0.98,"category":"ubbull"},{"type":"A","date":"2018-03-19T05:46:36.000Z","volume":874000,"price":0.99,"category":"ubbull"},{"type":"A","date":"2018-03-19T05:34:26.000Z","volume":400000,"price":0.99,"category":"ubbull"},{"type":"A","date":"2018-03-19T05:30:31.000Z","volume":600000,"price":0.99,"category":"ubbull"},{"type":"A","date":"2018-03-19T05:16:49.000Z","volume":1500000,"price":0.99,"category":"ubbull"},{"type":"A","date":"2018-03-19T03:30:28.000Z","volume":326000,"price":0.99,"category":"ubbull"},{"type":"A","date":"2018-03-19T03:26:25.000Z","volume":300000,"price":0.99,"category":"ubbull"},{"type":"A","date":"2018-03-19T03:21:44.000Z","volume":1000000,"price":0.99,"category":"ubbull"},{"type":"A","date":"2018-03-19T03:14:16.000Z","volume":400000,"price":0.99,"category":"ubbull"},{"type":"A","date":"2018-03-19T02:59:11.000Z","volume":500000,"price":0.99,"category":"ubbull"},{"type":"A","date":"2018-03-19T02:45:00.000Z","volume":942000,"price":0.99,"category":"ubbull"},{"type":"A","date":"2018-03-19T02:44:31.000Z","volume":1000000,"price":0.99,"category":"ubbull"},{"type":"A","date":"2018-03-19T02:43:38.000Z","volume":2000000,"price":0.99,"category":"ubbull"},{"type":"A","date":"2018-03-19T02:35:08.000Z","volume":330000,"price":0.99,"category":"ubbull"},{"type":"A","date":"2018-03-19T02:21:47.000Z","volume":2284000,"price":0.99,"category":"ubbull"},{"type":"A","date":"2018-03-19T02:19:05.000Z","volume":4188000,"price":0.99,"category":"ubbull"},{"type":"A","date":"2018-03-19T01:57:48.000Z","volume":400000,"price":0.99,"category":"ubbull"},{"type":"A","date":"2018-03-19T01:55:52.000Z","volume":300000,"price":0.99,"category":"ubbull"},{"type":"A","date":"2018-03-19T01:40:50.000Z","volume":300000,"price":0.99,"category":"ubbull"},{"type":"A","date":"2018-03-19T01:40:40.000Z","volume":300000,"price":0.99,"category":"ubbull"},{"type":"A","date":"2018-03-19T01:38:15.000Z","volume":454000,"price":0.99,"category":"ubbull"},{"type":"A","date":"2018-03-19T01:34:45.000Z","volume":452000,"price":0.99,"category":"ubbull"},{"type":"A","date":"2018-03-19T01:34:42.000Z","volume":300000,"price":0.99,"category":"ubbull"},{"type":"A","date":"2018-03-19T07:32:34.000Z","volume":190000,"price":0.98,"category":"bbull"},{"type":"A","date":"2018-03-19T06:43:23.000Z","volume":124000,"price":0.98,"category":"bbull"},{"type":"A","date":"2018-03-19T06:34:42.000Z","volume":100000,"price":0.98,"category":"bbull"},{"type":"A","date":"2018-03-19T06:29:16.000Z","volume":104000,"price":0.98,"category":"bbull"},{"type":"A","date":"2018-03-19T06:29:16.000Z","volume":94000,"price":0.98,"category":"bbull"},{"type":"A","date":"2018-03-19T06:02:03.000Z","volume":180000,"price":0.99,"category":"bbull"},{"type":"A","date":"2018-03-19T05:58:08.000Z","volume":200000,"price":0.99,"category":"bbull"},{"type":"A","date":"2018-03-19T05:49:42.000Z","volume":100000,"price":0.99,"category":"bbull"},{"type":"A","date":"2018-03-19T05:46:36.000Z","volume":126000,"price":0.99,"category":"bbull"},{"type":"A","date":"2018-03-19T05:36:11.000Z","volume":100000,"price":0.99,"category":"bbull"},{"type":"A","date":"2018-03-19T05:20:41.000Z","volume":100000,"price":0.99,"category":"bbull"},{"type":"A","date":"2018-03-19T05:20:23.000Z","volume":200000,"price":0.99,"category":"bbull"},{"type":"A","date":"2018-03-19T05:20:18.000Z","volume":100000,"price":0.99,"category":"bbull"},{"type":"A","date":"2018-03-19T05:12:36.000Z","volume":100000,"price":0.99,"category":"bbull"},{"type":"A","date":"2018-03-19T05:05:03.000Z","volume":100000,"price":0.99,"category":"bbull"},{"type":"A","date":"2018-03-19T03:48:47.000Z","volume":100000,"price":0.99,"category":"bbull"},{"type":"A","date":"2018-03-19T03:34:59.000Z","volume":140000,"price":0.99,"category":"bbull"},{"type":"A","date":"2018-03-19T03:33:31.000Z","volume":150000,"price":0.99,"category":"bbull"},{"type":"A","date":"2018-03-19T03:31:17.000Z","volume":200000,"price":0.99,"category":"bbull"},{"type":"A","date":"2018-03-19T03:23:29.000Z","volume":200000,"price":0.99,"category":"bbull"},{"type":"A","date":"2018-03-19T03:22:07.000Z","volume":100000,"price":0.99,"category":"bbull"},{"type":"A","date":"2018-03-19T03:15:15.000Z","volume":100000,"price":0.99,"category":"bbull"},{"type":"A","date":"2018-03-19T03:14:34.000Z","volume":100000,"price":0.99,"category":"bbull"},{"type":"A","date":"2018-03-19T03:06:58.000Z","volume":100000,"price":0.99,"category":"bbull"},{"type":"A","date":"2018-03-19T03:02:54.000Z","volume":100000,"price":0.99,"category":"bbull"},{"type":"A","date":"2018-03-19T03:00:21.000Z","volume":200000,"price":0.99,"category":"bbull"},{"type":"A","date":"2018-03-19T02:58:19.000Z","volume":100000,"price":0.99,"category":"bbull"},{"type":"A","date":"2018-03-19T02:56:09.000Z","volume":200000,"price":0.99,"category":"bbull"},{"type":"A","date":"2018-03-19T02:44:13.000Z","volume":106000,"price":0.99,"category":"bbull"},{"type":"A","date":"2018-03-19T02:42:52.000Z","volume":100000,"price":0.99,"category":"bbull"},{"type":"A","date":"2018-03-19T02:23:30.000Z","volume":100000,"price":1,"category":"bbull"},{"type":"A","date":"2018-03-19T02:20:51.000Z","volume":200000,"price":0.99,"category":"bbull"},{"type":"A","date":"2018-03-19T02:19:13.000Z","volume":184000,"price":1,"category":"bbull"},{"type":"A","date":"2018-03-19T02:08:44.000Z","volume":186000,"price":0.99,"category":"bbull"},{"type":"A","date":"2018-03-19T02:06:55.000Z","volume":96000,"price":0.99,"category":"bbull"},{"type":"A","date":"2018-03-19T02:04:00.000Z","volume":258000,"price":0.99,"category":"bbull"},{"type":"A","date":"2018-03-19T01:59:45.000Z","volume":246000,"price":0.99,"category":"bbull"},{"type":"A","date":"2018-03-19T01:57:38.000Z","volume":100000,"price":0.99,"category":"bbull"},{"type":"A","date":"2018-03-19T01:56:02.000Z","volume":100000,"price":0.99,"category":"bbull"},{"type":"A","date":"2018-03-19T01:41:13.000Z","volume":100000,"price":0.99,"category":"bbull"},{"type":"A","date":"2018-03-19T01:41:13.000Z","volume":116000,"price":0.99,"category":"bbull"},{"type":"A","date":"2018-03-19T01:39:21.000Z","volume":100000,"price":0.99,"category":"bbull"},{"type":"A","date":"2018-03-19T01:39:11.000Z","volume":292000,"price":0.99,"category":"bbull"},{"type":"A","date":"2018-03-19T01:38:20.000Z","volume":100000,"price":0.99,"category":"bbull"},{"type":"A","date":"2018-03-19T01:37:19.000Z","volume":100000,"price":0.99,"category":"bbull"},{"type":"A","date":"2018-03-19T01:37:11.000Z","volume":100000,"price":0.99,"category":"bbull"},{"type":"A","date":"2018-03-19T01:37:04.000Z","volume":100000,"price":0.99,"category":"bbull"},{"type":"A","date":"2018-03-19T01:35:19.000Z","volume":100000,"price":0.99,"category":"bbull"},{"type":"A","date":"2018-03-19T01:34:53.000Z","volume":198000,"price":0.99,"category":"bbull"},{"type":"A","date":"2018-03-19T01:34:52.000Z","volume":200000,"price":0.99,"category":"bbull"},{"type":"A","date":"2018-03-19T01:34:46.000Z","volume":200000,"price":0.99,"category":"bbull"},{"type":"A","date":"2018-03-19T01:34:45.000Z","volume":146000,"price":0.99,"category":"bbull"},{"type":"A","date":"2018-03-19T01:34:11.000Z","volume":100000,"price":0.99,"category":"bbull"},{"type":"A","date":"2018-03-19T01:31:41.000Z","volume":162000,"price":0.98,"category":"bbull"},{"type":"A","date":"2018-03-19T01:30:31.000Z","volume":100000,"price":0.99,"category":"bbull"},{"type":"A","date":"2018-03-19T01:30:29.000Z","volume":100000,"price":0.99,"category":"bbull"},{"type":"A","date":"2018-03-19T07:59:58.000Z","volume":2000,"price":0.98,"category":"rbull"},{"type":"A","date":"2018-03-19T07:59:44.000Z","volume":2000,"price":0.98,"category":"rbull"},{"type":"A","date":"2018-03-19T07:59:43.000Z","volume":2000,"price":0.98,"category":"rbull"},{"type":"A","date":"2018-03-19T07:59:37.000Z","volume":6000,"price":0.98,"category":"rbull"},{"type":"A","date":"2018-03-19T07:59:30.000Z","volume":2000,"price":0.98,"category":"rbull"},{"type":"A","date":"2018-03-19T07:59:23.000Z","volume":2000,"price":0.98,"category":"rbull"},{"type":"A","date":"2018-03-19T07:58:43.000Z","volume":2000,"price":0.98,"category":"rbull"},{"type":"A","date":"2018-03-19T07:58:25.000Z","volume":2000,"price":0.98,"category":"rbull"},{"type":"A","date":"2018-03-19T07:57:52.000Z","volume":2000,"price":0.98,"category":"rbull"},{"type":"A","date":"2018-03-19T07:57:02.000Z","volume":2000,"price":0.98,"category":"rbull"},{"type":"A","date":"2018-03-19T07:56:12.000Z","volume":2000,"price":0.98,"category":"rbull"},{"type":"A","date":"2018-03-19T07:55:55.000Z","volume":2000,"price":0.98,"category":"rbull"},{"type":"A","date":"2018-03-19T07:55:01.000Z","volume":2000,"price":0.98,"category":"rbull"},{"type":"A","date":"2018-03-19T07:54:48.000Z","volume":2000,"price":0.98,"category":"rbull"},{"type":"A","date":"2018-03-19T07:53:50.000Z","volume":2000,"price":0.98,"category":"rbull"},{"type":"A","date":"2018-03-19T07:51:10.000Z","volume":2000,"price":0.98,"category":"rbull"},{"type":"A","date":"2018-03-19T07:50:55.000Z","volume":2000,"price":0.98,"category":"rbull"},{"type":"A","date":"2018-03-19T07:49:30.000Z","volume":2000,"price":0.98,"category":"rbull"},{"type":"A","date":"2018-03-19T07:47:49.000Z","volume":2000,"price":0.98,"category":"rbull"},{"type":"A","date":"2018-03-19T07:45:59.000Z","volume":2000,"price":0.98,"category":"rbull"},{"type":"A","date":"2018-03-19T07:43:59.000Z","volume":2000,"price":0.98,"category":"rbull"},{"type":"A","date":"2018-03-19T07:38:29.000Z","volume":2000,"price":0.98,"category":"rbull"},{"type":"A","date":"2018-03-19T07:30:07.000Z","volume":2000,"price":0.99,"category":"rbull"},{"type":"A","date":"2018-03-19T07:27:17.000Z","volume":2000,"price":0.99,"category":"rbull"},{"type":"A","date":"2018-03-19T07:24:24.000Z","volume":2000,"price":0.99,"category":"rbull"},{"type":"A","date":"2018-03-19T07:24:16.000Z","volume":2000,"price":0.99,"category":"rbull"},{"type":"A","date":"2018-03-19T07:24:06.000Z","volume":4000,"price":0.99,"category":"rbull"},{"type":"A","date":"2018-03-19T07:23:46.000Z","volume":2000,"price":0.99,"category":"rbull"},{"type":"A","date":"2018-03-19T07:20:24.000Z","volume":2000,"price":0.99,"category":"rbull"},{"type":"A","date":"2018-03-19T07:17:14.000Z","volume":2000,"price":0.99,"category":"rbull"},{"type":"A","date":"2018-03-19T07:16:24.000Z","volume":2000,"price":0.99,"category":"rbull"},{"type":"A","date":"2018-03-19T07:13:54.000Z","volume":2000,"price":0.99,"category":"rbull"},{"type":"A","date":"2018-03-19T07:10:54.000Z","volume":2000,"price":0.99,"category":"rbull"},{"type":"A","date":"2018-03-19T07:08:04.000Z","volume":2000,"price":0.99,"category":"rbull"},{"type":"A","date":"2018-03-19T07:05:23.000Z","volume":2000,"price":0.99,"category":"rbull"},{"type":"A","date":"2018-03-19T07:02:53.000Z","volume":2000,"price":0.99,"category":"rbull"},{"type":"A","date":"2018-03-19T07:00:32.000Z","volume":2000,"price":0.99,"category":"rbull"},{"type":"A","date":"2018-03-19T06:56:21.000Z","volume":4000,"price":0.99,"category":"rbull"},{"type":"A","date":"2018-03-19T06:50:31.000Z","volume":4000,"price":0.99,"category":"rbull"},{"type":"A","date":"2018-03-19T06:48:31.000Z","volume":2000,"price":0.99,"category":"rbull"},{"type":"A","date":"2018-03-19T06:46:40.000Z","volume":2000,"price":0.99,"category":"rbull"},{"type":"A","date":"2018-03-19T06:44:50.000Z","volume":2000,"price":0.99,"category":"rbull"},{"type":"A","date":"2018-03-19T06:43:48.000Z","volume":4000,"price":0.98,"category":"rbull"},{"type":"A","date":"2018-03-19T06:43:35.000Z","volume":2000,"price":0.98,"category":"rbull"},{"type":"A","date":"2018-03-19T06:43:15.000Z","volume":4000,"price":0.98,"category":"rbull"},{"type":"A","date":"2018-03-19T06:43:00.000Z","volume":2000,"price":0.98,"category":"rbull"},{"type":"A","date":"2018-03-19T06:40:45.000Z","volume":4000,"price":0.98,"category":"rbull"},{"type":"A","date":"2018-03-19T06:40:19.000Z","volume":4000,"price":0.98,"category":"rbull"},{"type":"A","date":"2018-03-19T06:39:19.000Z","volume":4000,"price":0.98,"category":"rbull"},{"type":"A","date":"2018-03-19T06:38:15.000Z","volume":4000,"price":0.98,"category":"rbull"},{"type":"A","date":"2018-03-19T06:37:19.000Z","volume":2000,"price":0.98,"category":"rbull"},{"type":"A","date":"2018-03-19T06:35:18.000Z","volume":4000,"price":0.98,"category":"rbull"},{"type":"A","date":"2018-03-19T06:33:28.000Z","volume":4000,"price":0.98,"category":"rbull"},{"type":"A","date":"2018-03-19T06:31:54.000Z","volume":2000,"price":0.98,"category":"rbull"},{"type":"A","date":"2018-03-19T06:27:00.000Z","volume":6000,"price":0.98,"category":"rbull"},{"type":"A","date":"2018-03-19T06:26:47.000Z","volume":4000,"price":0.98,"category":"rbull"},{"type":"A","date":"2018-03-19T06:25:07.000Z","volume":6000,"price":0.98,"category":"rbull"},{"type":"A","date":"2018-03-19T06:24:36.000Z","volume":4000,"price":0.99,"category":"rbull"},{"type":"A","date":"2018-03-19T06:24:13.000Z","volume":2000,"price":0.99,"category":"rbull"},{"type":"A","date":"2018-03-19T06:23:14.000Z","volume":4000,"price":0.99,"category":"rbull"},{"type":"A","date":"2018-03-19T06:22:05.000Z","volume":2000,"price":0.99,"category":"rbull"},{"type":"A","date":"2018-03-19T06:20:44.000Z","volume":4000,"price":0.99,"category":"rbull"},{"type":"A","date":"2018-03-19T06:19:34.000Z","volume":2000,"price":0.99,"category":"rbull"},{"type":"A","date":"2018-03-19T06:18:17.000Z","volume":4000,"price":0.99,"category":"rbull"},{"type":"A","date":"2018-03-19T06:17:44.000Z","volume":4000,"price":0.99,"category":"rbull"},{"type":"A","date":"2018-03-19T06:15:56.000Z","volume":2000,"price":0.99,"category":"rbull"},{"type":"A","date":"2018-03-19T06:15:39.000Z","volume":2000,"price":0.99,"category":"rbull"},{"type":"A","date":"2018-03-19T06:14:33.000Z","volume":4000,"price":0.99,"category":"rbull"},{"type":"A","date":"2018-03-19T06:12:44.000Z","volume":2000,"price":0.99,"category":"rbull"},{"type":"A","date":"2018-03-19T06:11:53.000Z","volume":2000,"price":0.99,"category":"rbull"},{"type":"A","date":"2018-03-19T06:11:44.000Z","volume":6000,"price":0.99,"category":"rbull"},{"type":"A","date":"2018-03-19T06:09:22.000Z","volume":2000,"price":0.99,"category":"rbull"},{"type":"A","date":"2018-03-19T06:08:46.000Z","volume":4000,"price":0.99,"category":"rbull"},{"type":"A","date":"2018-03-19T06:06:51.000Z","volume":2000,"price":0.99,"category":"rbull"},{"type":"A","date":"2018-03-19T06:04:21.000Z","volume":2000,"price":0.99,"category":"rbull"},{"type":"A","date":"2018-03-19T06:02:01.000Z","volume":2000,"price":0.99,"category":"rbull"},{"type":"A","date":"2018-03-19T06:00:16.000Z","volume":4000,"price":0.99,"category":"rbull"},{"type":"A","date":"2018-03-19T05:59:40.000Z","volume":2000,"price":0.99,"category":"rbull"},{"type":"A","date":"2018-03-19T05:58:08.000Z","volume":2000,"price":0.99,"category":"rbull"},{"type":"A","date":"2018-03-19T05:57:20.000Z","volume":2000,"price":0.99,"category":"rbull"},{"type":"A","date":"2018-03-19T05:55:10.000Z","volume":2000,"price":0.99,"category":"rbull"},{"type":"A","date":"2018-03-19T05:51:57.000Z","volume":2000,"price":0.99,"category":"rbull"},{"type":"A","date":"2018-03-19T05:51:52.000Z","volume":6000,"price":0.99,"category":"rbull"},{"type":"A","date":"2018-03-19T05:51:15.000Z","volume":4000,"price":0.99,"category":"rbull"},{"type":"A","date":"2018-03-19T05:50:49.000Z","volume":4000,"price":0.99,"category":"rbull"},{"type":"A","date":"2018-03-19T05:50:00.000Z","volume":2000,"price":0.99,"category":"rbull"},{"type":"A","date":"2018-03-19T05:50:00.000Z","volume":2000,"price":0.99,"category":"rbull"},{"type":"A","date":"2018-03-19T05:49:58.000Z","volume":2000,"price":0.99,"category":"rbull"},{"type":"A","date":"2018-03-19T05:48:28.000Z","volume":2000,"price":0.99,"category":"rbull"},{"type":"A","date":"2018-03-19T05:46:36.000Z","volume":4000,"price":0.99,"category":"rbull"},{"type":"A","date":"2018-03-19T05:46:08.000Z","volume":2000,"price":0.99,"category":"rbull"},{"type":"A","date":"2018-03-19T05:43:48.000Z","volume":2000,"price":0.99,"category":"rbull"},{"type":"A","date":"2018-03-19T05:41:45.000Z","volume":4000,"price":0.99,"category":"rbull"},{"type":"A","date":"2018-03-19T05:32:15.000Z","volume":4000,"price":0.99,"category":"rbull"},{"type":"A","date":"2018-03-19T05:31:40.000Z","volume":2000,"price":0.99,"category":"rbull"},{"type":"A","date":"2018-03-19T05:30:44.000Z","volume":2000,"price":0.99,"category":"rbull"},{"type":"A","date":"2018-03-19T05:30:31.000Z","volume":4000,"price":0.99,"category":"rbull"},{"type":"A","date":"2018-03-19T05:24:31.000Z","volume":2000,"price":0.99,"category":"rbull"},{"type":"A","date":"2018-03-19T05:22:44.000Z","volume":4000,"price":0.99,"category":"rbull"},{"type":"A","date":"2018-03-19T05:17:29.000Z","volume":4000,"price":0.99,"category":"rbull"},{"type":"A","date":"2018-03-19T05:16:55.000Z","volume":2000,"price":0.99,"category":"rbull"},{"type":"A","date":"2018-03-19T05:16:55.000Z","volume":2000,"price":0.99,"category":"rbull"},{"type":"A","date":"2018-03-19T05:15:14.000Z","volume":2000,"price":0.99,"category":"rbull"},{"type":"A","date":"2018-03-19T05:14:54.000Z","volume":2000,"price":0.99,"category":"rbull"},{"type":"A","date":"2018-03-19T05:12:44.000Z","volume":4000,"price":0.99,"category":"rbull"},{"type":"A","date":"2018-03-19T05:12:34.000Z","volume":2000,"price":0.99,"category":"rbull"},{"type":"A","date":"2018-03-19T05:10:13.000Z","volume":2000,"price":0.99,"category":"rbull"},{"type":"A","date":"2018-03-19T05:03:13.000Z","volume":4000,"price":0.99,"category":"rbull"},{"type":"A","date":"2018-03-19T05:00:03.000Z","volume":4000,"price":0.99,"category":"rbull"},{"type":"A","date":"2018-03-19T03:57:00.000Z","volume":2000,"price":0.99,"category":"rbull"},{"type":"A","date":"2018-03-19T03:53:10.000Z","volume":2000,"price":0.99,"category":"rbull"},{"type":"A","date":"2018-03-19T03:49:39.000Z","volume":2000,"price":0.99,"category":"rbull"},{"type":"A","date":"2018-03-19T03:48:04.000Z","volume":2000,"price":0.99,"category":"rbull"},{"type":"A","date":"2018-03-19T03:45:39.000Z","volume":2000,"price":0.99,"category":"rbull"},{"type":"A","date":"2018-03-19T03:42:41.000Z","volume":4000,"price":0.99,"category":"rbull"},{"type":"A","date":"2018-03-19T03:40:28.000Z","volume":2000,"price":0.99,"category":"rbull"},{"type":"A","date":"2018-03-19T03:40:21.000Z","volume":2000,"price":0.99,"category":"rbull"},{"type":"A","date":"2018-03-19T03:36:27.000Z","volume":2000,"price":0.99,"category":"rbull"},{"type":"A","date":"2018-03-19T03:36:27.000Z","volume":4000,"price":0.99,"category":"rbull"},{"type":"A","date":"2018-03-19T03:34:48.000Z","volume":4000,"price":0.99,"category":"rbull"},{"type":"A","date":"2018-03-19T03:33:57.000Z","volume":2000,"price":0.99,"category":"rbull"},{"type":"A","date":"2018-03-19T03:32:49.000Z","volume":2000,"price":0.99,"category":"rbull"},{"type":"A","date":"2018-03-19T03:31:40.000Z","volume":4000,"price":0.99,"category":"rbull"},{"type":"A","date":"2018-03-19T03:30:47.000Z","volume":2000,"price":0.99,"category":"rbull"},{"type":"A","date":"2018-03-19T03:29:59.000Z","volume":4000,"price":0.99,"category":"rbull"},{"type":"A","date":"2018-03-19T03:28:16.000Z","volume":2000,"price":0.99,"category":"rbull"},{"type":"A","date":"2018-03-19T03:25:55.000Z","volume":2000,"price":0.99,"category":"rbull"},{"type":"A","date":"2018-03-19T03:24:04.000Z","volume":2000,"price":0.99,"category":"rbull"},{"type":"A","date":"2018-03-19T03:23:29.000Z","volume":2000,"price":0.99,"category":"rbull"},{"type":"A","date":"2018-03-19T03:22:14.000Z","volume":2000,"price":0.99,"category":"rbull"},{"type":"A","date":"2018-03-19T03:22:10.000Z","volume":4000,"price":0.99,"category":"rbull"},{"type":"A","date":"2018-03-19T03:20:34.000Z","volume":2000,"price":0.99,"category":"rbull"},{"type":"A","date":"2018-03-19T03:18:54.000Z","volume":2000,"price":0.99,"category":"rbull"},{"type":"A","date":"2018-03-19T03:17:23.000Z","volume":2000,"price":0.99,"category":"rbull"},{"type":"A","date":"2018-03-19T03:16:01.000Z","volume":2000,"price":0.99,"category":"rbull"},{"type":"A","date":"2018-03-19T03:15:53.000Z","volume":2000,"price":0.99,"category":"rbull"},{"type":"A","date":"2018-03-19T03:14:33.000Z","volume":2000,"price":0.99,"category":"rbull"},{"type":"A","date":"2018-03-19T03:13:40.000Z","volume":2000,"price":0.99,"category":"rbull"},{"type":"A","date":"2018-03-19T03:13:02.000Z","volume":2000,"price":0.99,"category":"rbull"},{"type":"A","date":"2018-03-19T03:11:42.000Z","volume":2000,"price":0.99,"category":"rbull"},{"type":"A","date":"2018-03-19T03:10:39.000Z","volume":4000,"price":0.99,"category":"rbull"},{"type":"A","date":"2018-03-19T03:10:22.000Z","volume":2000,"price":0.99,"category":"rbull"},{"type":"A","date":"2018-03-19T03:09:01.000Z","volume":2000,"price":0.99,"category":"rbull"},{"type":"A","date":"2018-03-19T03:07:41.000Z","volume":2000,"price":0.99,"category":"rbull"},{"type":"A","date":"2018-03-19T03:06:21.000Z","volume":2000,"price":0.99,"category":"rbull"},{"type":"A","date":"2018-03-19T03:05:01.000Z","volume":2000,"price":0.99,"category":"rbull"},{"type":"A","date":"2018-03-19T03:03:58.000Z","volume":4000,"price":0.99,"category":"rbull"},{"type":"A","date":"2018-03-19T03:03:31.000Z","volume":2000,"price":0.99,"category":"rbull"},{"type":"A","date":"2018-03-19T03:02:52.000Z","volume":2000,"price":0.99,"category":"rbull"},{"type":"A","date":"2018-03-19T03:02:10.000Z","volume":2000,"price":0.99,"category":"rbull"},{"type":"A","date":"2018-03-19T03:00:50.000Z","volume":2000,"price":0.99,"category":"rbull"},{"type":"A","date":"2018-03-19T02:59:30.000Z","volume":2000,"price":0.99,"category":"rbull"},{"type":"A","date":"2018-03-19T02:58:09.000Z","volume":2000,"price":0.99,"category":"rbull"},{"type":"A","date":"2018-03-19T02:56:49.000Z","volume":2000,"price":0.99,"category":"rbull"},{"type":"A","date":"2018-03-19T02:55:19.000Z","volume":2000,"price":0.99,"category":"rbull"},{"type":"A","date":"2018-03-19T02:53:58.000Z","volume":2000,"price":0.99,"category":"rbull"},{"type":"A","date":"2018-03-19T02:52:28.000Z","volume":2000,"price":0.99,"category":"rbull"},{"type":"A","date":"2018-03-19T02:51:08.000Z","volume":2000,"price":0.99,"category":"rbull"},{"type":"A","date":"2018-03-19T02:49:37.000Z","volume":2000,"price":0.99,"category":"rbull"},{"type":"A","date":"2018-03-19T02:48:07.000Z","volume":2000,"price":0.99,"category":"rbull"},{"type":"A","date":"2018-03-19T02:46:47.000Z","volume":2000,"price":0.99,"category":"rbull"},{"type":"A","date":"2018-03-19T02:45:13.000Z","volume":2000,"price":0.99,"category":"rbull"},{"type":"A","date":"2018-03-19T02:43:46.000Z","volume":2000,"price":0.99,"category":"rbull"},{"type":"A","date":"2018-03-19T02:42:16.000Z","volume":2000,"price":0.99,"category":"rbull"},{"type":"A","date":"2018-03-19T02:40:49.000Z","volume":2000,"price":0.99,"category":"rbull"},{"type":"A","date":"2018-03-19T02:40:46.000Z","volume":2000,"price":0.99,"category":"rbull"},{"type":"A","date":"2018-03-19T02:39:16.000Z","volume":2000,"price":0.99,"category":"rbull"},{"type":"A","date":"2018-03-19T02:37:45.000Z","volume":2000,"price":0.99,"category":"rbull"},{"type":"A","date":"2018-03-19T02:36:25.000Z","volume":2000,"price":0.99,"category":"rbull"},{"type":"A","date":"2018-03-19T02:27:15.000Z","volume":4000,"price":0.99,"category":"rbull"},{"type":"A","date":"2018-03-19T02:26:54.000Z","volume":2000,"price":0.99,"category":"rbull"},{"type":"A","date":"2018-03-19T02:26:07.000Z","volume":4000,"price":0.99,"category":"rbull"},{"type":"A","date":"2018-03-19T02:24:53.000Z","volume":2000,"price":1,"category":"rbull"},{"type":"A","date":"2018-03-19T02:23:33.000Z","volume":2000,"price":1,"category":"rbull"},{"type":"A","date":"2018-03-19T02:20:18.000Z","volume":4000,"price":0.99,"category":"rbull"},{"type":"A","date":"2018-03-19T02:19:55.000Z","volume":6000,"price":0.99,"category":"rbull"},{"type":"A","date":"2018-03-19T02:19:42.000Z","volume":2000,"price":1,"category":"rbull"},{"type":"A","date":"2018-03-19T02:18:22.000Z","volume":2000,"price":0.99,"category":"rbull"},{"type":"A","date":"2018-03-19T02:17:12.000Z","volume":2000,"price":0.99,"category":"rbull"},{"type":"A","date":"2018-03-19T02:16:02.000Z","volume":2000,"price":0.99,"category":"rbull"},{"type":"A","date":"2018-03-19T02:14:51.000Z","volume":2000,"price":0.99,"category":"rbull"},{"type":"A","date":"2018-03-19T02:13:41.000Z","volume":2000,"price":0.99,"category":"rbull"},{"type":"A","date":"2018-03-19T02:12:31.000Z","volume":2000,"price":0.99,"category":"rbull"},{"type":"A","date":"2018-03-19T02:11:31.000Z","volume":2000,"price":0.99,"category":"rbull"},{"type":"A","date":"2018-03-19T02:10:21.000Z","volume":2000,"price":0.99,"category":"rbull"},{"type":"A","date":"2018-03-19T02:09:21.000Z","volume":2000,"price":0.99,"category":"rbull"},{"type":"A","date":"2018-03-19T02:08:20.000Z","volume":2000,"price":0.99,"category":"rbull"},{"type":"A","date":"2018-03-19T02:07:20.000Z","volume":2000,"price":0.99,"category":"rbull"},{"type":"A","date":"2018-03-19T02:06:20.000Z","volume":2000,"price":0.99,"category":"rbull"},{"type":"A","date":"2018-03-19T02:05:20.000Z","volume":2000,"price":0.99,"category":"rbull"},{"type":"A","date":"2018-03-19T02:00:36.000Z","volume":4000,"price":0.99,"category":"rbull"},{"type":"A","date":"2018-03-19T01:55:05.000Z","volume":4000,"price":0.99,"category":"rbull"},{"type":"A","date":"2018-03-19T01:51:20.000Z","volume":4000,"price":1,"category":"rbull"},{"type":"A","date":"2018-03-19T01:51:05.000Z","volume":2000,"price":1,"category":"rbull"},{"type":"A","date":"2018-03-19T01:49:54.000Z","volume":6000,"price":1,"category":"rbull"},{"type":"A","date":"2018-03-19T01:47:32.000Z","volume":6000,"price":1,"category":"rbull"},{"type":"A","date":"2018-03-19T01:45:14.000Z","volume":4000,"price":1,"category":"rbull"},{"type":"A","date":"2018-03-19T01:41:16.000Z","volume":6000,"price":1,"category":"rbull"},{"type":"A","date":"2018-03-19T01:41:13.000Z","volume":2000,"price":1,"category":"rbull"},{"type":"A","date":"2018-03-19T01:41:05.000Z","volume":4000,"price":0.99,"category":"rbull"},{"type":"A","date":"2018-03-19T01:39:31.000Z","volume":2000,"price":0.99,"category":"rbull"},{"type":"A","date":"2018-03-19T01:35:45.000Z","volume":2000,"price":0.99,"category":"rbull"},{"type":"A","date":"2018-03-19T01:35:05.000Z","volume":4000,"price":0.99,"category":"rbull"},{"type":"A","date":"2018-03-19T01:33:26.000Z","volume":6000,"price":0.99,"category":"rbull"},{"type":"A","date":"2018-03-19T01:32:38.000Z","volume":4000,"price":0.99,"category":"rbull"},{"type":"A","date":"2018-03-19T01:32:26.000Z","volume":4000,"price":0.99,"category":"rbull"},{"type":"A","date":"2018-03-19T01:31:27.000Z","volume":2000,"price":0.98,"category":"rbull"},{"type":"A","date":"2018-03-19T01:31:23.000Z","volume":6000,"price":0.98,"category":"rbull"},{"type":"A","date":"2018-03-19T01:30:39.000Z","volume":2000,"price":0.99,"category":"rbull"},{"type":"A","date":"2018-03-19T01:30:34.000Z","volume":2000,"price":0.99,"category":"rbull"},{"type":"A","date":"2018-03-19T01:30:04.000Z","volume":6000,"price":1.01,"category":"rbull"},{"type":"A","date":"2018-03-19T01:30:04.000Z","volume":6000,"price":1.01,"category":"rbull"},{"type":"A","date":"2018-03-19T01:30:01.000Z","volume":4000,"price":1.02,"category":"rbull"},{"type":"B","date":"2018-03-19T07:59:57.000Z","volume":2000,"price":0.97,"category":"rbear"},{"type":"B","date":"2018-03-19T07:59:55.000Z","volume":2000,"price":0.97,"category":"rbear"},{"type":"B","date":"2018-03-19T07:59:40.000Z","volume":2000,"price":0.97,"category":"rbear"},{"type":"B","date":"2018-03-19T07:59:30.000Z","volume":2000,"price":0.97,"category":"rbear"},{"type":"B","date":"2018-03-19T07:59:16.000Z","volume":2000,"price":0.97,"category":"rbear"},{"type":"B","date":"2018-03-19T07:59:12.000Z","volume":4000,"price":0.97,"category":"rbear"},{"type":"B","date":"2018-03-19T07:58:40.000Z","volume":2000,"price":0.97,"category":"rbear"},{"type":"B","date":"2018-03-19T07:58:36.000Z","volume":4000,"price":0.97,"category":"rbear"},{"type":"B","date":"2018-03-19T07:58:24.000Z","volume":2000,"price":0.97,"category":"rbear"},{"type":"B","date":"2018-03-19T07:58:02.000Z","volume":6000,"price":0.97,"category":"rbear"},{"type":"B","date":"2018-03-19T07:57:25.000Z","volume":4000,"price":0.97,"category":"rbear"},{"type":"B","date":"2018-03-19T07:56:53.000Z","volume":4000,"price":0.97,"category":"rbear"},{"type":"B","date":"2018-03-19T07:56:17.000Z","volume":4000,"price":0.97,"category":"rbear"},{"type":"B","date":"2018-03-19T07:55:43.000Z","volume":6000,"price":0.97,"category":"rbear"},{"type":"B","date":"2018-03-19T07:52:01.000Z","volume":2000,"price":0.97,"category":"rbear"},{"type":"B","date":"2018-03-19T07:51:26.000Z","volume":4000,"price":0.97,"category":"rbear"},{"type":"B","date":"2018-03-19T07:51:10.000Z","volume":6000,"price":0.97,"category":"rbear"},{"type":"B","date":"2018-03-19T07:44:24.000Z","volume":2000,"price":0.97,"category":"rbear"},{"type":"B","date":"2018-03-19T07:25:09.000Z","volume":2000,"price":0.98,"category":"rbear"},{"type":"B","date":"2018-03-19T07:00:07.000Z","volume":2000,"price":0.98,"category":"rbear"},{"type":"B","date":"2018-03-19T06:39:47.000Z","volume":2000,"price":0.97,"category":"rbear"},{"type":"B","date":"2018-03-19T06:20:09.000Z","volume":6000,"price":0.98,"category":"rbear"},{"type":"B","date":"2018-03-19T06:12:11.000Z","volume":2000,"price":0.98,"category":"rbear"},{"type":"B","date":"2018-03-19T05:16:19.000Z","volume":2000,"price":0.98,"category":"rbear"},{"type":"B","date":"2018-03-19T05:10:51.000Z","volume":2000,"price":0.98,"category":"rbear"},{"type":"B","date":"2018-03-19T05:08:42.000Z","volume":2000,"price":0.98,"category":"rbear"},{"type":"B","date":"2018-03-19T05:05:03.000Z","volume":2000,"price":0.98,"category":"rbear"},{"type":"B","date":"2018-03-19T05:02:58.000Z","volume":4000,"price":0.98,"category":"rbear"},{"type":"B","date":"2018-03-19T03:59:25.000Z","volume":4000,"price":0.98,"category":"rbear"},{"type":"B","date":"2018-03-19T03:56:45.000Z","volume":2000,"price":0.98,"category":"rbear"},{"type":"B","date":"2018-03-19T03:54:03.000Z","volume":2000,"price":0.98,"category":"rbear"},{"type":"B","date":"2018-03-19T03:10:12.000Z","volume":6000,"price":0.98,"category":"rbear"},{"type":"B","date":"2018-03-19T02:40:58.000Z","volume":4000,"price":0.98,"category":"rbear"},{"type":"B","date":"2018-03-19T02:15:07.000Z","volume":4000,"price":0.98,"category":"rbear"},{"type":"B","date":"2018-03-19T01:58:18.000Z","volume":2000,"price":0.98,"category":"rbear"},{"type":"B","date":"2018-03-19T01:54:20.000Z","volume":6000,"price":0.99,"category":"rbear"},{"type":"B","date":"2018-03-19T01:42:57.000Z","volume":6000,"price":0.99,"category":"rbear"},{"type":"B","date":"2018-03-19T01:37:03.000Z","volume":2000,"price":0.99,"category":"rbear"},{"type":"B","date":"2018-03-19T07:58:47.000Z","volume":100000,"price":0.97,"category":"bbear"},{"type":"B","date":"2018-03-19T07:58:15.000Z","volume":112000,"price":0.97,"category":"bbear"},{"type":"B","date":"2018-03-19T07:52:56.000Z","volume":132000,"price":0.97,"category":"bbear"},{"type":"B","date":"2018-03-19T07:51:57.000Z","volume":208000,"price":0.97,"category":"bbear"},{"type":"B","date":"2018-03-19T07:44:19.000Z","volume":200000,"price":0.97,"category":"bbear"},{"type":"B","date":"2018-03-19T07:35:03.000Z","volume":100000,"price":0.97,"category":"bbear"},{"type":"B","date":"2018-03-19T07:32:36.000Z","volume":244000,"price":0.98,"category":"bbear"},{"type":"B","date":"2018-03-19T07:32:33.000Z","volume":194000,"price":0.98,"category":"bbear"},{"type":"B","date":"2018-03-19T07:25:05.000Z","volume":100000,"price":0.98,"category":"bbear"},{"type":"B","date":"2018-03-19T07:15:22.000Z","volume":100000,"price":0.98,"category":"bbear"},{"type":"B","date":"2018-03-19T06:55:40.000Z","volume":200000,"price":0.98,"category":"bbear"},{"type":"B","date":"2018-03-19T06:24:37.000Z","volume":162000,"price":0.98,"category":"bbear"},{"type":"B","date":"2018-03-19T03:21:49.000Z","volume":100000,"price":0.98,"category":"bbear"},{"type":"B","date":"2018-03-19T03:21:10.000Z","volume":100000,"price":0.98,"category":"bbear"},{"type":"B","date":"2018-03-19T02:45:09.000Z","volume":178000,"price":0.99,"category":"bbear"},{"type":"B","date":"2018-03-19T02:38:49.000Z","volume":100000,"price":0.98,"category":"bbear"},{"type":"B","date":"2018-03-19T02:31:01.000Z","volume":100000,"price":0.98,"category":"bbear"},{"type":"B","date":"2018-03-19T02:21:29.000Z","volume":124000,"price":0.98,"category":"bbear"},{"type":"B","date":"2018-03-19T02:21:29.000Z","volume":248000,"price":0.98,"category":"bbear"},{"type":"B","date":"2018-03-19T02:19:06.000Z","volume":96000,"price":0.99,"category":"bbear"},{"type":"B","date":"2018-03-19T02:17:13.000Z","volume":200000,"price":0.98,"category":"bbear"},{"type":"B","date":"2018-03-19T02:13:09.000Z","volume":146000,"price":0.98,"category":"bbear"},{"type":"B","date":"2018-03-19T02:10:08.000Z","volume":140000,"price":0.98,"category":"bbear"},{"type":"B","date":"2018-03-19T02:08:09.000Z","volume":136000,"price":0.98,"category":"bbear"},{"type":"B","date":"2018-03-19T02:08:09.000Z","volume":236000,"price":0.98,"category":"bbear"},{"type":"B","date":"2018-03-19T02:07:23.000Z","volume":184000,"price":0.98,"category":"bbear"},{"type":"B","date":"2018-03-19T02:07:23.000Z","volume":186000,"price":0.98,"category":"bbear"},{"type":"B","date":"2018-03-19T01:42:00.000Z","volume":200000,"price":0.99,"category":"bbear"},{"type":"B","date":"2018-03-19T01:35:04.000Z","volume":122000,"price":0.99,"category":"bbear"},{"type":"B","date":"2018-03-19T01:31:11.000Z","volume":120000,"price":0.98,"category":"bbear"},{"type":"B","date":"2018-03-19T01:31:06.000Z","volume":200000,"price":0.97,"category":"bbear"},{"type":"B","date":"2018-03-19T01:31:01.000Z","volume":128000,"price":0.98,"category":"bbear"},{"type":"B","date":"2018-03-19T01:30:05.000Z","volume":154000,"price":1,"category":"bbear"},{"type":"B","date":"2018-03-19T01:30:05.000Z","volume":148000,"price":1,"category":"bbear"},{"type":"B","date":"2018-03-19T01:30:04.000Z","volume":260000,"price":1,"category":"bbear"},{"type":"B","date":"2018-03-19T01:30:00.000Z","volume":230000,"price":1.02,"category":"bbear"},{"type":"B","date":"2018-03-19T07:32:33.000Z","volume":5806000,"price":0.97,"category":"ubbear"},{"type":"B","date":"2018-03-19T06:51:31.000Z","volume":350000,"price":0.98,"category":"ubbear"},{"type":"B","date":"2018-03-19T06:29:39.000Z","volume":318000,"price":0.98,"category":"ubbear"},{"type":"B","date":"2018-03-19T06:24:37.000Z","volume":2000000,"price":0.98,"category":"ubbear"},{"type":"B","date":"2018-03-19T06:24:37.000Z","volume":5700000,"price":0.98,"category":"ubbear"},{"type":"B","date":"2018-03-19T06:24:37.000Z","volume":300000,"price":0.98,"category":"ubbear"},{"type":"B","date":"2018-03-19T02:26:04.000Z","volume":2164000,"price":0.99,"category":"ubbear"},{"type":"B","date":"2018-03-19T02:25:46.000Z","volume":1000000,"price":0.99,"category":"ubbear"},{"type":"B","date":"2018-03-19T02:19:53.000Z","volume":516000,"price":0.99,"category":"ubbear"},{"type":"B","date":"2018-03-19T02:19:13.000Z","volume":424000,"price":0.99,"category":"ubbear"},{"type":"B","date":"2018-03-19T02:13:26.000Z","volume":300000,"price":0.98,"category":"ubbear"},{"type":"B","date":"2018-03-19T02:11:56.000Z","volume":554000,"price":0.98,"category":"ubbear"},{"type":"B","date":"2018-03-19T02:10:38.000Z","volume":320000,"price":0.98,"category":"ubbear"},{"type":"B","date":"2018-03-19T02:07:14.000Z","volume":370000,"price":0.98,"category":"ubbear"},{"type":"B","date":"2018-03-19T02:07:05.000Z","volume":300000,"price":0.98,"category":"ubbear"},{"type":"B","date":"2018-03-19T01:54:37.000Z","volume":374000,"price":0.99,"category":"ubbear"},{"type":"B","date":"2018-03-19T01:54:37.000Z","volume":2500000,"price":0.99,"category":"ubbear"},{"type":"B","date":"2018-03-19T01:54:37.000Z","volume":500000,"price":0.99,"category":"ubbear"},{"type":"B","date":"2018-03-19T01:41:46.000Z","volume":444000,"price":0.99,"category":"ubbear"},{"type":"B","date":"2018-03-19T01:36:54.000Z","volume":904000,"price":0.99,"category":"ubbear"},{"type":"B","date":"2018-03-19T01:31:21.000Z","volume":300000,"price":0.97,"category":"ubbear"},{"type":"B","date":"2018-03-19T01:31:01.000Z","volume":772000,"price":0.98,"category":"ubbear"},{"type":"B","date":"2018-03-19T01:30:15.000Z","volume":722000,"price":0.99,"category":"ubbear"},{"type":"B","date":"2018-03-19T01:30:04.000Z","volume":358000,"price":1,"category":"ubbear"},{"type":"B","date":"2018-03-19T01:30:04.000Z","volume":374000,"price":1,"category":"ubbear"},{"type":"B","date":"2018-03-19T01:30:04.000Z","volume":452000,"price":1,"category":"ubbear"},{"type":"B","date":"2018-03-19T01:30:03.000Z","volume":946000,"price":1.01,"category":"ubbear"},{"type":"B","date":"2018-03-19T01:30:00.000Z","volume":410000,"price":1.02,"category":"ubbear"}]