[{"type":"B","date":"2018-03-28T01:30:00.000Z","volume":32000,"label":" ","price":0.49},{"type":"A","date":"2018-03-28T01:30:05.000Z","volume":2000,"label":" ","price":0.5},{"type":"A","date":"2018-03-28T01:30:16.000Z","volume":2000,"label":" ","price":0.5},{"type":"A","date":"2018-03-28T01:30:21.000Z","volume":64000,"label":" ","price":0.5},{"type":"A","date":"2018-03-28T01:30:22.000Z","volume":2000,"label":" ","price":0.51},{"type":"B","date":"2018-03-28T01:30:25.000Z","volume":20000,"label":" ","price":0.495},{"type":"A","date":"2018-03-28T01:30:31.000Z","volume":20000,"label":" ","price":0.5},{"type":"B","date":"2018-03-28T01:30:53.000Z","volume":58000,"label":" ","price":0.49},{"type":"B","date":"2018-03-28T01:30:53.000Z","volume":6000,"label":"Y","price":0.49},{"type":"B","date":"2018-03-28T01:30:53.000Z","volume":138000,"label":" ","price":0.49},{"type":"U","date":"2018-03-28T01:32:00.000Z","volume":2000,"label":" ","price":0.49},{"type":"B","date":"2018-03-28T01:32:57.000Z","volume":40000,"label":" ","price":0.485},{"type":"B","date":"2018-03-28T01:33:44.000Z","volume":14000,"label":" ","price":0.485},{"type":"B","date":"2018-03-28T01:34:07.000Z","volume":50000,"label":" ","price":0.49},{"type":"A","date":"2018-03-28T01:35:08.000Z","volume":100000,"label":" ","price":0.495},{"type":"A","date":"2018-03-28T01:35:55.000Z","volume":98000,"label":" ","price":0.5},{"type":"B","date":"2018-03-28T01:36:10.000Z","volume":2000,"label":" ","price":0.5},{"type":"B","date":"2018-03-28T01:37:38.000Z","volume":50000,"label":" ","price":0.495},{"type":"A","date":"2018-03-28T01:37:41.000Z","volume":12000,"label":" ","price":0.5},{"type":"B","date":"2018-03-28T01:37:45.000Z","volume":70000,"label":" ","price":0.495},{"type":"B","date":"2018-03-28T01:38:17.000Z","volume":50000,"label":" ","price":0.495},{"type":"A","date":"2018-03-28T01:38:26.000Z","volume":8000,"label":" ","price":0.5},{"type":"A","date":"2018-03-28T01:39:05.000Z","volume":8000,"label":" ","price":0.495},{"type":"A","date":"2018-03-28T01:39:24.000Z","volume":20000,"label":" ","price":0.495},{"type":"B","date":"2018-03-28T01:39:26.000Z","volume":8000,"label":" ","price":0.495},{"type":"B","date":"2018-03-28T01:39:30.000Z","volume":76000,"label":" ","price":0.495},{"type":"A","date":"2018-03-28T01:39:49.000Z","volume":100000,"label":" ","price":0.5},{"type":"A","date":"2018-03-28T01:39:49.000Z","volume":58000,"label":" ","price":0.5},{"type":"A","date":"2018-03-28T01:39:58.000Z","volume":100000,"label":" ","price":0.5},{"type":"B","date":"2018-03-28T01:40:21.000Z","volume":200000,"label":" ","price":0.5},{"type":"A","date":"2018-03-28T01:40:34.000Z","volume":148000,"label":" ","price":0.5},{"type":"A","date":"2018-03-28T01:40:38.000Z","volume":50000,"label":" ","price":0.51},{"type":"B","date":"2018-03-28T01:40:56.000Z","volume":24000,"label":" ","price":0.5},{"type":"B","date":"2018-03-28T01:41:02.000Z","volume":4000,"label":" ","price":0.5},{"type":"B","date":"2018-03-28T01:42:08.000Z","volume":100000,"label":"Y","price":0.5},{"type":"B","date":"2018-03-28T01:42:08.000Z","volume":404000,"label":" ","price":0.5},{"type":"B","date":"2018-03-28T01:42:36.000Z","volume":8000,"label":"Y","price":0.5},{"type":"B","date":"2018-03-28T01:42:36.000Z","volume":12000,"label":" ","price":0.5},{"type":"B","date":"2018-03-28T01:42:38.000Z","volume":12000,"label":" ","price":0.5},{"type":"B","date":"2018-03-28T01:42:38.000Z","volume":8000,"label":" ","price":0.495},{"type":"B","date":"2018-03-28T01:44:07.000Z","volume":120000,"label":" ","price":0.495},{"type":"B","date":"2018-03-28T01:44:08.000Z","volume":50000,"label":" ","price":0.495},{"type":"B","date":"2018-03-28T01:44:10.000Z","volume":40000,"label":" ","price":0.495},{"type":"A","date":"2018-03-28T01:44:22.000Z","volume":12000,"label":" ","price":0.5},{"type":"B","date":"2018-03-28T01:44:25.000Z","volume":100000,"label":" ","price":0.495},{"type":"B","date":"2018-03-28T01:44:25.000Z","volume":84000,"label":" ","price":0.495},{"type":"A","date":"2018-03-28T01:45:21.000Z","volume":58000,"label":" ","price":0.495},{"type":"A","date":"2018-03-28T01:45:49.000Z","volume":42000,"label":" ","price":0.495},{"type":"A","date":"2018-03-28T01:46:15.000Z","volume":10000,"label":" ","price":0.495},{"type":"A","date":"2018-03-28T01:46:18.000Z","volume":2000,"label":" ","price":0.495},{"type":"B","date":"2018-03-28T01:46:56.000Z","volume":418000,"label":" ","price":0.49},{"type":"B","date":"2018-03-28T01:47:05.000Z","volume":156000,"label":" ","price":0.485},{"type":"B","date":"2018-03-28T01:47:39.000Z","volume":198000,"label":" ","price":0.48},{"type":"B","date":"2018-03-28T01:47:39.000Z","volume":40000,"label":" ","price":0.48},{"type":"B","date":"2018-03-28T01:47:39.000Z","volume":264000,"label":" ","price":0.48},{"type":"B","date":"2018-03-28T01:47:40.000Z","volume":188000,"label":" ","price":0.475},{"type":"B","date":"2018-03-28T01:47:40.000Z","volume":152000,"label":" ","price":0.475},{"type":"B","date":"2018-03-28T01:47:50.000Z","volume":2000,"label":" ","price":0.47},{"type":"B","date":"2018-03-28T01:47:53.000Z","volume":54000,"label":" ","price":0.47},{"type":"B","date":"2018-03-28T01:47:53.000Z","volume":144000,"label":" ","price":0.47},{"type":"B","date":"2018-03-28T01:48:00.000Z","volume":74000,"label":" ","price":0.465},{"type":"B","date":"2018-03-28T01:48:00.000Z","volume":66000,"label":" ","price":0.465},{"type":"B","date":"2018-03-28T01:48:03.000Z","volume":16000,"label":" ","price":0.465},{"type":"B","date":"2018-03-28T01:48:12.000Z","volume":184000,"label":" ","price":0.465},{"type":"B","date":"2018-03-28T01:48:12.000Z","volume":220000,"label":" ","price":0.46},{"type":"B","date":"2018-03-28T01:48:12.000Z","volume":60000,"label":" ","price":0.455},{"type":"B","date":"2018-03-28T01:48:12.000Z","volume":14000,"label":" ","price":0.45},{"type":"B","date":"2018-03-28T01:48:18.000Z","volume":8000,"label":" ","price":0.45},{"type":"B","date":"2018-03-28T01:48:24.000Z","volume":22000,"label":"Y","price":0.45},{"type":"B","date":"2018-03-28T01:48:24.000Z","volume":78000,"label":" ","price":0.45},{"type":"B","date":"2018-03-28T01:48:31.000Z","volume":10000,"label":" ","price":0.45},{"type":"B","date":"2018-03-28T01:48:31.000Z","volume":88000,"label":" ","price":0.45},{"type":"B","date":"2018-03-28T01:49:00.000Z","volume":120000,"label":" ","price":0.45},{"type":"B","date":"2018-03-28T01:49:00.000Z","volume":70000,"label":" ","price":0.445},{"type":"B","date":"2018-03-28T01:49:07.000Z","volume":20000,"label":" ","price":0.455},{"type":"B","date":"2018-03-28T01:49:23.000Z","volume":42000,"label":" ","price":0.45},{"type":"B","date":"2018-03-28T01:49:23.000Z","volume":170000,"label":" ","price":0.445},{"type":"A","date":"2018-03-28T01:49:24.000Z","volume":4000,"label":" ","price":0.445},{"type":"B","date":"2018-03-28T01:49:31.000Z","volume":40000,"label":" ","price":0.45},{"type":"B","date":"2018-03-28T01:49:31.000Z","volume":140000,"label":" ","price":0.45},{"type":"B","date":"2018-03-28T01:49:31.000Z","volume":16000,"label":"Y","price":0.45},{"type":"A","date":"2018-03-28T01:49:36.000Z","volume":30000,"label":" ","price":0.45},{"type":"A","date":"2018-03-28T01:49:38.000Z","volume":100000,"label":" ","price":0.455},{"type":"A","date":"2018-03-28T01:49:40.000Z","volume":62000,"label":" ","price":0.455},{"type":"U","date":"2018-03-28T01:49:40.000Z","volume":26000,"label":" ","price":0.455},{"type":"B","date":"2018-03-28T01:49:49.000Z","volume":84000,"label":" ","price":0.455},{"type":"B","date":"2018-03-28T01:49:49.000Z","volume":108000,"label":" ","price":0.45},{"type":"B","date":"2018-03-28T01:49:49.000Z","volume":80000,"label":"Y","price":0.445},{"type":"B","date":"2018-03-28T01:49:49.000Z","volume":302000,"label":" ","price":0.445},{"type":"B","date":"2018-03-28T01:49:49.000Z","volume":26000,"label":" ","price":0.445},{"type":"B","date":"2018-03-28T01:49:57.000Z","volume":16000,"label":" ","price":0.445},{"type":"B","date":"2018-03-28T01:50:28.000Z","volume":2000,"label":" ","price":0.45},{"type":"B","date":"2018-03-28T01:50:28.000Z","volume":18000,"label":" ","price":0.445},{"type":"B","date":"2018-03-28T01:50:31.000Z","volume":4000,"label":" ","price":0.445},{"type":"A","date":"2018-03-28T01:50:38.000Z","volume":8000,"label":" ","price":0.45},{"type":"A","date":"2018-03-28T01:50:44.000Z","volume":2000,"label":" ","price":0.455},{"type":"A","date":"2018-03-28T01:50:55.000Z","volume":10000,"label":" ","price":0.455},{"type":"A","date":"2018-03-28T01:51:06.000Z","volume":94000,"label":" ","price":0.455},{"type":"A","date":"2018-03-28T01:51:15.000Z","volume":2000,"label":" ","price":0.46},{"type":"A","date":"2018-03-28T01:51:36.000Z","volume":120000,"label":" ","price":0.46},{"type":"A","date":"2018-03-28T01:51:40.000Z","volume":2000,"label":" ","price":0.465},{"type":"A","date":"2018-03-28T01:51:55.000Z","volume":2000,"label":" ","price":0.46},{"type":"A","date":"2018-03-28T01:51:59.000Z","volume":10000,"label":" ","price":0.46},{"type":"A","date":"2018-03-28T01:52:03.000Z","volume":50000,"label":" ","price":0.46},{"type":"A","date":"2018-03-28T01:52:03.000Z","volume":38000,"label":" ","price":0.46},{"type":"A","date":"2018-03-28T01:52:08.000Z","volume":2000,"label":" ","price":0.465},{"type":"B","date":"2018-03-28T01:52:23.000Z","volume":82000,"label":" ","price":0.46},{"type":"B","date":"2018-03-28T01:52:23.000Z","volume":216000,"label":" ","price":0.455},{"type":"B","date":"2018-03-28T01:52:37.000Z","volume":2000,"label":" ","price":0.455},{"type":"A","date":"2018-03-28T01:52:41.000Z","volume":28000,"label":" ","price":0.455},{"type":"A","date":"2018-03-28T01:52:41.000Z","volume":20000,"label":" ","price":0.46},{"type":"A","date":"2018-03-28T01:52:41.000Z","volume":38000,"label":" ","price":0.46},{"type":"A","date":"2018-03-28T01:52:42.000Z","volume":10000,"label":" ","price":0.465},{"type":"B","date":"2018-03-28T01:52:42.000Z","volume":2000,"label":" ","price":0.46},{"type":"B","date":"2018-03-28T01:52:43.000Z","volume":12000,"label":" ","price":0.46},{"type":"A","date":"2018-03-28T01:52:53.000Z","volume":6000,"label":" ","price":0.455},{"type":"A","date":"2018-03-28T01:52:55.000Z","volume":142000,"label":" ","price":0.46},{"type":"A","date":"2018-03-28T01:53:21.000Z","volume":190000,"label":" ","price":0.465},{"type":"A","date":"2018-03-28T01:54:00.000Z","volume":150000,"label":" ","price":0.465},{"type":"B","date":"2018-03-28T01:54:27.000Z","volume":100000,"label":" ","price":0.46},{"type":"B","date":"2018-03-28T01:54:27.000Z","volume":222000,"label":" ","price":0.455},{"type":"B","date":"2018-03-28T01:54:27.000Z","volume":260000,"label":" ","price":0.45},{"type":"A","date":"2018-03-28T01:54:53.000Z","volume":30000,"label":" ","price":0.46},{"type":"B","date":"2018-03-28T01:54:58.000Z","volume":322000,"label":" ","price":0.45},{"type":"A","date":"2018-03-28T01:55:01.000Z","volume":20000,"label":" ","price":0.45},{"type":"A","date":"2018-03-28T01:55:04.000Z","volume":358000,"label":" ","price":0.45},{"type":"B","date":"2018-03-28T01:55:12.000Z","volume":30000,"label":" ","price":0.45},{"type":"A","date":"2018-03-28T01:55:22.000Z","volume":40000,"label":" ","price":0.45},{"type":"A","date":"2018-03-28T01:55:24.000Z","volume":70000,"label":" ","price":0.45},{"type":"A","date":"2018-03-28T01:55:24.000Z","volume":230000,"label":" ","price":0.455},{"type":"A","date":"2018-03-28T01:55:45.000Z","volume":50000,"label":" ","price":0.455},{"type":"A","date":"2018-03-28T01:56:02.000Z","volume":50000,"label":" ","price":0.455},{"type":"A","date":"2018-03-28T01:56:03.000Z","volume":2000,"label":" ","price":0.455},{"type":"A","date":"2018-03-28T01:56:13.000Z","volume":218000,"label":" ","price":0.455},{"type":"A","date":"2018-03-28T01:58:17.000Z","volume":80000,"label":" ","price":0.46},{"type":"B","date":"2018-03-28T01:58:19.000Z","volume":10000,"label":" ","price":0.455},{"type":"A","date":"2018-03-28T01:58:28.000Z","volume":90000,"label":" ","price":0.455},{"type":"A","date":"2018-03-28T01:58:43.000Z","volume":236000,"label":" ","price":0.46},{"type":"A","date":"2018-03-28T01:59:59.000Z","volume":200000,"label":" ","price":0.465},{"type":"A","date":"2018-03-28T01:59:59.000Z","volume":104000,"label":" ","price":0.465},{"type":"B","date":"2018-03-28T02:00:12.000Z","volume":18000,"label":" ","price":0.46},{"type":"A","date":"2018-03-28T02:00:44.000Z","volume":4000,"label":" ","price":0.465},{"type":"A","date":"2018-03-28T02:00:59.000Z","volume":170000,"label":" ","price":0.47},{"type":"A","date":"2018-03-28T02:01:21.000Z","volume":50000,"label":" ","price":0.47},{"type":"A","date":"2018-03-28T02:01:30.000Z","volume":80000,"label":" ","price":0.47},{"type":"A","date":"2018-03-28T02:01:33.000Z","volume":100000,"label":" ","price":0.475},{"type":"A","date":"2018-03-28T02:02:28.000Z","volume":50000,"label":" ","price":0.475},{"type":"A","date":"2018-03-28T02:03:17.000Z","volume":100000,"label":" ","price":0.475},{"type":"A","date":"2018-03-28T02:03:20.000Z","volume":80000,"label":" ","price":0.475},{"type":"A","date":"2018-03-28T02:04:47.000Z","volume":30000,"label":" ","price":0.475},{"type":"A","date":"2018-03-28T02:05:07.000Z","volume":2000,"label":" ","price":0.475},{"type":"A","date":"2018-03-28T02:05:18.000Z","volume":20000,"label":"Y","price":0.475},{"type":"A","date":"2018-03-28T02:05:18.000Z","volume":28000,"label":" ","price":0.475},{"type":"A","date":"2018-03-28T02:05:18.000Z","volume":2000,"label":" ","price":0.48},{"type":"A","date":"2018-03-28T02:05:29.000Z","volume":20000,"label":" ","price":0.475},{"type":"B","date":"2018-03-28T02:06:45.000Z","volume":174000,"label":" ","price":0.47},{"type":"A","date":"2018-03-28T02:07:17.000Z","volume":100000,"label":" ","price":0.47},{"type":"B","date":"2018-03-28T02:08:00.000Z","volume":10000,"label":" ","price":0.47},{"type":"B","date":"2018-03-28T02:08:32.000Z","volume":66000,"label":" ","price":0.465},{"type":"A","date":"2018-03-28T02:09:00.000Z","volume":48000,"label":" ","price":0.47},{"type":"B","date":"2018-03-28T02:09:35.000Z","volume":2000,"label":" ","price":0.465},{"type":"A","date":"2018-03-28T02:10:10.000Z","volume":100000,"label":" ","price":0.47},{"type":"B","date":"2018-03-28T02:10:15.000Z","volume":228000,"label":" ","price":0.465},{"type":"A","date":"2018-03-28T02:10:21.000Z","volume":72000,"label":" ","price":0.465},{"type":"A","date":"2018-03-28T02:10:26.000Z","volume":12000,"label":" ","price":0.47},{"type":"A","date":"2018-03-28T02:10:35.000Z","volume":116000,"label":" ","price":0.475},{"type":"A","date":"2018-03-28T02:11:20.000Z","volume":120000,"label":" ","price":0.475},{"type":"A","date":"2018-03-28T02:12:48.000Z","volume":100000,"label":" ","price":0.48},{"type":"A","date":"2018-03-28T02:13:00.000Z","volume":2000,"label":" ","price":0.48},{"type":"A","date":"2018-03-28T02:13:01.000Z","volume":20000,"label":" ","price":0.48},{"type":"A","date":"2018-03-28T02:13:05.000Z","volume":96000,"label":" ","price":0.48},{"type":"A","date":"2018-03-28T02:15:39.000Z","volume":100000,"label":" ","price":0.485},{"type":"A","date":"2018-03-28T02:15:45.000Z","volume":196000,"label":" ","price":0.485},{"type":"A","date":"2018-03-28T02:15:46.000Z","volume":2000,"label":" ","price":0.49},{"type":"B","date":"2018-03-28T02:15:53.000Z","volume":2000,"label":" ","price":0.485},{"type":"B","date":"2018-03-28T02:15:57.000Z","volume":198000,"label":" ","price":0.485},{"type":"B","date":"2018-03-28T02:15:59.000Z","volume":4000,"label":" ","price":0.48},{"type":"A","date":"2018-03-28T02:16:02.000Z","volume":2000,"label":" ","price":0.485},{"type":"B","date":"2018-03-28T02:16:07.000Z","volume":10000,"label":" ","price":0.485},{"type":"A","date":"2018-03-28T02:16:09.000Z","volume":2000,"label":" ","price":0.49},{"type":"B","date":"2018-03-28T02:16:40.000Z","volume":88000,"label":" ","price":0.485},{"type":"A","date":"2018-03-28T02:16:42.000Z","volume":12000,"label":" ","price":0.485},{"type":"A","date":"2018-03-28T02:16:42.000Z","volume":56000,"label":" ","price":0.49},{"type":"A","date":"2018-03-28T02:17:02.000Z","volume":50000,"label":" ","price":0.49},{"type":"A","date":"2018-03-28T02:17:18.000Z","volume":110000,"label":" ","price":0.49},{"type":"A","date":"2018-03-28T02:17:18.000Z","volume":40000,"label":" ","price":0.49},{"type":"B","date":"2018-03-28T02:17:22.000Z","volume":20000,"label":" ","price":0.49},{"type":"B","date":"2018-03-28T02:17:23.000Z","volume":40000,"label":" ","price":0.49},{"type":"A","date":"2018-03-28T02:17:27.000Z","volume":8000,"label":" ","price":0.49},{"type":"A","date":"2018-03-28T02:17:47.000Z","volume":122000,"label":" ","price":0.49},{"type":"A","date":"2018-03-28T02:18:11.000Z","volume":4000,"label":" ","price":0.49},{"type":"B","date":"2018-03-28T02:19:27.000Z","volume":70000,"label":" ","price":0.49},{"type":"B","date":"2018-03-28T02:19:45.000Z","volume":12000,"label":" ","price":0.49},{"type":"B","date":"2018-03-28T02:20:33.000Z","volume":102000,"label":" ","price":0.49},{"type":"A","date":"2018-03-28T02:20:53.000Z","volume":78000,"label":" ","price":0.49},{"type":"B","date":"2018-03-28T02:20:55.000Z","volume":22000,"label":" ","price":0.49},{"type":"A","date":"2018-03-28T02:21:05.000Z","volume":78000,"label":" ","price":0.49},{"type":"B","date":"2018-03-28T02:21:14.000Z","volume":12000,"label":" ","price":0.49},{"type":"B","date":"2018-03-28T02:21:33.000Z","volume":2000,"label":" ","price":0.49},{"type":"B","date":"2018-03-28T02:21:54.000Z","volume":10000,"label":" ","price":0.49},{"type":"A","date":"2018-03-28T02:23:13.000Z","volume":300000,"label":" ","price":0.495},{"type":"A","date":"2018-03-28T02:23:43.000Z","volume":38000,"label":" ","price":0.495},{"type":"A","date":"2018-03-28T02:23:43.000Z","volume":62000,"label":" ","price":0.5},{"type":"A","date":"2018-03-28T02:24:32.000Z","volume":44000,"label":" ","price":0.5},{"type":"A","date":"2018-03-28T02:24:34.000Z","volume":100000,"label":" ","price":0.5},{"type":"A","date":"2018-03-28T02:24:35.000Z","volume":6000,"label":"Y","price":0.5},{"type":"A","date":"2018-03-28T02:24:35.000Z","volume":194000,"label":" ","price":0.5},{"type":"A","date":"2018-03-28T02:24:36.000Z","volume":74000,"label":" ","price":0.5},{"type":"A","date":"2018-03-28T02:24:54.000Z","volume":110000,"label":" ","price":0.5},{"type":"B","date":"2018-03-28T02:25:01.000Z","volume":130000,"label":" ","price":0.5},{"type":"A","date":"2018-03-28T02:25:07.000Z","volume":68000,"label":" ","price":0.5},{"type":"B","date":"2018-03-28T02:25:37.000Z","volume":30000,"label":" ","price":0.5},{"type":"A","date":"2018-03-28T02:26:24.000Z","volume":100000,"label":" ","price":0.51},{"type":"A","date":"2018-03-28T02:26:40.000Z","volume":40000,"label":" ","price":0.51},{"type":"A","date":"2018-03-28T02:27:38.000Z","volume":100000,"label":" ","price":0.51},{"type":"B","date":"2018-03-28T02:27:39.000Z","volume":10000,"label":" ","price":0.5},{"type":"A","date":"2018-03-28T02:27:51.000Z","volume":120000,"label":" ","price":0.51},{"type":"B","date":"2018-03-28T02:27:56.000Z","volume":60000,"label":"Y","price":0.5},{"type":"B","date":"2018-03-28T02:27:56.000Z","volume":240000,"label":" ","price":0.5},{"type":"A","date":"2018-03-28T02:28:16.000Z","volume":10000,"label":" ","price":0.5},{"type":"A","date":"2018-03-28T02:28:32.000Z","volume":134000,"label":" ","price":0.51},{"type":"B","date":"2018-03-28T02:28:45.000Z","volume":100000,"label":" ","price":0.5},{"type":"A","date":"2018-03-28T02:28:47.000Z","volume":2000,"label":" ","price":0.51},{"type":"B","date":"2018-03-28T02:29:20.000Z","volume":10000,"label":" ","price":0.5},{"type":"A","date":"2018-03-28T02:29:58.000Z","volume":100000,"label":" ","price":0.51},{"type":"A","date":"2018-03-28T02:29:59.000Z","volume":400000,"label":" ","price":0.51},{"type":"A","date":"2018-03-28T02:30:16.000Z","volume":210000,"label":"Y","price":0.51},{"type":"A","date":"2018-03-28T02:30:16.000Z","volume":190000,"label":" ","price":0.51},{"type":"A","date":"2018-03-28T02:30:16.000Z","volume":98000,"label":" ","price":0.51},{"type":"A","date":"2018-03-28T02:30:18.000Z","volume":50000,"label":" ","price":0.51},{"type":"A","date":"2018-03-28T02:30:20.000Z","volume":50000,"label":" ","price":0.51},{"type":"A","date":"2018-03-28T02:30:27.000Z","volume":100000,"label":" ","price":0.51},{"type":"A","date":"2018-03-28T02:30:36.000Z","volume":20000,"label":" ","price":0.51},{"type":"A","date":"2018-03-28T02:30:48.000Z","volume":10000,"label":" ","price":0.51},{"type":"A","date":"2018-03-28T02:30:49.000Z","volume":182000,"label":" ","price":0.51},{"type":"B","date":"2018-03-28T02:31:20.000Z","volume":248000,"label":" ","price":0.51},{"type":"A","date":"2018-03-28T02:31:34.000Z","volume":6000,"label":" ","price":0.51},{"type":"A","date":"2018-03-28T02:32:07.000Z","volume":4000,"label":"Y","price":0.51},{"type":"A","date":"2018-03-28T02:32:26.000Z","volume":2000,"label":" ","price":0.51},{"type":"A","date":"2018-03-28T02:33:08.000Z","volume":60000,"label":"Y","price":0.51},{"type":"A","date":"2018-03-28T02:33:10.000Z","volume":86000,"label":" ","price":0.51},{"type":"A","date":"2018-03-28T02:33:16.000Z","volume":64000,"label":" ","price":0.51},{"type":"A","date":"2018-03-28T02:33:32.000Z","volume":20000,"label":" ","price":0.51},{"type":"A","date":"2018-03-28T02:33:44.000Z","volume":100000,"label":" ","price":0.51},{"type":"A","date":"2018-03-28T02:33:46.000Z","volume":180000,"label":" ","price":0.51},{"type":"A","date":"2018-03-28T02:33:51.000Z","volume":96000,"label":" ","price":0.51},{"type":"A","date":"2018-03-28T02:34:32.000Z","volume":6000,"label":" ","price":0.51},{"type":"A","date":"2018-03-28T02:34:37.000Z","volume":100000,"label":" ","price":0.51},{"type":"A","date":"2018-03-28T02:34:48.000Z","volume":30000,"label":" ","price":0.51},{"type":"A","date":"2018-03-28T02:35:06.000Z","volume":32000,"label":" ","price":0.51},{"type":"A","date":"2018-03-28T02:35:06.000Z","volume":6000,"label":" ","price":0.51},{"type":"A","date":"2018-03-28T02:35:12.000Z","volume":4000,"label":" ","price":0.51},{"type":"U","date":"2018-03-28T02:35:17.000Z","volume":20000,"label":" ","price":0.51},{"type":"B","date":"2018-03-28T02:38:41.000Z","volume":100000,"label":" ","price":0.5},{"type":"B","date":"2018-03-28T02:38:41.000Z","volume":72000,"label":" ","price":0.5},{"type":"B","date":"2018-03-28T02:38:41.000Z","volume":58000,"label":" ","price":0.5},{"type":"U","date":"2018-03-28T02:38:54.000Z","volume":42000,"label":" ","price":0.5},{"type":"B","date":"2018-03-28T02:39:32.000Z","volume":10000,"label":" ","price":0.5},{"type":"B","date":"2018-03-28T02:39:54.000Z","volume":6000,"label":" ","price":0.5},{"type":"B","date":"2018-03-28T02:40:04.000Z","volume":22000,"label":"Y","price":0.5},{"type":"B","date":"2018-03-28T02:41:22.000Z","volume":300000,"label":" ","price":0.495},{"type":"A","date":"2018-03-28T02:41:44.000Z","volume":10000,"label":" ","price":0.5},{"type":"B","date":"2018-03-28T02:44:08.000Z","volume":100000,"label":"Y","price":0.49},{"type":"B","date":"2018-03-28T02:44:08.000Z","volume":140000,"label":" ","price":0.49},{"type":"B","date":"2018-03-28T02:44:16.000Z","volume":200000,"label":" ","price":0.485},{"type":"B","date":"2018-03-28T02:44:24.000Z","volume":346000,"label":" ","price":0.485},{"type":"B","date":"2018-03-28T02:44:30.000Z","volume":8000,"label":"Y","price":0.485},{"type":"B","date":"2018-03-28T02:44:30.000Z","volume":54000,"label":" ","price":0.485},{"type":"B","date":"2018-03-28T02:44:37.000Z","volume":22000,"label":" ","price":0.48},{"type":"B","date":"2018-03-28T02:44:41.000Z","volume":6000,"label":" ","price":0.48},{"type":"B","date":"2018-03-28T02:44:59.000Z","volume":4000,"label":" ","price":0.48},{"type":"B","date":"2018-03-28T02:45:08.000Z","volume":100000,"label":" ","price":0.48},{"type":"B","date":"2018-03-28T02:45:09.000Z","volume":68000,"label":" ","price":0.48},{"type":"B","date":"2018-03-28T02:45:16.000Z","volume":300000,"label":" ","price":0.475},{"type":"B","date":"2018-03-28T02:45:28.000Z","volume":110000,"label":" ","price":0.47},{"type":"B","date":"2018-03-28T02:45:48.000Z","volume":6000,"label":" ","price":0.47},{"type":"A","date":"2018-03-28T02:45:52.000Z","volume":38000,"label":" ","price":0.475},{"type":"B","date":"2018-03-28T02:45:52.000Z","volume":6000,"label":" ","price":0.475},{"type":"A","date":"2018-03-28T02:46:28.000Z","volume":2000,"label":" ","price":0.48},{"type":"A","date":"2018-03-28T02:46:51.000Z","volume":98000,"label":" ","price":0.48},{"type":"A","date":"2018-03-28T02:49:02.000Z","volume":4000,"label":" ","price":0.485},{"type":"A","date":"2018-03-28T02:49:18.000Z","volume":102000,"label":" ","price":0.485},{"type":"B","date":"2018-03-28T02:50:05.000Z","volume":264000,"label":" ","price":0.485},{"type":"A","date":"2018-03-28T02:50:39.000Z","volume":120000,"label":" ","price":0.485},{"type":"B","date":"2018-03-28T02:51:38.000Z","volume":42000,"label":" ","price":0.48},{"type":"B","date":"2018-03-28T02:52:26.000Z","volume":38000,"label":" ","price":0.48},{"type":"B","date":"2018-03-28T02:57:41.000Z","volume":10000,"label":" ","price":0.48},{"type":"B","date":"2018-03-28T02:58:21.000Z","volume":100000,"label":" ","price":0.48},{"type":"B","date":"2018-03-28T02:58:34.000Z","volume":12000,"label":" ","price":0.48},{"type":"B","date":"2018-03-28T02:58:45.000Z","volume":50000,"label":" ","price":0.48},{"type":"B","date":"2018-03-28T02:59:00.000Z","volume":322000,"label":" ","price":0.48},{"type":"B","date":"2018-03-28T02:59:45.000Z","volume":160000,"label":" ","price":0.475},{"type":"B","date":"2018-03-28T03:01:02.000Z","volume":4000,"label":" ","price":0.475},{"type":"B","date":"2018-03-28T03:02:48.000Z","volume":30000,"label":" ","price":0.475},{"type":"B","date":"2018-03-28T03:02:50.000Z","volume":100000,"label":" ","price":0.475},{"type":"B","date":"2018-03-28T03:03:47.000Z","volume":78000,"label":" ","price":0.475},{"type":"B","date":"2018-03-28T03:03:58.000Z","volume":82000,"label":" ","price":0.475},{"type":"A","date":"2018-03-28T03:06:34.000Z","volume":20000,"label":" ","price":0.475},{"type":"A","date":"2018-03-28T03:06:41.000Z","volume":30000,"label":" ","price":0.475},{"type":"A","date":"2018-03-28T03:07:09.000Z","volume":2000,"label":" ","price":0.475},{"type":"B","date":"2018-03-28T03:07:53.000Z","volume":6000,"label":" ","price":0.47},{"type":"B","date":"2018-03-28T03:08:42.000Z","volume":12000,"label":" ","price":0.47},{"type":"B","date":"2018-03-28T03:09:23.000Z","volume":4000,"label":" ","price":0.47},{"type":"B","date":"2018-03-28T03:09:55.000Z","volume":14000,"label":" ","price":0.47},{"type":"B","date":"2018-03-28T03:10:12.000Z","volume":10000,"label":" ","price":0.47},{"type":"B","date":"2018-03-28T03:10:43.000Z","volume":20000,"label":" ","price":0.47},{"type":"B","date":"2018-03-28T03:12:23.000Z","volume":150000,"label":" ","price":0.47},{"type":"B","date":"2018-03-28T03:13:24.000Z","volume":14000,"label":" ","price":0.47},{"type":"B","date":"2018-03-28T03:16:26.000Z","volume":50000,"label":" ","price":0.47},{"type":"A","date":"2018-03-28T03:16:33.000Z","volume":120000,"label":" ","price":0.475},{"type":"A","date":"2018-03-28T03:17:53.000Z","volume":50000,"label":" ","price":0.475},{"type":"A","date":"2018-03-28T03:19:44.000Z","volume":100000,"label":" ","price":0.475},{"type":"B","date":"2018-03-28T03:22:20.000Z","volume":10000,"label":" ","price":0.47},{"type":"B","date":"2018-03-28T03:28:59.000Z","volume":20000,"label":" ","price":0.47},{"type":"B","date":"2018-03-28T03:29:14.000Z","volume":30000,"label":" ","price":0.47},{"type":"B","date":"2018-03-28T03:29:44.000Z","volume":164000,"label":" ","price":0.47},{"type":"B","date":"2018-03-28T03:31:23.000Z","volume":70000,"label":" ","price":0.465},{"type":"B","date":"2018-03-28T03:32:19.000Z","volume":68000,"label":" ","price":0.465},{"type":"B","date":"2018-03-28T03:41:12.000Z","volume":58000,"label":" ","price":0.465},{"type":"B","date":"2018-03-28T03:42:03.000Z","volume":10000,"label":" ","price":0.465},{"type":"B","date":"2018-03-28T03:44:34.000Z","volume":60000,"label":" ","price":0.465},{"type":"B","date":"2018-03-28T03:45:03.000Z","volume":316000,"label":" ","price":0.465},{"type":"A","date":"2018-03-28T03:46:08.000Z","volume":38000,"label":" ","price":0.465},{"type":"A","date":"2018-03-28T03:46:24.000Z","volume":146000,"label":" ","price":0.465},{"type":"A","date":"2018-03-28T03:46:31.000Z","volume":10000,"label":" ","price":0.465},{"type":"B","date":"2018-03-28T03:48:30.000Z","volume":500000,"label":" ","price":0.46},{"type":"B","date":"2018-03-28T03:54:05.000Z","volume":100000,"label":" ","price":0.46},{"type":"B","date":"2018-03-28T03:56:01.000Z","volume":60000,"label":" ","price":0.46},{"type":"B","date":"2018-03-28T05:00:03.000Z","volume":30000,"label":" ","price":0.46},{"type":"B","date":"2018-03-28T05:00:03.000Z","volume":40000,"label":" ","price":0.46},{"type":"B","date":"2018-03-28T05:00:03.000Z","volume":20000,"label":"Y","price":0.46},{"type":"B","date":"2018-03-28T05:00:03.000Z","volume":118000,"label":" ","price":0.46},{"type":"B","date":"2018-03-28T05:03:28.000Z","volume":70000,"label":" ","price":0.46},{"type":"B","date":"2018-03-28T05:03:38.000Z","volume":30000,"label":" ","price":0.46},{"type":"A","date":"2018-03-28T05:04:06.000Z","volume":64000,"label":" ","price":0.465},{"type":"B","date":"2018-03-28T05:05:50.000Z","volume":12000,"label":" ","price":0.46},{"type":"B","date":"2018-03-28T05:07:27.000Z","volume":18000,"label":" ","price":0.46},{"type":"A","date":"2018-03-28T05:11:52.000Z","volume":2000,"label":" ","price":0.46},{"type":"B","date":"2018-03-28T05:20:45.000Z","volume":180000,"label":" ","price":0.455},{"type":"B","date":"2018-03-28T05:21:01.000Z","volume":70000,"label":" ","price":0.455},{"type":"B","date":"2018-03-28T05:22:17.000Z","volume":100000,"label":" ","price":0.455},{"type":"B","date":"2018-03-28T05:22:52.000Z","volume":70000,"label":" ","price":0.455},{"type":"B","date":"2018-03-28T05:23:26.000Z","volume":80000,"label":" ","price":0.455},{"type":"B","date":"2018-03-28T05:23:33.000Z","volume":100000,"label":" ","price":0.455},{"type":"B","date":"2018-03-28T05:23:44.000Z","volume":100000,"label":" ","price":0.455},{"type":"A","date":"2018-03-28T05:23:45.000Z","volume":100000,"label":" ","price":0.46},{"type":"B","date":"2018-03-28T05:30:43.000Z","volume":40000,"label":" ","price":0.455},{"type":"A","date":"2018-03-28T05:32:42.000Z","volume":60000,"label":" ","price":0.46},{"type":"A","date":"2018-03-28T05:33:08.000Z","volume":30000,"label":" ","price":0.46},{"type":"A","date":"2018-03-28T05:33:20.000Z","volume":286000,"label":" ","price":0.46},{"type":"A","date":"2018-03-28T05:33:20.000Z","volume":94000,"label":" ","price":0.46},{"type":"A","date":"2018-03-28T05:33:56.000Z","volume":126000,"label":" ","price":0.465},{"type":"A","date":"2018-03-28T05:34:07.000Z","volume":2000,"label":" ","price":0.475},{"type":"A","date":"2018-03-28T05:34:25.000Z","volume":44000,"label":" ","price":0.475},{"type":"A","date":"2018-03-28T05:34:28.000Z","volume":100000,"label":" ","price":0.48},{"type":"B","date":"2018-03-28T05:34:29.000Z","volume":56000,"label":" ","price":0.475},{"type":"A","date":"2018-03-28T05:34:35.000Z","volume":30000,"label":" ","price":0.48},{"type":"A","date":"2018-03-28T05:34:35.000Z","volume":94000,"label":" ","price":0.485},{"type":"B","date":"2018-03-28T05:34:35.000Z","volume":26000,"label":" ","price":0.485},{"type":"B","date":"2018-03-28T05:34:38.000Z","volume":20000,"label":" ","price":0.48},{"type":"A","date":"2018-03-28T05:34:43.000Z","volume":30000,"label":" ","price":0.48},{"type":"A","date":"2018-03-28T05:34:43.000Z","volume":46000,"label":" ","price":0.485},{"type":"A","date":"2018-03-28T05:34:43.000Z","volume":74000,"label":" ","price":0.49},{"type":"A","date":"2018-03-28T05:42:40.000Z","volume":4000,"label":" ","price":0.485},{"type":"A","date":"2018-03-28T05:43:10.000Z","volume":76000,"label":" ","price":0.485},{"type":"B","date":"2018-03-28T05:44:35.000Z","volume":6000,"label":" ","price":0.48},{"type":"B","date":"2018-03-28T05:44:35.000Z","volume":44000,"label":" ","price":0.475},{"type":"B","date":"2018-03-28T05:51:06.000Z","volume":10000,"label":" ","price":0.475},{"type":"A","date":"2018-03-28T05:51:17.000Z","volume":10000,"label":" ","price":0.475},{"type":"A","date":"2018-03-28T05:53:18.000Z","volume":10000,"label":" ","price":0.475},{"type":"B","date":"2018-03-28T05:56:22.000Z","volume":110000,"label":" ","price":0.47},{"type":"B","date":"2018-03-28T06:04:46.000Z","volume":286000,"label":" ","price":0.47},{"type":"B","date":"2018-03-28T06:06:46.000Z","volume":20000,"label":" ","price":0.47},{"type":"A","date":"2018-03-28T06:07:01.000Z","volume":4000,"label":" ","price":0.475},{"type":"A","date":"2018-03-28T06:07:11.000Z","volume":30000,"label":" ","price":0.475},{"type":"A","date":"2018-03-28T06:09:32.000Z","volume":12000,"label":" ","price":0.475},{"type":"A","date":"2018-03-28T06:10:44.000Z","volume":4000,"label":" ","price":0.475},{"type":"B","date":"2018-03-28T06:13:58.000Z","volume":8000,"label":" ","price":0.475},{"type":"A","date":"2018-03-28T06:14:24.000Z","volume":116000,"label":" ","price":0.48},{"type":"A","date":"2018-03-28T06:14:24.000Z","volume":102000,"label":" ","price":0.485},{"type":"B","date":"2018-03-28T06:14:28.000Z","volume":240000,"label":" ","price":0.485},{"type":"B","date":"2018-03-28T06:14:33.000Z","volume":10000,"label":" ","price":0.485},{"type":"B","date":"2018-03-28T06:15:06.000Z","volume":20000,"label":" ","price":0.485},{"type":"B","date":"2018-03-28T06:15:59.000Z","volume":12000,"label":"Y","price":0.485},{"type":"B","date":"2018-03-28T06:20:31.000Z","volume":22000,"label":" ","price":0.485},{"type":"A","date":"2018-03-28T06:20:45.000Z","volume":28000,"label":" ","price":0.485},{"type":"B","date":"2018-03-28T06:32:17.000Z","volume":12000,"label":" ","price":0.485},{"type":"A","date":"2018-03-28T06:33:24.000Z","volume":100000,"label":" ","price":0.485},{"type":"A","date":"2018-03-28T06:49:41.000Z","volume":4000,"label":" ","price":0.485},{"type":"B","date":"2018-03-28T06:53:43.000Z","volume":16000,"label":" ","price":0.48},{"type":"A","date":"2018-03-28T06:55:29.000Z","volume":60000,"label":" ","price":0.485},{"type":"B","date":"2018-03-28T07:02:13.000Z","volume":60000,"label":" ","price":0.485},{"type":"B","date":"2018-03-28T07:06:21.000Z","volume":44000,"label":" ","price":0.485},{"type":"B","date":"2018-03-28T07:07:30.000Z","volume":18000,"label":" ","price":0.485},{"type":"B","date":"2018-03-28T07:07:37.000Z","volume":2000,"label":"Y","price":0.485},{"type":"B","date":"2018-03-28T07:08:17.000Z","volume":10000,"label":" ","price":0.485},{"type":"B","date":"2018-03-28T07:08:59.000Z","volume":10000,"label":" ","price":0.485},{"type":"B","date":"2018-03-28T07:09:21.000Z","volume":50000,"label":" ","price":0.485},{"type":"B","date":"2018-03-28T07:10:12.000Z","volume":10000,"label":" ","price":0.485},{"type":"B","date":"2018-03-28T07:14:10.000Z","volume":36000,"label":" ","price":0.485},{"type":"B","date":"2018-03-28T07:17:27.000Z","volume":20000,"label":" ","price":0.48},{"type":"A","date":"2018-03-28T07:18:08.000Z","volume":64000,"label":" ","price":0.485},{"type":"B","date":"2018-03-28T07:31:52.000Z","volume":20000,"label":"Y","price":0.485},{"type":"B","date":"2018-03-28T07:33:43.000Z","volume":160000,"label":" ","price":0.485},{"type":"B","date":"2018-03-28T07:35:16.000Z","volume":10000,"label":" ","price":0.485},{"type":"B","date":"2018-03-28T07:36:09.000Z","volume":10000,"label":" ","price":0.485},{"type":"B","date":"2018-03-28T07:40:02.000Z","volume":30000,"label":" ","price":0.485},{"type":"B","date":"2018-03-28T07:40:42.000Z","volume":100000,"label":" ","price":0.485},{"type":"B","date":"2018-03-28T07:41:30.000Z","volume":6000,"label":" ","price":0.485},{"type":"A","date":"2018-03-28T07:42:19.000Z","volume":94000,"label":" ","price":0.485},{"type":"B","date":"2018-03-28T07:42:40.000Z","volume":100000,"label":" ","price":0.485},{"type":"B","date":"2018-03-28T07:42:51.000Z","volume":24000,"label":" ","price":0.485},{"type":"B","date":"2018-03-28T07:43:20.000Z","volume":100000,"label":" ","price":0.485},{"type":"B","date":"2018-03-28T07:48:13.000Z","volume":32000,"label":"Y","price":0.485},{"type":"A","date":"2018-03-28T07:50:07.000Z","volume":68000,"label":"Y","price":0.485},{"type":"B","date":"2018-03-28T07:51:29.000Z","volume":50000,"label":" ","price":0.485},{"type":"A","date":"2018-03-28T07:51:39.000Z","volume":10000,"label":" ","price":0.49},{"type":"B","date":"2018-03-28T07:53:20.000Z","volume":100000,"label":" ","price":0.485},{"type":"A","date":"2018-03-28T07:53:39.000Z","volume":66000,"label":" ","price":0.49},{"type":"B","date":"2018-03-28T07:54:50.000Z","volume":54000,"label":" ","price":0.485},{"type":"B","date":"2018-03-28T07:55:41.000Z","volume":50000,"label":" ","price":0.485},{"type":"B","date":"2018-03-28T07:55:46.000Z","volume":40000,"label":" ","price":0.485},{"type":"A","date":"2018-03-28T07:58:05.000Z","volume":60000,"label":" ","price":0.49},{"type":"B","date":"2018-03-28T07:59:05.000Z","volume":10000,"label":" ","price":0.485},{"type":"B","date":"2018-03-28T07:59:15.000Z","volume":20000,"label":" ","price":0.485}]