[{"type":"A","date":"2018-03-19T06:15:51.000Z","volume":40000,"price":1.22,"category":"ubbull"},{"type":"A","date":"2018-03-19T06:06:16.000Z","volume":40000,"price":1.22,"category":"ubbull"},{"type":"A","date":"2018-03-19T03:37:10.000Z","volume":127000,"price":1.21,"category":"ubbull"},{"type":"A","date":"2018-03-19T03:03:57.000Z","volume":100000,"price":1.21,"category":"ubbull"},{"type":"A","date":"2018-03-19T07:31:15.000Z","volume":20000,"price":1.23,"category":"bbull"},{"type":"A","date":"2018-03-19T06:15:51.000Z","volume":35000,"price":1.22,"category":"bbull"},{"type":"A","date":"2018-03-19T06:07:01.000Z","volume":25000,"price":1.22,"category":"bbull"},{"type":"A","date":"2018-03-19T06:07:01.000Z","volume":20000,"price":1.22,"category":"bbull"},{"type":"A","date":"2018-03-19T06:06:16.000Z","volume":19000,"price":1.22,"category":"bbull"},{"type":"A","date":"2018-03-19T05:50:15.000Z","volume":28000,"price":1.22,"category":"bbull"},{"type":"A","date":"2018-03-19T07:54:56.000Z","volume":1000,"price":1.23,"category":"rbull"},{"type":"A","date":"2018-03-19T07:23:32.000Z","volume":1000,"price":1.23,"category":"rbull"},{"type":"B","date":"2018-03-19T07:52:31.000Z","volume":1000,"price":1.22,"category":"rbear"},{"type":"B","date":"2018-03-19T03:58:32.000Z","volume":1000,"price":1.21,"category":"rbear"},{"type":"B","date":"2018-03-19T03:35:51.000Z","volume":1000,"price":1.2,"category":"rbear"},{"type":"B","date":"2018-03-19T03:35:20.000Z","volume":1000,"price":1.2,"category":"rbear"},{"type":"B","date":"2018-03-19T03:35:12.000Z","volume":1000,"price":1.2,"category":"rbear"},{"type":"B","date":"2018-03-19T03:04:01.000Z","volume":1000,"price":1.2,"category":"rbear"},{"type":"B","date":"2018-03-19T03:03:58.000Z","volume":1000,"price":1.2,"category":"rbear"},{"type":"B","date":"2018-03-19T02:40:01.000Z","volume":1000,"price":1.2,"category":"rbear"},{"type":"B","date":"2018-03-19T02:39:35.000Z","volume":1000,"price":1.2,"category":"rbear"},{"type":"B","date":"2018-03-19T02:39:32.000Z","volume":1000,"price":1.2,"category":"rbear"},{"type":"B","date":"2018-03-19T02:39:32.000Z","volume":1000,"price":1.2,"category":"rbear"},{"type":"B","date":"2018-03-19T01:30:24.000Z","volume":1000,"price":1.2,"category":"rbear"},{"type":"B","date":"2018-03-19T07:48:33.000Z","volume":31000,"price":1.22,"category":"bbear"},{"type":"B","date":"2018-03-19T03:39:48.000Z","volume":14000,"price":1.21,"category":"bbear"},{"type":"B","date":"2018-03-19T03:35:11.000Z","volume":20000,"price":1.2,"category":"bbear"},{"type":"B","date":"2018-03-19T02:40:00.000Z","volume":13000,"price":1.2,"category":"bbear"},{"type":"B","date":"2018-03-19T03:39:47.000Z","volume":140000,"price":1.21,"category":"ubbear"},{"type":"B","date":"2018-03-19T02:39:32.000Z","volume":113000,"price":1.21,"category":"ubbear"}]