[{"type":"A","date":"2018-03-13T05:38:11.000Z","volume":30000,"price":3.35,"category":"ubbull"},{"type":"A","date":"2018-03-13T02:06:25.000Z","volume":30000,"price":3.35,"category":"ubbull"},{"type":"A","date":"2018-03-13T01:43:44.000Z","volume":58000,"price":3.35,"category":"ubbull"},{"type":"A","date":"2018-03-13T05:01:53.000Z","volume":20000,"price":3.35,"category":"bbull"},{"type":"A","date":"2018-03-13T02:45:23.000Z","volume":12000,"price":3.33,"category":"bbull"},{"type":"A","date":"2018-03-13T07:59:37.000Z","volume":2000,"price":3.35,"category":"rbull"},{"type":"A","date":"2018-03-13T07:59:37.000Z","volume":2000,"price":3.35,"category":"rbull"},{"type":"A","date":"2018-03-13T07:59:25.000Z","volume":2000,"price":3.35,"category":"rbull"},{"type":"A","date":"2018-03-13T07:58:48.000Z","volume":2000,"price":3.35,"category":"rbull"},{"type":"A","date":"2018-03-13T07:58:25.000Z","volume":2000,"price":3.35,"category":"rbull"},{"type":"A","date":"2018-03-13T07:58:25.000Z","volume":2000,"price":3.35,"category":"rbull"},{"type":"A","date":"2018-03-13T07:57:59.000Z","volume":2000,"price":3.35,"category":"rbull"},{"type":"A","date":"2018-03-13T07:57:18.000Z","volume":2000,"price":3.35,"category":"rbull"},{"type":"A","date":"2018-03-13T07:56:59.000Z","volume":2000,"price":3.35,"category":"rbull"},{"type":"A","date":"2018-03-13T07:54:29.000Z","volume":2000,"price":3.35,"category":"rbull"},{"type":"A","date":"2018-03-13T07:53:35.000Z","volume":2000,"price":3.34,"category":"rbull"},{"type":"A","date":"2018-03-13T07:52:25.000Z","volume":2000,"price":3.34,"category":"rbull"},{"type":"A","date":"2018-03-13T07:49:33.000Z","volume":2000,"price":3.34,"category":"rbull"},{"type":"A","date":"2018-03-13T07:49:14.000Z","volume":2000,"price":3.34,"category":"rbull"},{"type":"A","date":"2018-03-13T07:45:52.000Z","volume":2000,"price":3.34,"category":"rbull"},{"type":"A","date":"2018-03-13T07:45:50.000Z","volume":2000,"price":3.34,"category":"rbull"},{"type":"A","date":"2018-03-13T07:44:33.000Z","volume":2000,"price":3.34,"category":"rbull"},{"type":"A","date":"2018-03-13T07:44:33.000Z","volume":2000,"price":3.34,"category":"rbull"},{"type":"A","date":"2018-03-13T07:40:46.000Z","volume":2000,"price":3.35,"category":"rbull"},{"type":"A","date":"2018-03-13T07:32:39.000Z","volume":2000,"price":3.35,"category":"rbull"},{"type":"A","date":"2018-03-13T07:25:33.000Z","volume":2000,"price":3.35,"category":"rbull"},{"type":"A","date":"2018-03-13T07:08:02.000Z","volume":2000,"price":3.35,"category":"rbull"},{"type":"A","date":"2018-03-13T07:07:48.000Z","volume":2000,"price":3.35,"category":"rbull"},{"type":"A","date":"2018-03-13T07:00:42.000Z","volume":2000,"price":3.35,"category":"rbull"},{"type":"A","date":"2018-03-13T06:58:17.000Z","volume":2000,"price":3.35,"category":"rbull"},{"type":"A","date":"2018-03-13T06:54:06.000Z","volume":2000,"price":3.35,"category":"rbull"},{"type":"A","date":"2018-03-13T06:47:00.000Z","volume":2000,"price":3.35,"category":"rbull"},{"type":"A","date":"2018-03-13T06:39:34.000Z","volume":2000,"price":3.35,"category":"rbull"},{"type":"A","date":"2018-03-13T06:36:35.000Z","volume":2000,"price":3.35,"category":"rbull"},{"type":"A","date":"2018-03-13T06:32:13.000Z","volume":2000,"price":3.35,"category":"rbull"},{"type":"A","date":"2018-03-13T06:31:48.000Z","volume":2000,"price":3.35,"category":"rbull"},{"type":"A","date":"2018-03-13T06:25:59.000Z","volume":2000,"price":3.35,"category":"rbull"},{"type":"A","date":"2018-03-13T06:24:11.000Z","volume":2000,"price":3.35,"category":"rbull"},{"type":"A","date":"2018-03-13T06:20:15.000Z","volume":2000,"price":3.35,"category":"rbull"},{"type":"A","date":"2018-03-13T06:19:20.000Z","volume":2000,"price":3.35,"category":"rbull"},{"type":"A","date":"2018-03-13T06:16:35.000Z","volume":2000,"price":3.35,"category":"rbull"},{"type":"A","date":"2018-03-13T06:15:06.000Z","volume":2000,"price":3.35,"category":"rbull"},{"type":"A","date":"2018-03-13T06:09:29.000Z","volume":2000,"price":3.35,"category":"rbull"},{"type":"A","date":"2018-03-13T06:09:20.000Z","volume":2000,"price":3.35,"category":"rbull"},{"type":"A","date":"2018-03-13T06:03:56.000Z","volume":2000,"price":3.35,"category":"rbull"},{"type":"A","date":"2018-03-13T06:01:52.000Z","volume":2000,"price":3.35,"category":"rbull"},{"type":"A","date":"2018-03-13T05:58:50.000Z","volume":2000,"price":3.35,"category":"rbull"},{"type":"A","date":"2018-03-13T05:53:04.000Z","volume":2000,"price":3.35,"category":"rbull"},{"type":"A","date":"2018-03-13T05:52:45.000Z","volume":2000,"price":3.35,"category":"rbull"},{"type":"A","date":"2018-03-13T05:47:50.000Z","volume":2000,"price":3.35,"category":"rbull"},{"type":"A","date":"2018-03-13T05:45:39.000Z","volume":2000,"price":3.35,"category":"rbull"},{"type":"A","date":"2018-03-13T05:41:43.000Z","volume":2000,"price":3.35,"category":"rbull"},{"type":"A","date":"2018-03-13T05:38:11.000Z","volume":2000,"price":3.35,"category":"rbull"},{"type":"A","date":"2018-03-13T05:35:23.000Z","volume":2000,"price":3.35,"category":"rbull"},{"type":"A","date":"2018-03-13T05:30:26.000Z","volume":2000,"price":3.35,"category":"rbull"},{"type":"A","date":"2018-03-13T05:29:14.000Z","volume":2000,"price":3.35,"category":"rbull"},{"type":"A","date":"2018-03-13T05:23:26.000Z","volume":2000,"price":3.35,"category":"rbull"},{"type":"A","date":"2018-03-13T05:22:19.000Z","volume":2000,"price":3.35,"category":"rbull"},{"type":"A","date":"2018-03-13T05:17:05.000Z","volume":2000,"price":3.35,"category":"rbull"},{"type":"A","date":"2018-03-13T05:14:12.000Z","volume":2000,"price":3.35,"category":"rbull"},{"type":"A","date":"2018-03-13T05:11:51.000Z","volume":2000,"price":3.35,"category":"rbull"},{"type":"A","date":"2018-03-13T05:07:03.000Z","volume":2000,"price":3.35,"category":"rbull"},{"type":"A","date":"2018-03-13T05:06:05.000Z","volume":2000,"price":3.35,"category":"rbull"},{"type":"A","date":"2018-03-13T05:03:54.000Z","volume":2000,"price":3.35,"category":"rbull"},{"type":"A","date":"2018-03-13T05:00:45.000Z","volume":2000,"price":3.35,"category":"rbull"},{"type":"A","date":"2018-03-13T03:52:57.000Z","volume":2000,"price":3.35,"category":"rbull"},{"type":"A","date":"2018-03-13T03:45:11.000Z","volume":2000,"price":3.35,"category":"rbull"},{"type":"A","date":"2018-03-13T03:37:17.000Z","volume":2000,"price":3.35,"category":"rbull"},{"type":"A","date":"2018-03-13T03:18:27.000Z","volume":2000,"price":3.33,"category":"rbull"},{"type":"A","date":"2018-03-13T03:11:20.000Z","volume":2000,"price":3.34,"category":"rbull"},{"type":"A","date":"2018-03-13T03:07:10.000Z","volume":2000,"price":3.32,"category":"rbull"},{"type":"A","date":"2018-03-13T03:06:54.000Z","volume":2000,"price":3.32,"category":"rbull"},{"type":"A","date":"2018-03-13T03:06:35.000Z","volume":2000,"price":3.32,"category":"rbull"},{"type":"A","date":"2018-03-13T02:57:29.000Z","volume":2000,"price":3.33,"category":"rbull"},{"type":"A","date":"2018-03-13T02:55:39.000Z","volume":2000,"price":3.33,"category":"rbull"},{"type":"A","date":"2018-03-13T02:45:23.000Z","volume":2000,"price":3.34,"category":"rbull"},{"type":"A","date":"2018-03-13T02:41:35.000Z","volume":2000,"price":3.33,"category":"rbull"},{"type":"A","date":"2018-03-13T02:41:11.000Z","volume":2000,"price":3.33,"category":"rbull"},{"type":"A","date":"2018-03-13T02:36:40.000Z","volume":2000,"price":3.34,"category":"rbull"},{"type":"A","date":"2018-03-13T02:33:35.000Z","volume":2000,"price":3.34,"category":"rbull"},{"type":"A","date":"2018-03-13T02:33:35.000Z","volume":2000,"price":3.34,"category":"rbull"},{"type":"A","date":"2018-03-13T02:29:40.000Z","volume":2000,"price":3.34,"category":"rbull"},{"type":"A","date":"2018-03-13T02:26:37.000Z","volume":2000,"price":3.34,"category":"rbull"},{"type":"A","date":"2018-03-13T02:24:25.000Z","volume":2000,"price":3.34,"category":"rbull"},{"type":"A","date":"2018-03-13T02:18:07.000Z","volume":2000,"price":3.34,"category":"rbull"},{"type":"A","date":"2018-03-13T02:18:07.000Z","volume":2000,"price":3.34,"category":"rbull"},{"type":"A","date":"2018-03-13T02:06:30.000Z","volume":2000,"price":3.36,"category":"rbull"},{"type":"A","date":"2018-03-13T02:06:29.000Z","volume":2000,"price":3.36,"category":"rbull"},{"type":"A","date":"2018-03-13T02:04:58.000Z","volume":2000,"price":3.35,"category":"rbull"},{"type":"A","date":"2018-03-13T02:04:57.000Z","volume":2000,"price":3.35,"category":"rbull"},{"type":"A","date":"2018-03-13T02:01:55.000Z","volume":2000,"price":3.35,"category":"rbull"},{"type":"A","date":"2018-03-13T01:59:53.000Z","volume":2000,"price":3.35,"category":"rbull"},{"type":"A","date":"2018-03-13T01:57:00.000Z","volume":2000,"price":3.35,"category":"rbull"},{"type":"B","date":"2018-03-13T07:59:20.000Z","volume":2000,"price":3.34,"category":"rbear"},{"type":"B","date":"2018-03-13T07:54:27.000Z","volume":2000,"price":3.34,"category":"rbear"},{"type":"B","date":"2018-03-13T07:52:20.000Z","volume":2000,"price":3.33,"category":"rbear"},{"type":"B","date":"2018-03-13T07:51:20.000Z","volume":2000,"price":3.33,"category":"rbear"},{"type":"B","date":"2018-03-13T07:49:50.000Z","volume":2000,"price":3.33,"category":"rbear"},{"type":"B","date":"2018-03-13T07:48:50.000Z","volume":2000,"price":3.33,"category":"rbear"},{"type":"B","date":"2018-03-13T07:47:20.000Z","volume":2000,"price":3.33,"category":"rbear"},{"type":"B","date":"2018-03-13T07:45:50.000Z","volume":2000,"price":3.33,"category":"rbear"},{"type":"B","date":"2018-03-13T07:44:20.000Z","volume":2000,"price":3.33,"category":"rbear"},{"type":"B","date":"2018-03-13T07:42:50.000Z","volume":2000,"price":3.33,"category":"rbear"},{"type":"B","date":"2018-03-13T07:41:20.000Z","volume":2000,"price":3.33,"category":"rbear"},{"type":"B","date":"2018-03-13T07:33:18.000Z","volume":2000,"price":3.34,"category":"rbear"},{"type":"B","date":"2018-03-13T03:18:18.000Z","volume":2000,"price":3.33,"category":"rbear"},{"type":"B","date":"2018-03-13T02:49:33.000Z","volume":2000,"price":3.34,"category":"rbear"},{"type":"B","date":"2018-03-13T02:45:24.000Z","volume":2000,"price":3.34,"category":"rbear"},{"type":"B","date":"2018-03-13T02:45:24.000Z","volume":2000,"price":3.34,"category":"rbear"},{"type":"B","date":"2018-03-13T02:39:07.000Z","volume":2000,"price":3.33,"category":"rbear"},{"type":"B","date":"2018-03-13T01:44:07.000Z","volume":2000,"price":3.35,"category":"rbear"},{"type":"B","date":"2018-03-13T01:38:48.000Z","volume":2000,"price":3.35,"category":"rbear"},{"type":"B","date":"2018-03-13T07:15:34.000Z","volume":22000,"price":3.34,"category":"bbear"},{"type":"B","date":"2018-03-13T02:39:07.000Z","volume":20000,"price":3.33,"category":"bbear"},{"type":"B","date":"2018-03-13T02:18:05.000Z","volume":16000,"price":3.34,"category":"bbear"},{"type":"B","date":"2018-03-13T03:06:28.000Z","volume":36000,"price":3.32,"category":"ubbear"}]