[{"type":"A","date":"2018-03-21T02:09:50.000Z","volume":80000,"price":2.03,"category":"ubbull"},{"type":"A","date":"2018-03-21T02:08:29.000Z","volume":26000,"price":2.01,"category":"ubbull"},{"type":"A","date":"2018-03-21T02:08:29.000Z","volume":30000,"price":2.01,"category":"ubbull"},{"type":"A","date":"2018-03-21T02:08:29.000Z","volume":20000,"price":2.01,"category":"ubbull"},{"type":"A","date":"2018-03-21T01:40:36.000Z","volume":20000,"price":2.02,"category":"ubbull"},{"type":"A","date":"2018-03-21T07:59:01.000Z","volume":8000,"price":2.01,"category":"bbull"},{"type":"A","date":"2018-03-21T07:59:01.000Z","volume":8000,"price":2.01,"category":"bbull"},{"type":"A","date":"2018-03-21T07:57:26.000Z","volume":12000,"price":2.01,"category":"bbull"},{"type":"A","date":"2018-03-21T07:42:47.000Z","volume":8000,"price":2.01,"category":"bbull"},{"type":"A","date":"2018-03-21T07:36:38.000Z","volume":8000,"price":2.01,"category":"bbull"},{"type":"A","date":"2018-03-21T06:14:05.000Z","volume":10000,"price":2.02,"category":"bbull"},{"type":"A","date":"2018-03-21T05:12:06.000Z","volume":10000,"price":2.01,"category":"bbull"},{"type":"A","date":"2018-03-21T02:36:29.000Z","volume":8000,"price":2.03,"category":"bbull"},{"type":"A","date":"2018-03-21T02:19:55.000Z","volume":8000,"price":2.03,"category":"bbull"},{"type":"A","date":"2018-03-21T02:09:50.000Z","volume":10000,"price":2.03,"category":"bbull"},{"type":"A","date":"2018-03-21T02:08:29.000Z","volume":10000,"price":2.02,"category":"bbull"},{"type":"A","date":"2018-03-21T02:08:29.000Z","volume":10000,"price":2.01,"category":"bbull"},{"type":"A","date":"2018-03-21T01:42:24.000Z","volume":10000,"price":2.01,"category":"bbull"},{"type":"A","date":"2018-03-21T07:59:55.000Z","volume":2000,"price":2.01,"category":"rbull"},{"type":"A","date":"2018-03-21T07:59:55.000Z","volume":2000,"price":2.01,"category":"rbull"},{"type":"A","date":"2018-03-21T07:59:30.000Z","volume":2000,"price":2.01,"category":"rbull"},{"type":"A","date":"2018-03-21T07:59:25.000Z","volume":2000,"price":2.01,"category":"rbull"},{"type":"A","date":"2018-03-21T07:59:24.000Z","volume":2000,"price":2.01,"category":"rbull"},{"type":"A","date":"2018-03-21T07:59:16.000Z","volume":2000,"price":2.01,"category":"rbull"},{"type":"A","date":"2018-03-21T07:59:12.000Z","volume":2000,"price":2.01,"category":"rbull"},{"type":"A","date":"2018-03-21T07:59:01.000Z","volume":2000,"price":2.01,"category":"rbull"},{"type":"A","date":"2018-03-21T07:58:45.000Z","volume":2000,"price":2.01,"category":"rbull"},{"type":"A","date":"2018-03-21T07:58:16.000Z","volume":2000,"price":2.01,"category":"rbull"},{"type":"A","date":"2018-03-21T07:58:12.000Z","volume":2000,"price":2.01,"category":"rbull"},{"type":"A","date":"2018-03-21T07:57:51.000Z","volume":2000,"price":2.01,"category":"rbull"},{"type":"A","date":"2018-03-21T07:57:29.000Z","volume":2000,"price":2.01,"category":"rbull"},{"type":"A","date":"2018-03-21T07:56:54.000Z","volume":2000,"price":2.01,"category":"rbull"},{"type":"A","date":"2018-03-21T07:56:46.000Z","volume":2000,"price":2.01,"category":"rbull"},{"type":"A","date":"2018-03-21T07:55:51.000Z","volume":2000,"price":2.01,"category":"rbull"},{"type":"A","date":"2018-03-21T07:54:46.000Z","volume":2000,"price":2.01,"category":"rbull"},{"type":"A","date":"2018-03-21T07:53:24.000Z","volume":2000,"price":2.01,"category":"rbull"},{"type":"A","date":"2018-03-21T07:53:21.000Z","volume":2000,"price":2.01,"category":"rbull"},{"type":"A","date":"2018-03-21T07:52:46.000Z","volume":2000,"price":2.01,"category":"rbull"},{"type":"A","date":"2018-03-21T07:51:42.000Z","volume":2000,"price":2.01,"category":"rbull"},{"type":"A","date":"2018-03-21T07:50:51.000Z","volume":2000,"price":2.01,"category":"rbull"},{"type":"A","date":"2018-03-21T07:49:54.000Z","volume":2000,"price":2.01,"category":"rbull"},{"type":"A","date":"2018-03-21T07:49:54.000Z","volume":2000,"price":2.01,"category":"rbull"},{"type":"A","date":"2018-03-21T07:49:46.000Z","volume":2000,"price":2.01,"category":"rbull"},{"type":"A","date":"2018-03-21T07:49:42.000Z","volume":2000,"price":2.01,"category":"rbull"},{"type":"A","date":"2018-03-21T07:47:21.000Z","volume":2000,"price":2.01,"category":"rbull"},{"type":"A","date":"2018-03-21T07:46:16.000Z","volume":2000,"price":2.01,"category":"rbull"},{"type":"A","date":"2018-03-21T07:43:13.000Z","volume":2000,"price":2.01,"category":"rbull"},{"type":"A","date":"2018-03-21T07:43:06.000Z","volume":2000,"price":2.01,"category":"rbull"},{"type":"A","date":"2018-03-21T07:42:53.000Z","volume":2000,"price":2.01,"category":"rbull"},{"type":"A","date":"2018-03-21T07:41:46.000Z","volume":2000,"price":2.01,"category":"rbull"},{"type":"A","date":"2018-03-21T07:40:35.000Z","volume":2000,"price":2.01,"category":"rbull"},{"type":"A","date":"2018-03-21T07:40:12.000Z","volume":2000,"price":2.01,"category":"rbull"},{"type":"A","date":"2018-03-21T07:40:05.000Z","volume":2000,"price":2.01,"category":"rbull"},{"type":"A","date":"2018-03-21T07:39:05.000Z","volume":2000,"price":2.01,"category":"rbull"},{"type":"A","date":"2018-03-21T07:38:05.000Z","volume":2000,"price":2.01,"category":"rbull"},{"type":"A","date":"2018-03-21T07:37:05.000Z","volume":2000,"price":2.01,"category":"rbull"},{"type":"A","date":"2018-03-21T07:32:53.000Z","volume":2000,"price":2.01,"category":"rbull"},{"type":"A","date":"2018-03-21T07:22:53.000Z","volume":2000,"price":2.01,"category":"rbull"},{"type":"A","date":"2018-03-21T07:21:53.000Z","volume":2000,"price":2.01,"category":"rbull"},{"type":"A","date":"2018-03-21T07:21:41.000Z","volume":2000,"price":2.01,"category":"rbull"},{"type":"A","date":"2018-03-21T07:19:35.000Z","volume":2000,"price":2.01,"category":"rbull"},{"type":"A","date":"2018-03-21T07:17:11.000Z","volume":2000,"price":2.01,"category":"rbull"},{"type":"A","date":"2018-03-21T07:17:04.000Z","volume":2000,"price":2.01,"category":"rbull"},{"type":"A","date":"2018-03-21T07:16:41.000Z","volume":2000,"price":2.01,"category":"rbull"},{"type":"A","date":"2018-03-21T07:15:04.000Z","volume":2000,"price":2.01,"category":"rbull"},{"type":"A","date":"2018-03-21T07:12:34.000Z","volume":2000,"price":2.01,"category":"rbull"},{"type":"A","date":"2018-03-21T07:11:41.000Z","volume":2000,"price":2.01,"category":"rbull"},{"type":"A","date":"2018-03-21T07:11:22.000Z","volume":2000,"price":2.01,"category":"rbull"},{"type":"A","date":"2018-03-21T07:10:04.000Z","volume":2000,"price":2.01,"category":"rbull"},{"type":"A","date":"2018-03-21T07:06:41.000Z","volume":2000,"price":2.01,"category":"rbull"},{"type":"A","date":"2018-03-21T06:59:52.000Z","volume":2000,"price":2.01,"category":"rbull"},{"type":"A","date":"2018-03-21T06:40:51.000Z","volume":2000,"price":2.02,"category":"rbull"},{"type":"A","date":"2018-03-21T06:29:15.000Z","volume":2000,"price":2.02,"category":"rbull"},{"type":"A","date":"2018-03-21T06:25:32.000Z","volume":2000,"price":2.02,"category":"rbull"},{"type":"A","date":"2018-03-21T06:25:20.000Z","volume":2000,"price":2.02,"category":"rbull"},{"type":"A","date":"2018-03-21T06:23:02.000Z","volume":2000,"price":2.02,"category":"rbull"},{"type":"A","date":"2018-03-21T06:13:49.000Z","volume":2000,"price":2.02,"category":"rbull"},{"type":"A","date":"2018-03-21T05:54:47.000Z","volume":2000,"price":2.02,"category":"rbull"},{"type":"A","date":"2018-03-21T05:50:21.000Z","volume":2000,"price":2.02,"category":"rbull"},{"type":"A","date":"2018-03-21T05:48:48.000Z","volume":2000,"price":2.02,"category":"rbull"},{"type":"A","date":"2018-03-21T05:27:02.000Z","volume":2000,"price":2.02,"category":"rbull"},{"type":"A","date":"2018-03-21T05:00:07.000Z","volume":2000,"price":2.02,"category":"rbull"},{"type":"A","date":"2018-03-21T03:55:14.000Z","volume":2000,"price":2.02,"category":"rbull"},{"type":"A","date":"2018-03-21T03:25:17.000Z","volume":2000,"price":2.02,"category":"rbull"},{"type":"A","date":"2018-03-21T03:02:30.000Z","volume":2000,"price":2.02,"category":"rbull"},{"type":"A","date":"2018-03-21T02:47:19.000Z","volume":2000,"price":2.03,"category":"rbull"},{"type":"A","date":"2018-03-21T02:47:18.000Z","volume":2000,"price":2.03,"category":"rbull"},{"type":"A","date":"2018-03-21T02:42:02.000Z","volume":2000,"price":2.03,"category":"rbull"},{"type":"A","date":"2018-03-21T02:36:30.000Z","volume":2000,"price":2.03,"category":"rbull"},{"type":"A","date":"2018-03-21T02:08:29.000Z","volume":2000,"price":2.02,"category":"rbull"},{"type":"A","date":"2018-03-21T02:07:44.000Z","volume":2000,"price":2.01,"category":"rbull"},{"type":"A","date":"2018-03-21T01:38:59.000Z","volume":2000,"price":2.02,"category":"rbull"},{"type":"B","date":"2018-03-21T07:22:53.000Z","volume":2000,"price":2,"category":"rbear"},{"type":"B","date":"2018-03-21T05:55:38.000Z","volume":2000,"price":2.01,"category":"rbear"},{"type":"B","date":"2018-03-21T05:54:47.000Z","volume":2000,"price":2.01,"category":"rbear"},{"type":"B","date":"2018-03-21T05:12:07.000Z","volume":2000,"price":2,"category":"rbear"},{"type":"B","date":"2018-03-21T05:10:37.000Z","volume":2000,"price":2,"category":"rbear"},{"type":"B","date":"2018-03-21T05:07:48.000Z","volume":2000,"price":2,"category":"rbear"},{"type":"B","date":"2018-03-21T05:00:07.000Z","volume":2000,"price":2.01,"category":"rbear"},{"type":"B","date":"2018-03-21T03:57:09.000Z","volume":2000,"price":2.01,"category":"rbear"},{"type":"B","date":"2018-03-21T03:51:35.000Z","volume":2000,"price":2.01,"category":"rbear"},{"type":"B","date":"2018-03-21T03:01:31.000Z","volume":2000,"price":2.01,"category":"rbear"},{"type":"B","date":"2018-03-21T03:01:30.000Z","volume":2000,"price":2.01,"category":"rbear"},{"type":"B","date":"2018-03-21T02:50:30.000Z","volume":2000,"price":2.01,"category":"rbear"},{"type":"B","date":"2018-03-21T02:47:19.000Z","volume":2000,"price":2.02,"category":"rbear"},{"type":"B","date":"2018-03-21T02:42:04.000Z","volume":2000,"price":2.02,"category":"rbear"},{"type":"B","date":"2018-03-21T02:42:02.000Z","volume":2000,"price":2.02,"category":"rbear"},{"type":"B","date":"2018-03-21T02:28:51.000Z","volume":2000,"price":2.02,"category":"rbear"},{"type":"B","date":"2018-03-21T02:19:55.000Z","volume":2000,"price":2.02,"category":"rbear"},{"type":"B","date":"2018-03-21T02:10:45.000Z","volume":2000,"price":2.02,"category":"rbear"},{"type":"B","date":"2018-03-21T02:08:31.000Z","volume":2000,"price":2.01,"category":"rbear"},{"type":"B","date":"2018-03-21T02:08:30.000Z","volume":2000,"price":2.01,"category":"rbear"},{"type":"B","date":"2018-03-21T02:08:29.000Z","volume":2000,"price":2.01,"category":"rbear"},{"type":"B","date":"2018-03-21T02:07:44.000Z","volume":2000,"price":2,"category":"rbear"},{"type":"B","date":"2018-03-21T02:04:08.000Z","volume":2000,"price":2,"category":"rbear"},{"type":"B","date":"2018-03-21T01:59:32.000Z","volume":2000,"price":2,"category":"rbear"},{"type":"B","date":"2018-03-21T01:42:12.000Z","volume":2000,"price":2,"category":"rbear"},{"type":"B","date":"2018-03-21T01:42:12.000Z","volume":2000,"price":2,"category":"rbear"},{"type":"B","date":"2018-03-21T01:42:08.000Z","volume":2000,"price":2,"category":"rbear"},{"type":"B","date":"2018-03-21T01:42:07.000Z","volume":2000,"price":2,"category":"rbear"},{"type":"B","date":"2018-03-21T01:42:07.000Z","volume":2000,"price":2,"category":"rbear"},{"type":"B","date":"2018-03-21T01:41:30.000Z","volume":2000,"price":2.01,"category":"rbear"},{"type":"B","date":"2018-03-21T01:40:38.000Z","volume":2000,"price":2.01,"category":"rbear"},{"type":"B","date":"2018-03-21T01:39:09.000Z","volume":2000,"price":2.01,"category":"rbear"},{"type":"B","date":"2018-03-21T01:38:54.000Z","volume":2000,"price":2,"category":"rbear"},{"type":"B","date":"2018-03-21T01:38:53.000Z","volume":2000,"price":2.01,"category":"rbear"},{"type":"B","date":"2018-03-21T01:38:53.000Z","volume":2000,"price":2.01,"category":"rbear"},{"type":"B","date":"2018-03-21T06:32:33.000Z","volume":16000,"price":2.01,"category":"bbear"},{"type":"B","date":"2018-03-21T06:29:28.000Z","volume":10000,"price":2.01,"category":"bbear"},{"type":"B","date":"2018-03-21T06:27:02.000Z","volume":8000,"price":2.01,"category":"bbear"},{"type":"B","date":"2018-03-21T06:26:58.000Z","volume":14000,"price":2.01,"category":"bbear"},{"type":"B","date":"2018-03-21T06:19:35.000Z","volume":10000,"price":2.01,"category":"bbear"},{"type":"B","date":"2018-03-21T05:00:06.000Z","volume":14000,"price":2.01,"category":"bbear"},{"type":"B","date":"2018-03-21T02:57:04.000Z","volume":12000,"price":2.01,"category":"bbear"},{"type":"B","date":"2018-03-21T02:50:32.000Z","volume":8000,"price":2.01,"category":"bbear"},{"type":"B","date":"2018-03-21T02:50:31.000Z","volume":8000,"price":2.01,"category":"bbear"},{"type":"B","date":"2018-03-21T02:42:01.000Z","volume":10000,"price":2.02,"category":"bbear"},{"type":"B","date":"2018-03-21T02:00:55.000Z","volume":10000,"price":2,"category":"bbear"},{"type":"B","date":"2018-03-21T01:42:07.000Z","volume":8000,"price":2.01,"category":"bbear"},{"type":"B","date":"2018-03-21T01:38:53.000Z","volume":8000,"price":2,"category":"bbear"},{"type":"B","date":"2018-03-21T01:38:53.000Z","volume":12000,"price":2.01,"category":"bbear"},{"type":"B","date":"2018-03-21T07:00:41.000Z","volume":30000,"price":2,"category":"ubbear"},{"type":"B","date":"2018-03-21T06:26:58.000Z","volume":26000,"price":2.01,"category":"ubbear"},{"type":"B","date":"2018-03-21T02:50:30.000Z","volume":54000,"price":2.02,"category":"ubbear"},{"type":"B","date":"2018-03-21T02:18:43.000Z","volume":30000,"price":2.02,"category":"ubbear"},{"type":"B","date":"2018-03-21T01:42:07.000Z","volume":38000,"price":2.01,"category":"ubbear"}]