[{"type":"U","date":"2018-03-20T01:20:00.000Z","volume":8500,"label":"U","price":24.05},{"type":"A","date":"2018-03-20T01:30:00.000Z","volume":500,"label":" ","price":24.05},{"type":"B","date":"2018-03-20T01:30:01.000Z","volume":10000,"label":" ","price":24},{"type":"A","date":"2018-03-20T01:30:01.000Z","volume":500,"label":" ","price":24.1},{"type":"A","date":"2018-03-20T01:30:02.000Z","volume":1000,"label":" ","price":24.15},{"type":"A","date":"2018-03-20T01:30:02.000Z","volume":2000,"label":" ","price":24.2},{"type":"A","date":"2018-03-20T01:30:02.000Z","volume":1500,"label":" ","price":24.2},{"type":"U","date":"2018-03-20T01:30:02.000Z","volume":6500,"label":" ","price":24.05},{"type":"B","date":"2018-03-20T01:30:02.000Z","volume":46500,"label":" ","price":24},{"type":"B","date":"2018-03-20T01:30:02.000Z","volume":6000,"label":" ","price":23.95},{"type":"B","date":"2018-03-20T01:30:02.000Z","volume":10000,"label":" ","price":23.9},{"type":"A","date":"2018-03-20T01:30:02.000Z","volume":500,"label":" ","price":24.2},{"type":"U","date":"2018-03-20T01:30:06.000Z","volume":3000,"label":"X","price":24.05},{"type":"A","date":"2018-03-20T01:30:06.000Z","volume":2000,"label":"Y","price":24.05},{"type":"A","date":"2018-03-20T01:30:06.000Z","volume":3000,"label":" ","price":24.05},{"type":"A","date":"2018-03-20T01:30:07.000Z","volume":2000,"label":"Y","price":24.1},{"type":"A","date":"2018-03-20T01:30:11.000Z","volume":500,"label":" ","price":24.1},{"type":"A","date":"2018-03-20T01:30:12.000Z","volume":500,"label":" ","price":24.1},{"type":"A","date":"2018-03-20T01:30:13.000Z","volume":500,"label":" ","price":24.1},{"type":"A","date":"2018-03-20T01:30:16.000Z","volume":1000,"label":" ","price":24.1},{"type":"A","date":"2018-03-20T01:30:32.000Z","volume":7500,"label":" ","price":24.1},{"type":"A","date":"2018-03-20T01:30:32.000Z","volume":500,"label":" ","price":24.1},{"type":"A","date":"2018-03-20T01:30:32.000Z","volume":1000,"label":" ","price":24.1},{"type":"A","date":"2018-03-20T01:30:32.000Z","volume":1000,"label":" ","price":24.1},{"type":"A","date":"2018-03-20T01:30:34.000Z","volume":500,"label":" ","price":24.1},{"type":"U","date":"2018-03-20T01:30:36.000Z","volume":1500,"label":"X","price":24.1},{"type":"U","date":"2018-03-20T01:30:50.000Z","volume":1000,"label":"X","price":24.1},{"type":"A","date":"2018-03-20T01:32:45.000Z","volume":52000,"label":" ","price":24.1},{"type":"A","date":"2018-03-20T01:32:45.000Z","volume":1500,"label":" ","price":24.15},{"type":"A","date":"2018-03-20T01:32:45.000Z","volume":4000,"label":" ","price":24.15},{"type":"A","date":"2018-03-20T01:32:45.000Z","volume":4500,"label":" ","price":24.15},{"type":"A","date":"2018-03-20T01:32:47.000Z","volume":500,"label":" ","price":24.2},{"type":"A","date":"2018-03-20T01:32:47.000Z","volume":5000,"label":" ","price":24.2},{"type":"A","date":"2018-03-20T01:32:47.000Z","volume":500,"label":" ","price":24.2},{"type":"U","date":"2018-03-20T01:33:00.000Z","volume":3000,"label":"X","price":24.2},{"type":"A","date":"2018-03-20T01:33:00.000Z","volume":2000,"label":" ","price":24.2},{"type":"A","date":"2018-03-20T01:33:02.000Z","volume":500,"label":" ","price":24.2},{"type":"A","date":"2018-03-20T01:34:29.000Z","volume":500,"label":" ","price":24.2},{"type":"A","date":"2018-03-20T01:34:31.000Z","volume":500,"label":" ","price":24.2},{"type":"A","date":"2018-03-20T01:34:31.000Z","volume":4000,"label":" ","price":24.2},{"type":"A","date":"2018-03-20T01:34:31.000Z","volume":1000,"label":" ","price":24.3},{"type":"A","date":"2018-03-20T01:35:05.000Z","volume":1000,"label":" ","price":24.3},{"type":"B","date":"2018-03-20T01:35:06.000Z","volume":1500,"label":"Y","price":24.25},{"type":"B","date":"2018-03-20T01:35:06.000Z","volume":12000,"label":" ","price":24.25},{"type":"B","date":"2018-03-20T01:35:06.000Z","volume":9000,"label":" ","price":24.2},{"type":"B","date":"2018-03-20T01:35:06.000Z","volume":2500,"label":" ","price":24.15},{"type":"A","date":"2018-03-20T01:36:59.000Z","volume":500,"label":" ","price":24.2},{"type":"A","date":"2018-03-20T01:37:05.000Z","volume":2000,"label":" ","price":24.2},{"type":"A","date":"2018-03-20T01:37:05.000Z","volume":6000,"label":" ","price":24.3},{"type":"B","date":"2018-03-20T01:39:40.000Z","volume":25000,"label":" ","price":24.2},{"type":"B","date":"2018-03-20T01:40:03.000Z","volume":500,"label":" ","price":24.2},{"type":"B","date":"2018-03-20T01:44:10.000Z","volume":5000,"label":" ","price":24.2},{"type":"U","date":"2018-03-20T01:48:49.000Z","volume":2000,"label":" ","price":24.25},{"type":"A","date":"2018-03-20T01:52:53.000Z","volume":1500,"label":" ","price":24.25},{"type":"B","date":"2018-03-20T01:55:02.000Z","volume":500,"label":" ","price":24.2},{"type":"A","date":"2018-03-20T01:55:38.000Z","volume":1500,"label":" ","price":24.25},{"type":"B","date":"2018-03-20T01:57:02.000Z","volume":1000,"label":" ","price":24.2},{"type":"A","date":"2018-03-20T01:59:06.000Z","volume":1500,"label":" ","price":24.25},{"type":"A","date":"2018-03-20T02:00:41.000Z","volume":30000,"label":" ","price":24.25},{"type":"A","date":"2018-03-20T02:00:41.000Z","volume":12000,"label":" ","price":24.25},{"type":"A","date":"2018-03-20T02:00:43.000Z","volume":500,"label":" ","price":24.3},{"type":"A","date":"2018-03-20T02:00:51.000Z","volume":10000,"label":" ","price":24.3},{"type":"A","date":"2018-03-20T02:00:51.000Z","volume":7500,"label":" ","price":24.3},{"type":"A","date":"2018-03-20T02:00:52.000Z","volume":500,"label":" ","price":24.3},{"type":"B","date":"2018-03-20T02:00:57.000Z","volume":500,"label":" ","price":24.25},{"type":"A","date":"2018-03-20T02:01:46.000Z","volume":1500,"label":" ","price":24.3},{"type":"A","date":"2018-03-20T02:02:58.000Z","volume":500,"label":" ","price":24.3},{"type":"A","date":"2018-03-20T02:03:34.000Z","volume":1500,"label":" ","price":24.3},{"type":"A","date":"2018-03-20T02:03:37.000Z","volume":500,"label":" ","price":24.3},{"type":"U","date":"2018-03-20T02:04:26.000Z","volume":500,"label":"X","price":24.275},{"type":"A","date":"2018-03-20T02:05:34.000Z","volume":500,"label":" ","price":24.3},{"type":"A","date":"2018-03-20T02:05:37.000Z","volume":1500,"label":" ","price":24.3},{"type":"A","date":"2018-03-20T02:07:17.000Z","volume":1000,"label":" ","price":24.3},{"type":"A","date":"2018-03-20T02:08:31.000Z","volume":500,"label":" ","price":24.3},{"type":"A","date":"2018-03-20T02:08:54.000Z","volume":1000,"label":" ","price":24.3},{"type":"B","date":"2018-03-20T02:09:38.000Z","volume":1000,"label":" ","price":24.25},{"type":"A","date":"2018-03-20T02:11:45.000Z","volume":1000,"label":" ","price":24.3},{"type":"B","date":"2018-03-20T02:12:28.000Z","volume":2000,"label":" ","price":24.25},{"type":"A","date":"2018-03-20T02:13:34.000Z","volume":1000,"label":" ","price":24.3},{"type":"A","date":"2018-03-20T02:13:35.000Z","volume":500,"label":" ","price":24.3},{"type":"A","date":"2018-03-20T02:13:58.000Z","volume":500,"label":" ","price":24.3},{"type":"A","date":"2018-03-20T02:14:09.000Z","volume":2000,"label":" ","price":24.3},{"type":"B","date":"2018-03-20T02:14:12.000Z","volume":500,"label":" ","price":24.25},{"type":"B","date":"2018-03-20T02:14:25.000Z","volume":2000,"label":" ","price":24.25},{"type":"B","date":"2018-03-20T02:14:44.000Z","volume":20000,"label":" ","price":24.25},{"type":"B","date":"2018-03-20T02:14:57.000Z","volume":500,"label":" ","price":24.25},{"type":"B","date":"2018-03-20T02:15:20.000Z","volume":5000,"label":" ","price":24.25},{"type":"B","date":"2018-03-20T02:16:12.000Z","volume":500,"label":" ","price":24.2},{"type":"B","date":"2018-03-20T02:16:12.000Z","volume":15000,"label":" ","price":24.2},{"type":"U","date":"2018-03-20T02:18:00.000Z","volume":111,"label":"D","price":24},{"type":"B","date":"2018-03-20T02:18:42.000Z","volume":500,"label":" ","price":24.15},{"type":"A","date":"2018-03-20T02:22:27.000Z","volume":1000,"label":" ","price":24.2},{"type":"A","date":"2018-03-20T02:24:37.000Z","volume":1000,"label":" ","price":24.2},{"type":"B","date":"2018-03-20T02:25:12.000Z","volume":500,"label":" ","price":24.15},{"type":"B","date":"2018-03-20T02:26:42.000Z","volume":9500,"label":" ","price":24.15},{"type":"A","date":"2018-03-20T02:26:42.000Z","volume":1000,"label":" ","price":24.2},{"type":"B","date":"2018-03-20T02:27:42.000Z","volume":500,"label":" ","price":24.15},{"type":"A","date":"2018-03-20T02:30:53.000Z","volume":500,"label":" ","price":24.2},{"type":"A","date":"2018-03-20T02:32:30.000Z","volume":500,"label":" ","price":24.2},{"type":"B","date":"2018-03-20T02:33:22.000Z","volume":2000,"label":" ","price":24.15},{"type":"A","date":"2018-03-20T02:33:27.000Z","volume":500,"label":" ","price":24.2},{"type":"A","date":"2018-03-20T02:33:28.000Z","volume":500,"label":" ","price":24.2},{"type":"A","date":"2018-03-20T02:34:28.000Z","volume":500,"label":" ","price":24.2},{"type":"A","date":"2018-03-20T02:35:32.000Z","volume":500,"label":" ","price":24.2},{"type":"B","date":"2018-03-20T02:36:42.000Z","volume":5000,"label":" ","price":24.15},{"type":"A","date":"2018-03-20T02:36:56.000Z","volume":500,"label":" ","price":24.2},{"type":"A","date":"2018-03-20T02:38:11.000Z","volume":500,"label":" ","price":24.2},{"type":"A","date":"2018-03-20T02:38:39.000Z","volume":24000,"label":" ","price":24.2},{"type":"B","date":"2018-03-20T02:38:39.000Z","volume":500,"label":" ","price":24.2},{"type":"A","date":"2018-03-20T02:38:41.000Z","volume":1500,"label":" ","price":24.25},{"type":"B","date":"2018-03-20T02:39:54.000Z","volume":1000,"label":"Y","price":24.2},{"type":"B","date":"2018-03-20T02:39:54.000Z","volume":39000,"label":" ","price":24.2},{"type":"A","date":"2018-03-20T02:43:55.000Z","volume":500,"label":" ","price":24.25},{"type":"A","date":"2018-03-20T02:45:24.000Z","volume":500,"label":" ","price":24.25},{"type":"A","date":"2018-03-20T02:46:24.000Z","volume":500,"label":" ","price":24.25},{"type":"A","date":"2018-03-20T02:46:30.000Z","volume":500,"label":" ","price":24.25},{"type":"A","date":"2018-03-20T02:47:28.000Z","volume":500,"label":" ","price":24.25},{"type":"A","date":"2018-03-20T02:48:31.000Z","volume":500,"label":" ","price":24.25},{"type":"A","date":"2018-03-20T02:49:35.000Z","volume":500,"label":" ","price":24.25},{"type":"B","date":"2018-03-20T02:50:33.000Z","volume":20000,"label":" ","price":24.2},{"type":"B","date":"2018-03-20T02:52:05.000Z","volume":1000,"label":" ","price":24.2},{"type":"A","date":"2018-03-20T02:55:29.000Z","volume":30000,"label":" ","price":24.25},{"type":"A","date":"2018-03-20T02:55:29.000Z","volume":500,"label":" ","price":24.25},{"type":"A","date":"2018-03-20T02:55:55.000Z","volume":30000,"label":" ","price":24.25},{"type":"A","date":"2018-03-20T02:55:55.000Z","volume":500,"label":" ","price":24.25},{"type":"A","date":"2018-03-20T02:55:55.000Z","volume":500,"label":" ","price":24.25},{"type":"A","date":"2018-03-20T02:55:56.000Z","volume":6000,"label":" ","price":24.25},{"type":"A","date":"2018-03-20T02:55:57.000Z","volume":500,"label":" ","price":24.25},{"type":"A","date":"2018-03-20T02:56:03.000Z","volume":29500,"label":" ","price":24.25},{"type":"A","date":"2018-03-20T02:56:24.000Z","volume":2000,"label":" ","price":24.3},{"type":"A","date":"2018-03-20T02:59:04.000Z","volume":500,"label":" ","price":24.3},{"type":"A","date":"2018-03-20T03:02:04.000Z","volume":1000,"label":" ","price":24.3},{"type":"A","date":"2018-03-20T03:03:44.000Z","volume":500,"label":" ","price":24.3},{"type":"B","date":"2018-03-20T03:04:10.000Z","volume":5000,"label":" ","price":24.25},{"type":"A","date":"2018-03-20T03:04:24.000Z","volume":500,"label":" ","price":24.3},{"type":"A","date":"2018-03-20T03:05:44.000Z","volume":500,"label":" ","price":24.3},{"type":"A","date":"2018-03-20T03:05:55.000Z","volume":2000,"label":" ","price":24.3},{"type":"A","date":"2018-03-20T03:07:35.000Z","volume":500,"label":" ","price":24.3},{"type":"B","date":"2018-03-20T03:08:17.000Z","volume":10000,"label":" ","price":24.25},{"type":"A","date":"2018-03-20T03:09:15.000Z","volume":500,"label":" ","price":24.3},{"type":"A","date":"2018-03-20T03:09:31.000Z","volume":500,"label":" ","price":24.3},{"type":"A","date":"2018-03-20T03:09:33.000Z","volume":500,"label":" ","price":24.3},{"type":"A","date":"2018-03-20T03:12:20.000Z","volume":1000,"label":" ","price":24.3},{"type":"A","date":"2018-03-20T03:13:42.000Z","volume":2000,"label":" ","price":24.3},{"type":"U","date":"2018-03-20T03:13:42.000Z","volume":500,"label":"X","price":24.3},{"type":"A","date":"2018-03-20T03:15:12.000Z","volume":1500,"label":" ","price":24.3},{"type":"A","date":"2018-03-20T03:15:35.000Z","volume":1000,"label":" ","price":24.3},{"type":"A","date":"2018-03-20T03:16:12.000Z","volume":2000,"label":" ","price":24.3},{"type":"A","date":"2018-03-20T03:17:01.000Z","volume":500,"label":" ","price":24.3},{"type":"A","date":"2018-03-20T03:17:03.000Z","volume":3000,"label":" ","price":24.3},{"type":"U","date":"2018-03-20T03:20:12.000Z","volume":500,"label":"X","price":24.3},{"type":"A","date":"2018-03-20T03:20:12.000Z","volume":1000,"label":" ","price":24.3},{"type":"B","date":"2018-03-20T03:21:42.000Z","volume":500,"label":" ","price":24.25},{"type":"B","date":"2018-03-20T03:21:42.000Z","volume":500,"label":" ","price":24.25},{"type":"A","date":"2018-03-20T03:22:43.000Z","volume":2500,"label":" ","price":24.3},{"type":"A","date":"2018-03-20T03:24:00.000Z","volume":1500,"label":" ","price":24.3},{"type":"A","date":"2018-03-20T03:24:00.000Z","volume":500,"label":" ","price":24.3},{"type":"A","date":"2018-03-20T03:25:02.000Z","volume":500,"label":" ","price":24.3},{"type":"B","date":"2018-03-20T03:26:19.000Z","volume":500,"label":"Y","price":24.25},{"type":"B","date":"2018-03-20T03:26:19.000Z","volume":48000,"label":" ","price":24.25},{"type":"A","date":"2018-03-20T03:29:46.000Z","volume":5000,"label":" ","price":24.25},{"type":"A","date":"2018-03-20T03:29:53.000Z","volume":5000,"label":" ","price":24.25},{"type":"A","date":"2018-03-20T03:29:53.000Z","volume":14500,"label":" ","price":24.25},{"type":"A","date":"2018-03-20T03:29:59.000Z","volume":1000,"label":" ","price":24.25},{"type":"A","date":"2018-03-20T03:49:14.000Z","volume":2500,"label":" ","price":24.3},{"type":"B","date":"2018-03-20T03:49:30.000Z","volume":5000,"label":" ","price":24.25},{"type":"B","date":"2018-03-20T03:50:02.000Z","volume":500,"label":" ","price":24.25},{"type":"B","date":"2018-03-20T03:52:12.000Z","volume":500,"label":" ","price":24.25},{"type":"A","date":"2018-03-20T03:52:14.000Z","volume":2000,"label":" ","price":24.3},{"type":"A","date":"2018-03-20T03:57:46.000Z","volume":500,"label":" ","price":24.3},{"type":"A","date":"2018-03-20T03:58:46.000Z","volume":500,"label":" ","price":24.3},{"type":"U","date":"2018-03-20T03:59:01.000Z","volume":500,"label":"X","price":24.275},{"type":"A","date":"2018-03-20T03:59:26.000Z","volume":500,"label":" ","price":24.3},{"type":"B","date":"2018-03-20T03:59:32.000Z","volume":1000,"label":" ","price":24.25},{"type":"A","date":"2018-03-20T03:59:32.000Z","volume":500,"label":" ","price":24.3},{"type":"A","date":"2018-03-20T05:00:05.000Z","volume":2500,"label":" ","price":24.3},{"type":"A","date":"2018-03-20T05:02:05.000Z","volume":500,"label":" ","price":24.3},{"type":"A","date":"2018-03-20T05:04:46.000Z","volume":2500,"label":" ","price":24.3},{"type":"A","date":"2018-03-20T05:04:49.000Z","volume":3000,"label":" ","price":24.3},{"type":"A","date":"2018-03-20T05:07:05.000Z","volume":500,"label":" ","price":24.3},{"type":"B","date":"2018-03-20T05:07:09.000Z","volume":500,"label":"Y","price":24.25},{"type":"B","date":"2018-03-20T05:07:09.000Z","volume":500,"label":" ","price":24.25},{"type":"B","date":"2018-03-20T05:08:17.000Z","volume":500,"label":" ","price":24.25},{"type":"B","date":"2018-03-20T05:08:17.000Z","volume":1500,"label":" ","price":24.25},{"type":"B","date":"2018-03-20T05:09:46.000Z","volume":2000,"label":" ","price":24.25},{"type":"B","date":"2018-03-20T05:09:49.000Z","volume":1000,"label":" ","price":24.25},{"type":"A","date":"2018-03-20T05:11:43.000Z","volume":500,"label":" ","price":24.3},{"type":"U","date":"2018-03-20T05:11:54.000Z","volume":500,"label":"X","price":24.25},{"type":"B","date":"2018-03-20T05:12:21.000Z","volume":33000,"label":" ","price":24.25},{"type":"B","date":"2018-03-20T05:15:30.000Z","volume":10000,"label":" ","price":24.2},{"type":"A","date":"2018-03-20T05:23:47.000Z","volume":2000,"label":" ","price":24.25},{"type":"U","date":"2018-03-20T05:23:47.000Z","volume":500,"label":"X","price":24.25},{"type":"B","date":"2018-03-20T05:27:56.000Z","volume":500,"label":" ","price":24.2},{"type":"B","date":"2018-03-20T05:27:56.000Z","volume":500,"label":" ","price":24.2},{"type":"B","date":"2018-03-20T05:27:56.000Z","volume":500,"label":" ","price":24.2},{"type":"B","date":"2018-03-20T05:27:56.000Z","volume":500,"label":" ","price":24.2},{"type":"B","date":"2018-03-20T05:28:32.000Z","volume":1000,"label":" ","price":24.2},{"type":"B","date":"2018-03-20T05:31:03.000Z","volume":3000,"label":" ","price":24.2},{"type":"B","date":"2018-03-20T05:34:22.000Z","volume":500,"label":" ","price":24.2},{"type":"A","date":"2018-03-20T05:37:41.000Z","volume":1500,"label":" ","price":24.25},{"type":"A","date":"2018-03-20T05:40:07.000Z","volume":500,"label":" ","price":24.25},{"type":"A","date":"2018-03-20T05:40:48.000Z","volume":2000,"label":" ","price":24.25},{"type":"U","date":"2018-03-20T05:40:48.000Z","volume":500,"label":"X","price":24.25},{"type":"A","date":"2018-03-20T05:42:31.000Z","volume":1500,"label":"Y","price":24.25},{"type":"B","date":"2018-03-20T05:43:32.000Z","volume":500,"label":" ","price":24.2},{"type":"A","date":"2018-03-20T05:47:20.000Z","volume":1500,"label":"Y","price":24.25},{"type":"A","date":"2018-03-20T05:47:21.000Z","volume":500,"label":" ","price":24.25},{"type":"A","date":"2018-03-20T05:47:21.000Z","volume":1000,"label":" ","price":24.25},{"type":"A","date":"2018-03-20T05:49:08.000Z","volume":500,"label":" ","price":24.25},{"type":"B","date":"2018-03-20T05:50:02.000Z","volume":500,"label":" ","price":24.2},{"type":"B","date":"2018-03-20T05:50:02.000Z","volume":500,"label":" ","price":24.2},{"type":"B","date":"2018-03-20T05:50:02.000Z","volume":500,"label":" ","price":24.2},{"type":"B","date":"2018-03-20T05:50:11.000Z","volume":500,"label":" ","price":24.2},{"type":"A","date":"2018-03-20T05:51:36.000Z","volume":500,"label":" ","price":24.25},{"type":"A","date":"2018-03-20T05:51:55.000Z","volume":1000,"label":" ","price":24.25},{"type":"A","date":"2018-03-20T05:52:03.000Z","volume":500,"label":"Y","price":24.25},{"type":"A","date":"2018-03-20T05:52:05.000Z","volume":10000,"label":" ","price":24.25},{"type":"A","date":"2018-03-20T05:52:05.000Z","volume":10000,"label":" ","price":24.25},{"type":"A","date":"2018-03-20T05:52:06.000Z","volume":1000,"label":"Y","price":24.3},{"type":"A","date":"2018-03-20T05:52:06.000Z","volume":500,"label":" ","price":24.3},{"type":"U","date":"2018-03-20T05:52:25.000Z","volume":500,"label":"X","price":24.25},{"type":"A","date":"2018-03-20T05:53:25.000Z","volume":500,"label":" ","price":24.3},{"type":"A","date":"2018-03-20T05:53:26.000Z","volume":500,"label":" ","price":24.3},{"type":"B","date":"2018-03-20T05:56:56.000Z","volume":500,"label":" ","price":24.25},{"type":"A","date":"2018-03-20T05:58:38.000Z","volume":500,"label":" ","price":24.3},{"type":"A","date":"2018-03-20T06:00:19.000Z","volume":2000,"label":" ","price":24.3},{"type":"B","date":"2018-03-20T06:00:50.000Z","volume":23500,"label":" ","price":24.25},{"type":"A","date":"2018-03-20T06:00:50.000Z","volume":3000,"label":" ","price":24.25},{"type":"A","date":"2018-03-20T06:01:08.000Z","volume":500,"label":" ","price":24.25},{"type":"A","date":"2018-03-20T06:03:07.000Z","volume":500,"label":" ","price":24.25},{"type":"A","date":"2018-03-20T06:03:57.000Z","volume":17000,"label":" ","price":24.25},{"type":"B","date":"2018-03-20T06:03:59.000Z","volume":1500,"label":" ","price":24.25},{"type":"U","date":"2018-03-20T06:04:25.000Z","volume":500,"label":"X","price":24.25},{"type":"B","date":"2018-03-20T06:07:11.000Z","volume":500,"label":" ","price":24.25},{"type":"B","date":"2018-03-20T06:10:56.000Z","volume":500,"label":" ","price":24.25},{"type":"B","date":"2018-03-20T06:10:58.000Z","volume":500,"label":" ","price":24.25},{"type":"B","date":"2018-03-20T06:14:41.000Z","volume":500,"label":" ","price":24.25},{"type":"B","date":"2018-03-20T06:15:40.000Z","volume":2000,"label":" ","price":24.25},{"type":"B","date":"2018-03-20T06:17:28.000Z","volume":500,"label":" ","price":24.25},{"type":"B","date":"2018-03-20T06:17:30.000Z","volume":500,"label":" ","price":24.25},{"type":"B","date":"2018-03-20T06:17:32.000Z","volume":20000,"label":" ","price":24.25},{"type":"B","date":"2018-03-20T06:17:32.000Z","volume":1000,"label":"Y","price":24.25},{"type":"B","date":"2018-03-20T06:17:32.000Z","volume":2000,"label":" ","price":24.25},{"type":"B","date":"2018-03-20T06:20:33.000Z","volume":500,"label":" ","price":24.25},{"type":"B","date":"2018-03-20T06:20:47.000Z","volume":500,"label":" ","price":24.25},{"type":"U","date":"2018-03-20T06:23:56.000Z","volume":500,"label":"X","price":24.25},{"type":"B","date":"2018-03-20T06:24:56.000Z","volume":500,"label":" ","price":24.25},{"type":"B","date":"2018-03-20T06:28:26.000Z","volume":500,"label":" ","price":24.25},{"type":"B","date":"2018-03-20T06:30:12.000Z","volume":1500,"label":" ","price":24.25},{"type":"B","date":"2018-03-20T06:30:13.000Z","volume":500,"label":" ","price":24.25},{"type":"B","date":"2018-03-20T06:34:41.000Z","volume":500,"label":" ","price":24.25},{"type":"B","date":"2018-03-20T06:37:15.000Z","volume":4000,"label":" ","price":24.25},{"type":"B","date":"2018-03-20T06:37:15.000Z","volume":4500,"label":" ","price":24.25},{"type":"A","date":"2018-03-20T06:39:08.000Z","volume":500,"label":" ","price":24.3},{"type":"A","date":"2018-03-20T06:39:36.000Z","volume":500,"label":"Y","price":24.25},{"type":"A","date":"2018-03-20T06:40:40.000Z","volume":500,"label":" ","price":24.25},{"type":"B","date":"2018-03-20T06:41:50.000Z","volume":20000,"label":" ","price":24.2},{"type":"A","date":"2018-03-20T06:41:52.000Z","volume":1000,"label":" ","price":24.25},{"type":"A","date":"2018-03-20T06:42:26.000Z","volume":500,"label":" ","price":24.25},{"type":"B","date":"2018-03-20T06:43:20.000Z","volume":1500,"label":" ","price":24.2},{"type":"A","date":"2018-03-20T06:44:03.000Z","volume":500,"label":"Y","price":24.25},{"type":"A","date":"2018-03-20T06:45:38.000Z","volume":500,"label":" ","price":24.25},{"type":"A","date":"2018-03-20T06:50:26.000Z","volume":7500,"label":"Y","price":24.25},{"type":"A","date":"2018-03-20T06:50:26.000Z","volume":3000,"label":"Y","price":24.25},{"type":"A","date":"2018-03-20T06:50:28.000Z","volume":1000,"label":" ","price":24.25},{"type":"B","date":"2018-03-20T06:51:56.000Z","volume":500,"label":" ","price":24.2},{"type":"B","date":"2018-03-20T06:52:53.000Z","volume":1500,"label":" ","price":24.2},{"type":"A","date":"2018-03-20T06:52:55.000Z","volume":500,"label":" ","price":24.25},{"type":"B","date":"2018-03-20T06:54:42.000Z","volume":500,"label":" ","price":24.2},{"type":"B","date":"2018-03-20T06:57:17.000Z","volume":500,"label":" ","price":24.2},{"type":"B","date":"2018-03-20T06:58:10.000Z","volume":10000,"label":" ","price":24.2},{"type":"A","date":"2018-03-20T06:58:14.000Z","volume":1000,"label":" ","price":24.25},{"type":"B","date":"2018-03-20T06:58:32.000Z","volume":1000,"label":" ","price":24.2},{"type":"A","date":"2018-03-20T06:58:52.000Z","volume":500,"label":"Y","price":24.25},{"type":"A","date":"2018-03-20T06:58:52.000Z","volume":1500,"label":" ","price":24.25},{"type":"U","date":"2018-03-20T06:58:52.000Z","volume":500,"label":"X","price":24.25},{"type":"A","date":"2018-03-20T06:58:55.000Z","volume":500,"label":"Y","price":24.25},{"type":"B","date":"2018-03-20T06:59:41.000Z","volume":1500,"label":" ","price":24.2},{"type":"B","date":"2018-03-20T07:00:38.000Z","volume":2500,"label":" ","price":24.2},{"type":"A","date":"2018-03-20T07:00:41.000Z","volume":500,"label":"Y","price":24.25},{"type":"B","date":"2018-03-20T07:00:44.000Z","volume":32000,"label":"Y","price":24.2},{"type":"B","date":"2018-03-20T07:00:44.000Z","volume":38000,"label":" ","price":24.2},{"type":"B","date":"2018-03-20T07:00:44.000Z","volume":6500,"label":" ","price":24.2},{"type":"B","date":"2018-03-20T07:00:47.000Z","volume":500,"label":" ","price":24.2},{"type":"B","date":"2018-03-20T07:02:12.000Z","volume":1000,"label":" ","price":24.15},{"type":"B","date":"2018-03-20T07:02:59.000Z","volume":2500,"label":" ","price":24.15},{"type":"A","date":"2018-03-20T07:02:59.000Z","volume":500,"label":" ","price":24.2},{"type":"U","date":"2018-03-20T07:03:12.000Z","volume":500,"label":"X","price":24.15},{"type":"B","date":"2018-03-20T07:03:56.000Z","volume":3000,"label":" ","price":24.15},{"type":"A","date":"2018-03-20T07:03:56.000Z","volume":500,"label":" ","price":24.2},{"type":"A","date":"2018-03-20T07:03:58.000Z","volume":500,"label":" ","price":24.2},{"type":"A","date":"2018-03-20T07:05:16.000Z","volume":500,"label":" ","price":24.2},{"type":"B","date":"2018-03-20T07:05:17.000Z","volume":500,"label":" ","price":24.15},{"type":"B","date":"2018-03-20T07:05:21.000Z","volume":3000,"label":" ","price":24.15},{"type":"A","date":"2018-03-20T07:05:21.000Z","volume":500,"label":" ","price":24.2},{"type":"B","date":"2018-03-20T07:06:18.000Z","volume":3000,"label":" ","price":24.15},{"type":"B","date":"2018-03-20T07:07:15.000Z","volume":3000,"label":" ","price":24.15},{"type":"A","date":"2018-03-20T07:07:18.000Z","volume":500,"label":" ","price":24.2},{"type":"B","date":"2018-03-20T07:08:40.000Z","volume":2000,"label":" ","price":24.15},{"type":"B","date":"2018-03-20T07:09:37.000Z","volume":3000,"label":" ","price":24.15},{"type":"A","date":"2018-03-20T07:09:37.000Z","volume":500,"label":" ","price":24.2},{"type":"B","date":"2018-03-20T07:10:04.000Z","volume":500,"label":" ","price":24.15},{"type":"B","date":"2018-03-20T07:12:02.000Z","volume":500,"label":" ","price":24.15},{"type":"A","date":"2018-03-20T07:13:04.000Z","volume":500,"label":" ","price":24.2},{"type":"B","date":"2018-03-20T07:13:32.000Z","volume":2000,"label":" ","price":24.15},{"type":"A","date":"2018-03-20T07:13:32.000Z","volume":500,"label":" ","price":24.2},{"type":"U","date":"2018-03-20T07:13:57.000Z","volume":500,"label":"X","price":24.15},{"type":"B","date":"2018-03-20T07:14:37.000Z","volume":6500,"label":" ","price":24.15},{"type":"B","date":"2018-03-20T07:14:37.000Z","volume":500,"label":" ","price":24.15},{"type":"B","date":"2018-03-20T07:14:37.000Z","volume":500,"label":" ","price":24.15},{"type":"A","date":"2018-03-20T07:17:39.000Z","volume":500,"label":" ","price":24.2},{"type":"B","date":"2018-03-20T07:17:39.000Z","volume":500,"label":" ","price":24.15},{"type":"B","date":"2018-03-20T07:17:40.000Z","volume":2000,"label":" ","price":24.15},{"type":"B","date":"2018-03-20T07:17:40.000Z","volume":500,"label":" ","price":24.15},{"type":"B","date":"2018-03-20T07:17:47.000Z","volume":500,"label":" ","price":24.15},{"type":"U","date":"2018-03-20T07:18:27.000Z","volume":500,"label":"X","price":24.15},{"type":"B","date":"2018-03-20T07:19:22.000Z","volume":4500,"label":" ","price":24.15},{"type":"B","date":"2018-03-20T07:20:02.000Z","volume":500,"label":" ","price":24.15},{"type":"B","date":"2018-03-20T07:20:02.000Z","volume":500,"label":" ","price":24.15},{"type":"B","date":"2018-03-20T07:20:02.000Z","volume":500,"label":" ","price":24.15},{"type":"B","date":"2018-03-20T07:20:02.000Z","volume":500,"label":" ","price":24.15},{"type":"B","date":"2018-03-20T07:20:14.000Z","volume":500,"label":" ","price":24.15},{"type":"B","date":"2018-03-20T07:20:58.000Z","volume":10000,"label":" ","price":24.15},{"type":"B","date":"2018-03-20T07:20:59.000Z","volume":3500,"label":" ","price":24.15},{"type":"A","date":"2018-03-20T07:21:02.000Z","volume":500,"label":" ","price":24.2},{"type":"B","date":"2018-03-20T07:22:26.000Z","volume":500,"label":" ","price":24.15},{"type":"A","date":"2018-03-20T07:22:27.000Z","volume":500,"label":" ","price":24.2},{"type":"B","date":"2018-03-20T07:23:05.000Z","volume":500,"label":" ","price":24.15},{"type":"B","date":"2018-03-20T07:23:29.000Z","volume":500,"label":" ","price":24.15},{"type":"B","date":"2018-03-20T07:23:56.000Z","volume":10000,"label":" ","price":24.15},{"type":"B","date":"2018-03-20T07:23:59.000Z","volume":3000,"label":" ","price":24.15},{"type":"A","date":"2018-03-20T07:24:35.000Z","volume":500,"label":" ","price":24.2},{"type":"B","date":"2018-03-20T07:24:59.000Z","volume":500,"label":" ","price":24.15},{"type":"B","date":"2018-03-20T07:26:18.000Z","volume":5000,"label":" ","price":24.15},{"type":"A","date":"2018-03-20T07:26:18.000Z","volume":500,"label":" ","price":24.2},{"type":"B","date":"2018-03-20T07:26:29.000Z","volume":500,"label":" ","price":24.15},{"type":"B","date":"2018-03-20T07:26:29.000Z","volume":1500,"label":" ","price":24.1},{"type":"B","date":"2018-03-20T07:26:29.000Z","volume":500,"label":" ","price":24.15},{"type":"B","date":"2018-03-20T07:28:32.000Z","volume":1000,"label":" ","price":24.15},{"type":"A","date":"2018-03-20T07:28:32.000Z","volume":9000,"label":" ","price":24.15},{"type":"B","date":"2018-03-20T07:28:32.000Z","volume":500,"label":" ","price":24.1},{"type":"A","date":"2018-03-20T07:28:32.000Z","volume":1500,"label":" ","price":24.15},{"type":"B","date":"2018-03-20T07:28:44.000Z","volume":3500,"label":" ","price":24.1},{"type":"B","date":"2018-03-20T07:28:44.000Z","volume":500,"label":" ","price":24.1},{"type":"B","date":"2018-03-20T07:29:26.000Z","volume":500,"label":" ","price":24.1},{"type":"A","date":"2018-03-20T07:29:26.000Z","volume":500,"label":" ","price":24.15},{"type":"B","date":"2018-03-20T07:29:29.000Z","volume":500,"label":" ","price":24.1},{"type":"B","date":"2018-03-20T07:30:34.000Z","volume":25000,"label":" ","price":24.1},{"type":"A","date":"2018-03-20T07:30:34.000Z","volume":2500,"label":" ","price":24.15},{"type":"B","date":"2018-03-20T07:30:35.000Z","volume":3500,"label":" ","price":24.1},{"type":"B","date":"2018-03-20T07:30:35.000Z","volume":5500,"label":" ","price":24.1},{"type":"U","date":"2018-03-20T07:32:58.000Z","volume":500,"label":"X","price":24.1},{"type":"B","date":"2018-03-20T07:33:00.000Z","volume":8000,"label":" ","price":24.1},{"type":"A","date":"2018-03-20T07:33:00.000Z","volume":1000,"label":" ","price":24.1},{"type":"B","date":"2018-03-20T07:33:14.000Z","volume":3000,"label":" ","price":24.05},{"type":"A","date":"2018-03-20T07:33:40.000Z","volume":8500,"label":" ","price":24.1},{"type":"A","date":"2018-03-20T07:33:40.000Z","volume":1000,"label":" ","price":24.1},{"type":"B","date":"2018-03-20T07:33:44.000Z","volume":3000,"label":" ","price":24.05},{"type":"A","date":"2018-03-20T07:33:44.000Z","volume":500,"label":" ","price":24.1},{"type":"B","date":"2018-03-20T07:33:45.000Z","volume":500,"label":" ","price":24.05},{"type":"A","date":"2018-03-20T07:37:27.000Z","volume":500,"label":" ","price":24.1},{"type":"A","date":"2018-03-20T07:39:37.000Z","volume":5000,"label":" ","price":24.1},{"type":"B","date":"2018-03-20T07:39:38.000Z","volume":1500,"label":" ","price":24.05},{"type":"A","date":"2018-03-20T07:39:39.000Z","volume":1000,"label":" ","price":24.1},{"type":"B","date":"2018-03-20T07:39:40.000Z","volume":500,"label":" ","price":24.05},{"type":"B","date":"2018-03-20T07:43:32.000Z","volume":1500,"label":" ","price":24.05},{"type":"B","date":"2018-03-20T07:43:33.000Z","volume":500,"label":" ","price":24.05},{"type":"B","date":"2018-03-20T07:45:02.000Z","volume":500,"label":" ","price":24.05},{"type":"A","date":"2018-03-20T07:47:28.000Z","volume":500,"label":" ","price":24.1},{"type":"B","date":"2018-03-20T07:47:28.000Z","volume":500,"label":" ","price":24.05},{"type":"A","date":"2018-03-20T07:47:28.000Z","volume":500,"label":" ","price":24.1},{"type":"B","date":"2018-03-20T07:47:29.000Z","volume":500,"label":" ","price":24.05},{"type":"B","date":"2018-03-20T07:48:02.000Z","volume":500,"label":" ","price":24.05},{"type":"B","date":"2018-03-20T07:48:03.000Z","volume":500,"label":" ","price":24.05},{"type":"A","date":"2018-03-20T07:48:46.000Z","volume":500,"label":" ","price":24.1},{"type":"U","date":"2018-03-20T07:49:18.000Z","volume":500,"label":"X","price":24.1},{"type":"A","date":"2018-03-20T07:49:46.000Z","volume":500,"label":" ","price":24.1},{"type":"B","date":"2018-03-20T07:50:02.000Z","volume":500,"label":" ","price":24.05},{"type":"B","date":"2018-03-20T07:50:03.000Z","volume":500,"label":" ","price":24.05},{"type":"B","date":"2018-03-20T07:50:09.000Z","volume":1500,"label":" ","price":24.05},{"type":"B","date":"2018-03-20T07:50:10.000Z","volume":500,"label":" ","price":24.05},{"type":"A","date":"2018-03-20T07:50:11.000Z","volume":500,"label":" ","price":24.1},{"type":"A","date":"2018-03-20T07:50:27.000Z","volume":41000,"label":" ","price":24.1},{"type":"B","date":"2018-03-20T07:50:28.000Z","volume":13500,"label":" ","price":24.05},{"type":"A","date":"2018-03-20T07:50:30.000Z","volume":6000,"label":" ","price":24.1},{"type":"B","date":"2018-03-20T07:50:31.000Z","volume":2000,"label":" ","price":24.05},{"type":"A","date":"2018-03-20T07:50:52.000Z","volume":500,"label":" ","price":24.1},{"type":"B","date":"2018-03-20T07:50:53.000Z","volume":500,"label":" ","price":24.05},{"type":"A","date":"2018-03-20T07:50:55.000Z","volume":500,"label":" ","price":24.1},{"type":"A","date":"2018-03-20T07:50:58.000Z","volume":500,"label":" ","price":24.1},{"type":"A","date":"2018-03-20T07:51:44.000Z","volume":500,"label":" ","price":24.1},{"type":"B","date":"2018-03-20T07:51:45.000Z","volume":500,"label":" ","price":24.05},{"type":"B","date":"2018-03-20T07:52:02.000Z","volume":500,"label":" ","price":24.05},{"type":"A","date":"2018-03-20T07:52:04.000Z","volume":500,"label":" ","price":24.1},{"type":"A","date":"2018-03-20T07:52:24.000Z","volume":500,"label":" ","price":24.1},{"type":"B","date":"2018-03-20T07:52:25.000Z","volume":500,"label":" ","price":24.05},{"type":"A","date":"2018-03-20T07:53:02.000Z","volume":500,"label":" ","price":24.1},{"type":"A","date":"2018-03-20T07:53:34.000Z","volume":500,"label":" ","price":24.1},{"type":"A","date":"2018-03-20T07:53:38.000Z","volume":500,"label":" ","price":24.1},{"type":"B","date":"2018-03-20T07:53:39.000Z","volume":500,"label":" ","price":24.05},{"type":"A","date":"2018-03-20T07:53:46.000Z","volume":500,"label":" ","price":24.1},{"type":"A","date":"2018-03-20T07:53:49.000Z","volume":500,"label":" ","price":24.1},{"type":"A","date":"2018-03-20T07:53:55.000Z","volume":2000,"label":" ","price":24.1},{"type":"B","date":"2018-03-20T07:53:56.000Z","volume":1000,"label":" ","price":24.05},{"type":"A","date":"2018-03-20T07:53:58.000Z","volume":500,"label":" ","price":24.1},{"type":"B","date":"2018-03-20T07:54:07.000Z","volume":10000,"label":" ","price":24.05},{"type":"A","date":"2018-03-20T07:54:07.000Z","volume":1000,"label":" ","price":24.1},{"type":"B","date":"2018-03-20T07:54:08.000Z","volume":3500,"label":" ","price":24.05},{"type":"A","date":"2018-03-20T07:54:09.000Z","volume":500,"label":" ","price":24.1},{"type":"B","date":"2018-03-20T07:54:10.000Z","volume":500,"label":" ","price":24.05},{"type":"A","date":"2018-03-20T07:54:31.000Z","volume":500,"label":" ","price":24.1},{"type":"A","date":"2018-03-20T07:54:55.000Z","volume":2000,"label":" ","price":24.1},{"type":"B","date":"2018-03-20T07:54:56.000Z","volume":500,"label":" ","price":24.05},{"type":"B","date":"2018-03-20T07:55:02.000Z","volume":500,"label":" ","price":24.05},{"type":"B","date":"2018-03-20T07:55:03.000Z","volume":500,"label":" ","price":24.05},{"type":"A","date":"2018-03-20T07:55:11.000Z","volume":500,"label":" ","price":24.1},{"type":"A","date":"2018-03-20T07:55:22.000Z","volume":500,"label":" ","price":24.1},{"type":"A","date":"2018-03-20T07:55:25.000Z","volume":2500,"label":" ","price":24.1},{"type":"B","date":"2018-03-20T07:55:29.000Z","volume":3000,"label":" ","price":24.05},{"type":"A","date":"2018-03-20T07:55:30.000Z","volume":500,"label":" ","price":24.1},{"type":"B","date":"2018-03-20T07:55:30.000Z","volume":500,"label":" ","price":24.05},{"type":"B","date":"2018-03-20T07:55:30.000Z","volume":500,"label":" ","price":24.05},{"type":"A","date":"2018-03-20T07:56:04.000Z","volume":500,"label":" ","price":24.1},{"type":"A","date":"2018-03-20T07:56:25.000Z","volume":2000,"label":" ","price":24.1},{"type":"A","date":"2018-03-20T07:56:55.000Z","volume":2500,"label":" ","price":24.1},{"type":"U","date":"2018-03-20T07:57:14.000Z","volume":500,"label":"X","price":24.081},{"type":"A","date":"2018-03-20T07:57:39.000Z","volume":500,"label":" ","price":24.1},{"type":"B","date":"2018-03-20T07:57:42.000Z","volume":10000,"label":" ","price":24.05},{"type":"A","date":"2018-03-20T07:57:47.000Z","volume":500,"label":" ","price":24.1},{"type":"A","date":"2018-03-20T07:57:52.000Z","volume":500,"label":" ","price":24.1},{"type":"A","date":"2018-03-20T07:57:59.000Z","volume":500,"label":" ","price":24.1},{"type":"A","date":"2018-03-20T07:58:05.000Z","volume":500,"label":" ","price":24.1},{"type":"A","date":"2018-03-20T07:58:11.000Z","volume":500,"label":" ","price":24.1},{"type":"A","date":"2018-03-20T07:58:18.000Z","volume":500,"label":" ","price":24.1},{"type":"B","date":"2018-03-20T07:58:22.000Z","volume":3000,"label":" ","price":24.05},{"type":"B","date":"2018-03-20T07:58:23.000Z","volume":500,"label":" ","price":24.05},{"type":"A","date":"2018-03-20T07:58:26.000Z","volume":500,"label":" ","price":24.1},{"type":"A","date":"2018-03-20T07:58:32.000Z","volume":500,"label":" ","price":24.1},{"type":"A","date":"2018-03-20T07:58:38.000Z","volume":500,"label":" ","price":24.1},{"type":"B","date":"2018-03-20T07:58:39.000Z","volume":500,"label":" ","price":24.05},{"type":"A","date":"2018-03-20T07:58:44.000Z","volume":500,"label":" ","price":24.1},{"type":"A","date":"2018-03-20T07:58:51.000Z","volume":500,"label":" ","price":24.1},{"type":"A","date":"2018-03-20T07:58:58.000Z","volume":500,"label":" ","price":24.1},{"type":"B","date":"2018-03-20T07:58:59.000Z","volume":500,"label":" ","price":24.05},{"type":"B","date":"2018-03-20T07:59:02.000Z","volume":1000,"label":" ","price":24.05},{"type":"A","date":"2018-03-20T07:59:04.000Z","volume":500,"label":" ","price":24.1},{"type":"B","date":"2018-03-20T07:59:05.000Z","volume":500,"label":" ","price":24.05},{"type":"A","date":"2018-03-20T07:59:08.000Z","volume":500,"label":"Y","price":24.1},{"type":"A","date":"2018-03-20T07:59:11.000Z","volume":500,"label":" ","price":24.1},{"type":"A","date":"2018-03-20T07:59:22.000Z","volume":500,"label":" ","price":24.1},{"type":"B","date":"2018-03-20T07:59:23.000Z","volume":500,"label":" ","price":24.05},{"type":"B","date":"2018-03-20T07:59:23.000Z","volume":500,"label":" ","price":24.05},{"type":"A","date":"2018-03-20T07:59:26.000Z","volume":1000,"label":"Y","price":24.1},{"type":"A","date":"2018-03-20T07:59:26.000Z","volume":1500,"label":" ","price":24.1},{"type":"B","date":"2018-03-20T07:59:27.000Z","volume":1000,"label":" ","price":24.05},{"type":"B","date":"2018-03-20T07:59:29.000Z","volume":500,"label":" ","price":24.05},{"type":"B","date":"2018-03-20T07:59:30.000Z","volume":1000,"label":"Y","price":24.05},{"type":"B","date":"2018-03-20T07:59:30.000Z","volume":500,"label":" ","price":24.05},{"type":"B","date":"2018-03-20T07:59:31.000Z","volume":500,"label":" ","price":24.05},{"type":"B","date":"2018-03-20T07:59:35.000Z","volume":2000,"label":"Y","price":24.05},{"type":"B","date":"2018-03-20T07:59:35.000Z","volume":500,"label":" ","price":24.05},{"type":"B","date":"2018-03-20T07:59:35.000Z","volume":1000,"label":" ","price":24.05},{"type":"A","date":"2018-03-20T07:59:35.000Z","volume":500,"label":" ","price":24.1},{"type":"B","date":"2018-03-20T07:59:36.000Z","volume":1500,"label":" ","price":24.05},{"type":"A","date":"2018-03-20T07:59:37.000Z","volume":500,"label":" ","price":24.1},{"type":"B","date":"2018-03-20T07:59:54.000Z","volume":1500,"label":"Y","price":24.05},{"type":"B","date":"2018-03-20T07:59:55.000Z","volume":500,"label":" ","price":24.05},{"type":"A","date":"2018-03-20T07:59:56.000Z","volume":1500,"label":"Y","price":24.1},{"type":"B","date":"2018-03-20T07:59:56.000Z","volume":500,"label":" ","price":24.05},{"type":"B","date":"2018-03-20T07:59:58.000Z","volume":500,"label":"Y","price":24.05},{"type":"U","date":"2018-03-20T08:08:31.000Z","volume":331500,"label":"U","price":24.05}]