[{"type":"A","date":"2018-03-14T06:20:11.000Z","volume":46000,"price":2.07,"category":"ubbull"},{"type":"A","date":"2018-03-14T03:29:20.000Z","volume":64000,"price":2.07,"category":"ubbull"},{"type":"A","date":"2018-03-14T02:55:30.000Z","volume":62000,"price":2.06,"category":"ubbull"},{"type":"A","date":"2018-03-14T02:52:57.000Z","volume":130000,"price":2.06,"category":"ubbull"},{"type":"A","date":"2018-03-14T02:40:02.000Z","volume":52000,"price":2.06,"category":"ubbull"},{"type":"A","date":"2018-03-14T02:00:13.000Z","volume":128000,"price":2.05,"category":"ubbull"},{"type":"A","date":"2018-03-14T02:00:13.000Z","volume":80000,"price":2.04,"category":"ubbull"},{"type":"A","date":"2018-03-14T07:31:09.000Z","volume":26000,"price":2.07,"category":"bbull"},{"type":"A","date":"2018-03-14T03:50:25.000Z","volume":28000,"price":2.06,"category":"bbull"},{"type":"A","date":"2018-03-14T03:02:36.000Z","volume":30000,"price":2.06,"category":"bbull"},{"type":"A","date":"2018-03-14T02:24:22.000Z","volume":30000,"price":2.06,"category":"bbull"},{"type":"A","date":"2018-03-14T02:08:20.000Z","volume":30000,"price":2.08,"category":"bbull"},{"type":"A","date":"2018-03-14T02:07:18.000Z","volume":40000,"price":2.07,"category":"bbull"},{"type":"A","date":"2018-03-14T01:52:48.000Z","volume":26000,"price":2.03,"category":"bbull"},{"type":"A","date":"2018-03-14T01:52:48.000Z","volume":30000,"price":2.03,"category":"bbull"},{"type":"A","date":"2018-03-14T07:57:00.000Z","volume":2000,"price":2.07,"category":"rbull"},{"type":"A","date":"2018-03-14T07:55:04.000Z","volume":2000,"price":2.07,"category":"rbull"},{"type":"A","date":"2018-03-14T07:36:17.000Z","volume":2000,"price":2.07,"category":"rbull"},{"type":"A","date":"2018-03-14T07:35:14.000Z","volume":2000,"price":2.07,"category":"rbull"},{"type":"A","date":"2018-03-14T07:34:17.000Z","volume":4000,"price":2.07,"category":"rbull"},{"type":"A","date":"2018-03-14T07:33:16.000Z","volume":4000,"price":2.07,"category":"rbull"},{"type":"A","date":"2018-03-14T07:29:58.000Z","volume":2000,"price":2.07,"category":"rbull"},{"type":"A","date":"2018-03-14T06:57:37.000Z","volume":2000,"price":2.07,"category":"rbull"},{"type":"A","date":"2018-03-14T06:37:13.000Z","volume":2000,"price":2.07,"category":"rbull"},{"type":"A","date":"2018-03-14T06:36:10.000Z","volume":4000,"price":2.07,"category":"rbull"},{"type":"A","date":"2018-03-14T06:20:11.000Z","volume":2000,"price":2.08,"category":"rbull"},{"type":"A","date":"2018-03-14T06:18:12.000Z","volume":2000,"price":2.07,"category":"rbull"},{"type":"A","date":"2018-03-14T06:17:17.000Z","volume":2000,"price":2.07,"category":"rbull"},{"type":"A","date":"2018-03-14T06:10:22.000Z","volume":2000,"price":2.07,"category":"rbull"},{"type":"A","date":"2018-03-14T05:28:13.000Z","volume":2000,"price":2.07,"category":"rbull"},{"type":"A","date":"2018-03-14T05:21:51.000Z","volume":4000,"price":2.07,"category":"rbull"},{"type":"A","date":"2018-03-14T05:11:24.000Z","volume":2000,"price":2.07,"category":"rbull"},{"type":"A","date":"2018-03-14T05:00:06.000Z","volume":4000,"price":2.06,"category":"rbull"},{"type":"A","date":"2018-03-14T05:00:00.000Z","volume":2000,"price":2.06,"category":"rbull"},{"type":"A","date":"2018-03-14T03:36:16.000Z","volume":2000,"price":2.06,"category":"rbull"},{"type":"A","date":"2018-03-14T03:14:15.000Z","volume":2000,"price":2.06,"category":"rbull"},{"type":"A","date":"2018-03-14T03:03:12.000Z","volume":2000,"price":2.06,"category":"rbull"},{"type":"A","date":"2018-03-14T02:46:40.000Z","volume":2000,"price":2.05,"category":"rbull"},{"type":"A","date":"2018-03-14T02:46:11.000Z","volume":2000,"price":2.05,"category":"rbull"},{"type":"A","date":"2018-03-14T02:45:40.000Z","volume":4000,"price":2.05,"category":"rbull"},{"type":"A","date":"2018-03-14T02:17:20.000Z","volume":4000,"price":2.05,"category":"rbull"},{"type":"A","date":"2018-03-14T02:08:48.000Z","volume":2000,"price":2.07,"category":"rbull"},{"type":"A","date":"2018-03-14T01:34:36.000Z","volume":4000,"price":2.02,"category":"rbull"},{"type":"A","date":"2018-03-14T01:32:15.000Z","volume":2000,"price":2.02,"category":"rbull"},{"type":"B","date":"2018-03-14T07:39:29.000Z","volume":2000,"price":2.07,"category":"rbear"},{"type":"B","date":"2018-03-14T05:32:22.000Z","volume":4000,"price":2.06,"category":"rbear"},{"type":"B","date":"2018-03-14T05:27:29.000Z","volume":2000,"price":2.06,"category":"rbear"},{"type":"B","date":"2018-03-14T03:52:14.000Z","volume":2000,"price":2.05,"category":"rbear"},{"type":"B","date":"2018-03-14T03:37:38.000Z","volume":2000,"price":2.06,"category":"rbear"},{"type":"B","date":"2018-03-14T02:25:14.000Z","volume":4000,"price":2.06,"category":"rbear"},{"type":"B","date":"2018-03-14T01:56:06.000Z","volume":2000,"price":2.03,"category":"rbear"},{"type":"B","date":"2018-03-14T01:52:52.000Z","volume":2000,"price":2.03,"category":"rbear"},{"type":"B","date":"2018-03-14T01:45:19.000Z","volume":2000,"price":2.02,"category":"rbear"},{"type":"B","date":"2018-03-14T01:44:23.000Z","volume":2000,"price":2.02,"category":"rbear"},{"type":"B","date":"2018-03-14T01:32:03.000Z","volume":2000,"price":2.02,"category":"rbear"},{"type":"B","date":"2018-03-14T07:47:48.000Z","volume":40000,"price":2.06,"category":"bbear"},{"type":"B","date":"2018-03-14T03:41:05.000Z","volume":30000,"price":2.05,"category":"bbear"},{"type":"B","date":"2018-03-14T02:40:18.000Z","volume":40000,"price":2.05,"category":"bbear"},{"type":"B","date":"2018-03-14T02:33:02.000Z","volume":30000,"price":2.05,"category":"bbear"},{"type":"B","date":"2018-03-14T07:53:57.000Z","volume":46000,"price":2.07,"category":"ubbear"},{"type":"B","date":"2018-03-14T07:30:32.000Z","volume":50000,"price":2.06,"category":"ubbear"},{"type":"B","date":"2018-03-14T05:13:07.000Z","volume":50000,"price":2.06,"category":"ubbear"},{"type":"B","date":"2018-03-14T03:52:14.000Z","volume":50000,"price":2.05,"category":"ubbear"}]