[{"type":"U","date":"2018-04-12T01:20:00.000Z","volume":438000,"label":"U","price":0.94},{"type":"B","date":"2018-04-12T01:30:10.000Z","volume":100000,"label":" ","price":0.93},{"type":"B","date":"2018-04-12T01:30:10.000Z","volume":10000,"label":" ","price":0.93},{"type":"A","date":"2018-04-12T01:32:41.000Z","volume":262000,"label":" ","price":0.94},{"type":"A","date":"2018-04-12T01:32:41.000Z","volume":2000,"label":" ","price":0.94},{"type":"B","date":"2018-04-12T01:32:43.000Z","volume":28000,"label":" ","price":0.94},{"type":"B","date":"2018-04-12T01:32:43.000Z","volume":38000,"label":" ","price":0.94},{"type":"B","date":"2018-04-12T01:33:36.000Z","volume":50000,"label":" ","price":0.93},{"type":"B","date":"2018-04-12T01:33:44.000Z","volume":4000,"label":" ","price":0.93},{"type":"A","date":"2018-04-12T01:34:17.000Z","volume":60000,"label":" ","price":0.94},{"type":"B","date":"2018-04-12T01:34:29.000Z","volume":8000,"label":" ","price":0.93},{"type":"B","date":"2018-04-12T01:36:14.000Z","volume":12000,"label":"Y","price":0.93},{"type":"A","date":"2018-04-12T01:36:32.000Z","volume":2000,"label":" ","price":0.94},{"type":"A","date":"2018-04-12T01:37:56.000Z","volume":20000,"label":" ","price":0.94},{"type":"A","date":"2018-04-12T01:38:00.000Z","volume":4000,"label":" ","price":0.94},{"type":"B","date":"2018-04-12T01:43:01.000Z","volume":36000,"label":" ","price":0.93},{"type":"B","date":"2018-04-12T01:43:07.000Z","volume":8000,"label":" ","price":0.93},{"type":"B","date":"2018-04-12T01:46:30.000Z","volume":2000,"label":" ","price":0.93},{"type":"B","date":"2018-04-12T01:49:00.000Z","volume":2000,"label":" ","price":0.93},{"type":"B","date":"2018-04-12T01:49:05.000Z","volume":24000,"label":" ","price":0.93},{"type":"A","date":"2018-04-12T01:49:06.000Z","volume":100000,"label":" ","price":0.94},{"type":"B","date":"2018-04-12T01:49:12.000Z","volume":8000,"label":" ","price":0.93},{"type":"B","date":"2018-04-12T01:49:25.000Z","volume":10000,"label":" ","price":0.93},{"type":"A","date":"2018-04-12T01:50:22.000Z","volume":2000,"label":" ","price":0.94},{"type":"B","date":"2018-04-12T01:50:54.000Z","volume":872000,"label":" ","price":0.93},{"type":"B","date":"2018-04-12T01:50:58.000Z","volume":6000,"label":" ","price":0.92},{"type":"B","date":"2018-04-12T01:50:58.000Z","volume":34000,"label":" ","price":0.92},{"type":"A","date":"2018-04-12T01:51:17.000Z","volume":8000,"label":" ","price":0.93},{"type":"B","date":"2018-04-12T01:51:22.000Z","volume":236000,"label":" ","price":0.92},{"type":"A","date":"2018-04-12T01:53:03.000Z","volume":2000,"label":" ","price":0.93},{"type":"B","date":"2018-04-12T01:54:15.000Z","volume":44000,"label":" ","price":0.92},{"type":"A","date":"2018-04-12T01:54:17.000Z","volume":4000,"label":" ","price":0.93},{"type":"A","date":"2018-04-12T01:55:22.000Z","volume":120000,"label":" ","price":0.93},{"type":"B","date":"2018-04-12T01:56:43.000Z","volume":28000,"label":" ","price":0.92},{"type":"A","date":"2018-04-12T01:57:18.000Z","volume":100000,"label":" ","price":0.93},{"type":"A","date":"2018-04-12T01:57:20.000Z","volume":180000,"label":" ","price":0.93},{"type":"A","date":"2018-04-12T01:57:47.000Z","volume":4000,"label":" ","price":0.93},{"type":"A","date":"2018-04-12T02:02:05.000Z","volume":498000,"label":" ","price":0.93},{"type":"A","date":"2018-04-12T02:02:17.000Z","volume":22000,"label":" ","price":0.93},{"type":"A","date":"2018-04-12T02:03:11.000Z","volume":100000,"label":" ","price":0.93},{"type":"A","date":"2018-04-12T02:03:16.000Z","volume":40000,"label":" ","price":0.93},{"type":"A","date":"2018-04-12T02:03:17.000Z","volume":6000,"label":" ","price":0.93},{"type":"B","date":"2018-04-12T02:04:28.000Z","volume":24000,"label":" ","price":0.92},{"type":"A","date":"2018-04-12T02:07:20.000Z","volume":2000,"label":" ","price":0.93},{"type":"A","date":"2018-04-12T02:16:47.000Z","volume":4000,"label":" ","price":0.93},{"type":"B","date":"2018-04-12T02:22:06.000Z","volume":18000,"label":" ","price":0.92},{"type":"B","date":"2018-04-12T02:23:38.000Z","volume":10000,"label":" ","price":0.92},{"type":"B","date":"2018-04-12T02:24:23.000Z","volume":360000,"label":" ","price":0.92},{"type":"B","date":"2018-04-12T02:24:23.000Z","volume":706000,"label":" ","price":0.92},{"type":"B","date":"2018-04-12T02:24:23.000Z","volume":4000,"label":"Y","price":0.92},{"type":"B","date":"2018-04-12T02:24:23.000Z","volume":428000,"label":" ","price":0.92},{"type":"B","date":"2018-04-12T02:24:23.000Z","volume":364000,"label":" ","price":0.92},{"type":"B","date":"2018-04-12T02:24:23.000Z","volume":2000,"label":"Y","price":0.92},{"type":"B","date":"2018-04-12T02:24:23.000Z","volume":458000,"label":" ","price":0.92},{"type":"B","date":"2018-04-12T02:24:23.000Z","volume":114000,"label":" ","price":0.92},{"type":"B","date":"2018-04-12T02:24:23.000Z","volume":60000,"label":" ","price":0.92},{"type":"B","date":"2018-04-12T02:24:23.000Z","volume":86000,"label":" ","price":0.92},{"type":"B","date":"2018-04-12T02:24:23.000Z","volume":52000,"label":" ","price":0.92},{"type":"A","date":"2018-04-12T02:25:18.000Z","volume":16000,"label":" ","price":0.92},{"type":"A","date":"2018-04-12T02:26:18.000Z","volume":4000,"label":" ","price":0.92},{"type":"A","date":"2018-04-12T02:26:33.000Z","volume":50000,"label":" ","price":0.92},{"type":"A","date":"2018-04-12T02:26:35.000Z","volume":50000,"label":" ","price":0.92},{"type":"A","date":"2018-04-12T02:27:18.000Z","volume":6000,"label":" ","price":0.92},{"type":"A","date":"2018-04-12T02:27:19.000Z","volume":1506000,"label":" ","price":0.92},{"type":"B","date":"2018-04-12T02:29:37.000Z","volume":16000,"label":" ","price":0.92},{"type":"B","date":"2018-04-12T02:33:30.000Z","volume":80000,"label":" ","price":0.92},{"type":"B","date":"2018-04-12T02:40:07.000Z","volume":16000,"label":" ","price":0.92},{"type":"A","date":"2018-04-12T02:43:18.000Z","volume":6000,"label":" ","price":0.93},{"type":"A","date":"2018-04-12T02:44:48.000Z","volume":6000,"label":" ","price":0.93},{"type":"A","date":"2018-04-12T02:45:48.000Z","volume":6000,"label":" ","price":0.93},{"type":"B","date":"2018-04-12T02:46:19.000Z","volume":40000,"label":" ","price":0.92},{"type":"B","date":"2018-04-12T02:46:44.000Z","volume":2000,"label":" ","price":0.92},{"type":"A","date":"2018-04-12T02:46:48.000Z","volume":6000,"label":" ","price":0.93},{"type":"B","date":"2018-04-12T02:47:07.000Z","volume":18000,"label":" ","price":0.92},{"type":"B","date":"2018-04-12T02:47:54.000Z","volume":20000,"label":" ","price":0.92},{"type":"A","date":"2018-04-12T02:48:18.000Z","volume":4000,"label":" ","price":0.93},{"type":"B","date":"2018-04-12T02:49:17.000Z","volume":18000,"label":" ","price":0.92},{"type":"A","date":"2018-04-12T02:49:19.000Z","volume":6000,"label":" ","price":0.93},{"type":"A","date":"2018-04-12T02:51:33.000Z","volume":6000,"label":" ","price":0.93},{"type":"A","date":"2018-04-12T02:53:48.000Z","volume":18000,"label":" ","price":0.93},{"type":"B","date":"2018-04-12T02:54:37.000Z","volume":20000,"label":" ","price":0.92},{"type":"A","date":"2018-04-12T02:54:49.000Z","volume":8000,"label":" ","price":0.93},{"type":"B","date":"2018-04-12T02:57:20.000Z","volume":6000,"label":" ","price":0.92},{"type":"A","date":"2018-04-12T02:59:19.000Z","volume":6000,"label":" ","price":0.93},{"type":"B","date":"2018-04-12T03:02:07.000Z","volume":34000,"label":" ","price":0.92},{"type":"A","date":"2018-04-12T03:02:19.000Z","volume":6000,"label":" ","price":0.93},{"type":"B","date":"2018-04-12T03:03:18.000Z","volume":34000,"label":" ","price":0.92},{"type":"A","date":"2018-04-12T03:03:18.000Z","volume":4000,"label":" ","price":0.93},{"type":"A","date":"2018-04-12T03:05:49.000Z","volume":6000,"label":" ","price":0.93},{"type":"B","date":"2018-04-12T03:05:49.000Z","volume":30000,"label":" ","price":0.92},{"type":"B","date":"2018-04-12T03:08:59.000Z","volume":20000,"label":" ","price":0.92},{"type":"B","date":"2018-04-12T03:08:59.000Z","volume":34000,"label":" ","price":0.92},{"type":"B","date":"2018-04-12T03:10:06.000Z","volume":32000,"label":" ","price":0.92},{"type":"B","date":"2018-04-12T03:10:08.000Z","volume":18000,"label":" ","price":0.92},{"type":"A","date":"2018-04-12T03:10:17.000Z","volume":2000,"label":" ","price":0.93},{"type":"A","date":"2018-04-12T03:10:19.000Z","volume":4000,"label":" ","price":0.93},{"type":"B","date":"2018-04-12T03:11:46.000Z","volume":56000,"label":" ","price":0.92},{"type":"B","date":"2018-04-12T03:14:18.000Z","volume":38000,"label":" ","price":0.92},{"type":"B","date":"2018-04-12T03:16:54.000Z","volume":24000,"label":" ","price":0.92},{"type":"A","date":"2018-04-12T03:20:26.000Z","volume":2000,"label":" ","price":0.93},{"type":"B","date":"2018-04-12T03:20:26.000Z","volume":12000,"label":" ","price":0.92},{"type":"A","date":"2018-04-12T03:20:36.000Z","volume":100000,"label":" ","price":0.93},{"type":"B","date":"2018-04-12T03:22:18.000Z","volume":42000,"label":" ","price":0.92},{"type":"A","date":"2018-04-12T03:22:18.000Z","volume":4000,"label":" ","price":0.93},{"type":"B","date":"2018-04-12T03:25:13.000Z","volume":14000,"label":" ","price":0.92},{"type":"A","date":"2018-04-12T03:25:22.000Z","volume":2000,"label":" ","price":0.93},{"type":"B","date":"2018-04-12T03:27:46.000Z","volume":50000,"label":" ","price":0.92},{"type":"B","date":"2018-04-12T03:27:46.000Z","volume":10000,"label":" ","price":0.92},{"type":"A","date":"2018-04-12T03:28:20.000Z","volume":6000,"label":" ","price":0.93},{"type":"A","date":"2018-04-12T03:28:24.000Z","volume":192000,"label":" ","price":0.93},{"type":"U","date":"2018-04-12T03:28:36.000Z","volume":4000,"label":"X","price":0.93},{"type":"B","date":"2018-04-12T03:28:38.000Z","volume":34000,"label":" ","price":0.92},{"type":"A","date":"2018-04-12T03:30:26.000Z","volume":68000,"label":" ","price":0.93},{"type":"A","date":"2018-04-12T03:30:26.000Z","volume":4000,"label":" ","price":0.93},{"type":"B","date":"2018-04-12T03:30:26.000Z","volume":98000,"label":" ","price":0.92},{"type":"B","date":"2018-04-12T03:32:52.000Z","volume":28000,"label":" ","price":0.92},{"type":"A","date":"2018-04-12T03:33:50.000Z","volume":6000,"label":" ","price":0.93},{"type":"A","date":"2018-04-12T03:35:25.000Z","volume":2000,"label":" ","price":0.93},{"type":"B","date":"2018-04-12T03:36:16.000Z","volume":20000,"label":" ","price":0.92},{"type":"U","date":"2018-04-12T03:36:36.000Z","volume":62000,"label":"X","price":0.925},{"type":"A","date":"2018-04-12T03:37:20.000Z","volume":4000,"label":" ","price":0.93},{"type":"A","date":"2018-04-12T03:38:20.000Z","volume":128000,"label":" ","price":0.93},{"type":"B","date":"2018-04-12T03:38:20.000Z","volume":18000,"label":" ","price":0.92},{"type":"U","date":"2018-04-12T03:38:36.000Z","volume":14000,"label":"X","price":0.93},{"type":"A","date":"2018-04-12T03:38:50.000Z","volume":4000,"label":" ","price":0.93},{"type":"A","date":"2018-04-12T03:39:25.000Z","volume":24000,"label":" ","price":0.93},{"type":"B","date":"2018-04-12T03:40:17.000Z","volume":4000,"label":" ","price":0.92},{"type":"A","date":"2018-04-12T03:40:20.000Z","volume":2000,"label":" ","price":0.93},{"type":"B","date":"2018-04-12T03:40:52.000Z","volume":74000,"label":" ","price":0.92},{"type":"A","date":"2018-04-12T03:40:53.000Z","volume":4000,"label":" ","price":0.93},{"type":"B","date":"2018-04-12T03:43:33.000Z","volume":42000,"label":" ","price":0.92},{"type":"B","date":"2018-04-12T03:43:39.000Z","volume":18000,"label":" ","price":0.92},{"type":"B","date":"2018-04-12T03:44:11.000Z","volume":18000,"label":" ","price":0.92},{"type":"B","date":"2018-04-12T03:47:38.000Z","volume":16000,"label":"Y","price":0.92},{"type":"B","date":"2018-04-12T03:47:38.000Z","volume":184000,"label":" ","price":0.92},{"type":"B","date":"2018-04-12T03:47:38.000Z","volume":52000,"label":" ","price":0.92},{"type":"B","date":"2018-04-12T03:47:43.000Z","volume":2000,"label":" ","price":0.92},{"type":"B","date":"2018-04-12T03:49:51.000Z","volume":72000,"label":" ","price":0.92},{"type":"A","date":"2018-04-12T03:49:51.000Z","volume":4000,"label":" ","price":0.93},{"type":"A","date":"2018-04-12T03:51:02.000Z","volume":4000,"label":" ","price":0.93},{"type":"A","date":"2018-04-12T03:52:04.000Z","volume":2000,"label":" ","price":0.93},{"type":"B","date":"2018-04-12T03:52:04.000Z","volume":8000,"label":" ","price":0.92},{"type":"A","date":"2018-04-12T03:52:20.000Z","volume":6000,"label":" ","price":0.93},{"type":"A","date":"2018-04-12T03:53:00.000Z","volume":4000,"label":" ","price":0.93},{"type":"A","date":"2018-04-12T03:53:59.000Z","volume":2000,"label":" ","price":0.93},{"type":"A","date":"2018-04-12T03:54:26.000Z","volume":78000,"label":" ","price":0.93},{"type":"B","date":"2018-04-12T03:54:29.000Z","volume":36000,"label":" ","price":0.92},{"type":"U","date":"2018-04-12T03:54:37.000Z","volume":6000,"label":"X","price":0.93},{"type":"A","date":"2018-04-12T03:54:50.000Z","volume":4000,"label":" ","price":0.93},{"type":"A","date":"2018-04-12T03:55:01.000Z","volume":4000,"label":" ","price":0.93},{"type":"A","date":"2018-04-12T03:55:25.000Z","volume":2000,"label":" ","price":0.93},{"type":"A","date":"2018-04-12T03:56:05.000Z","volume":4000,"label":" ","price":0.93},{"type":"A","date":"2018-04-12T03:56:28.000Z","volume":30000,"label":" ","price":0.93},{"type":"B","date":"2018-04-12T03:57:05.000Z","volume":18000,"label":" ","price":0.92},{"type":"B","date":"2018-04-12T03:59:28.000Z","volume":2000,"label":" ","price":0.92},{"type":"B","date":"2018-04-12T05:00:00.000Z","volume":8000,"label":" ","price":0.92},{"type":"B","date":"2018-04-12T05:00:02.000Z","volume":14000,"label":" ","price":0.92},{"type":"A","date":"2018-04-12T05:00:02.000Z","volume":8000,"label":" ","price":0.93},{"type":"A","date":"2018-04-12T05:00:05.000Z","volume":2000,"label":" ","price":0.93},{"type":"A","date":"2018-04-12T05:00:36.000Z","volume":2000,"label":" ","price":0.93},{"type":"A","date":"2018-04-12T05:00:58.000Z","volume":8000,"label":" ","price":0.93},{"type":"A","date":"2018-04-12T05:01:43.000Z","volume":4000,"label":" ","price":0.93},{"type":"A","date":"2018-04-12T05:02:01.000Z","volume":6000,"label":" ","price":0.93},{"type":"U","date":"2018-04-12T05:02:08.000Z","volume":2000,"label":"X","price":0.93},{"type":"A","date":"2018-04-12T05:02:41.000Z","volume":2000,"label":" ","price":0.93},{"type":"A","date":"2018-04-12T05:02:55.000Z","volume":6000,"label":" ","price":0.93},{"type":"A","date":"2018-04-12T05:03:39.000Z","volume":2000,"label":" ","price":0.93},{"type":"B","date":"2018-04-12T05:04:12.000Z","volume":22000,"label":" ","price":0.92},{"type":"A","date":"2018-04-12T05:04:41.000Z","volume":4000,"label":" ","price":0.93},{"type":"A","date":"2018-04-12T05:05:41.000Z","volume":2000,"label":" ","price":0.93},{"type":"A","date":"2018-04-12T05:06:38.000Z","volume":4000,"label":" ","price":0.93},{"type":"A","date":"2018-04-12T05:07:42.000Z","volume":4000,"label":" ","price":0.93},{"type":"B","date":"2018-04-12T05:07:42.000Z","volume":8000,"label":" ","price":0.92},{"type":"A","date":"2018-04-12T05:08:41.000Z","volume":2000,"label":" ","price":0.93},{"type":"A","date":"2018-04-12T05:09:01.000Z","volume":2000,"label":" ","price":0.93},{"type":"A","date":"2018-04-12T05:09:41.000Z","volume":4000,"label":" ","price":0.93},{"type":"B","date":"2018-04-12T05:09:51.000Z","volume":10000,"label":" ","price":0.92},{"type":"A","date":"2018-04-12T05:10:39.000Z","volume":2000,"label":" ","price":0.93},{"type":"B","date":"2018-04-12T05:11:18.000Z","volume":2000,"label":" ","price":0.92},{"type":"A","date":"2018-04-12T05:11:44.000Z","volume":4000,"label":" ","price":0.93},{"type":"A","date":"2018-04-12T05:11:51.000Z","volume":8000,"label":" ","price":0.93},{"type":"B","date":"2018-04-12T05:12:43.000Z","volume":8000,"label":" ","price":0.92},{"type":"B","date":"2018-04-12T05:17:04.000Z","volume":8000,"label":"Y","price":0.92},{"type":"B","date":"2018-04-12T05:17:04.000Z","volume":24000,"label":" ","price":0.92},{"type":"A","date":"2018-04-12T05:17:08.000Z","volume":4000,"label":" ","price":0.93},{"type":"B","date":"2018-04-12T05:17:43.000Z","volume":8000,"label":" ","price":0.92},{"type":"A","date":"2018-04-12T05:20:25.000Z","volume":2000,"label":" ","price":0.93},{"type":"A","date":"2018-04-12T05:21:04.000Z","volume":1926000,"label":" ","price":0.93},{"type":"A","date":"2018-04-12T05:21:48.000Z","volume":12000,"label":" ","price":0.93},{"type":"A","date":"2018-04-12T05:21:48.000Z","volume":30000,"label":" ","price":0.93},{"type":"A","date":"2018-04-12T05:21:48.000Z","volume":54000,"label":" ","price":0.93},{"type":"B","date":"2018-04-12T05:22:14.000Z","volume":610000,"label":" ","price":0.92},{"type":"A","date":"2018-04-12T05:25:04.000Z","volume":2136000,"label":" ","price":0.93},{"type":"A","date":"2018-04-12T05:25:04.000Z","volume":8000,"label":"Y","price":0.93},{"type":"A","date":"2018-04-12T05:25:04.000Z","volume":1544000,"label":" ","price":0.93},{"type":"A","date":"2018-04-12T05:25:04.000Z","volume":584000,"label":" ","price":0.93},{"type":"A","date":"2018-04-12T05:25:05.000Z","volume":212000,"label":" ","price":0.93},{"type":"A","date":"2018-04-12T05:25:06.000Z","volume":116000,"label":" ","price":0.93},{"type":"A","date":"2018-04-12T05:25:10.000Z","volume":178000,"label":" ","price":0.93},{"type":"A","date":"2018-04-12T05:25:10.000Z","volume":100000,"label":" ","price":0.93},{"type":"A","date":"2018-04-12T05:25:10.000Z","volume":14000,"label":" ","price":0.93},{"type":"A","date":"2018-04-12T05:25:12.000Z","volume":60000,"label":" ","price":0.93},{"type":"A","date":"2018-04-12T05:25:15.000Z","volume":6000,"label":" ","price":0.93},{"type":"A","date":"2018-04-12T05:25:21.000Z","volume":200000,"label":" ","price":0.93},{"type":"A","date":"2018-04-12T05:25:28.000Z","volume":8000,"label":" ","price":0.93},{"type":"A","date":"2018-04-12T05:25:32.000Z","volume":14000,"label":" ","price":0.93},{"type":"A","date":"2018-04-12T05:25:35.000Z","volume":48000,"label":" ","price":0.93},{"type":"B","date":"2018-04-12T05:25:39.000Z","volume":80000,"label":" ","price":0.93},{"type":"A","date":"2018-04-12T05:25:40.000Z","volume":10000,"label":" ","price":0.93},{"type":"B","date":"2018-04-12T05:28:13.000Z","volume":8000,"label":" ","price":0.93},{"type":"A","date":"2018-04-12T05:30:22.000Z","volume":2000,"label":" ","price":0.94},{"type":"A","date":"2018-04-12T05:31:09.000Z","volume":2000,"label":" ","price":0.94},{"type":"B","date":"2018-04-12T05:33:13.000Z","volume":8000,"label":" ","price":0.93},{"type":"A","date":"2018-04-12T05:35:18.000Z","volume":2000,"label":" ","price":0.94},{"type":"B","date":"2018-04-12T05:38:13.000Z","volume":8000,"label":" ","price":0.93},{"type":"B","date":"2018-04-12T05:38:15.000Z","volume":38000,"label":"Y","price":0.93},{"type":"B","date":"2018-04-12T05:43:13.000Z","volume":8000,"label":" ","price":0.93},{"type":"A","date":"2018-04-12T05:43:21.000Z","volume":904000,"label":"Y","price":0.94},{"type":"A","date":"2018-04-12T05:43:21.000Z","volume":3226000,"label":" ","price":0.94},{"type":"A","date":"2018-04-12T05:43:21.000Z","volume":2000,"label":" ","price":0.95},{"type":"A","date":"2018-04-12T05:50:21.000Z","volume":2000,"label":" ","price":0.95},{"type":"A","date":"2018-04-12T05:53:31.000Z","volume":156000,"label":" ","price":0.95},{"type":"B","date":"2018-04-12T05:53:34.000Z","volume":100000,"label":" ","price":0.94},{"type":"U","date":"2018-04-12T05:53:39.000Z","volume":20000,"label":"X","price":0.95},{"type":"A","date":"2018-04-12T06:00:18.000Z","volume":2000,"label":" ","price":0.95},{"type":"B","date":"2018-04-12T06:00:54.000Z","volume":4000,"label":" ","price":0.94},{"type":"B","date":"2018-04-12T06:01:30.000Z","volume":2000,"label":" ","price":0.94},{"type":"B","date":"2018-04-12T06:02:07.000Z","volume":20000,"label":" ","price":0.94},{"type":"B","date":"2018-04-12T06:02:30.000Z","volume":2000,"label":" ","price":0.94},{"type":"B","date":"2018-04-12T06:03:30.000Z","volume":2000,"label":" ","price":0.94},{"type":"B","date":"2018-04-12T06:06:42.000Z","volume":106000,"label":"Y","price":0.94},{"type":"B","date":"2018-04-12T06:07:20.000Z","volume":12000,"label":"Y","price":0.94},{"type":"B","date":"2018-04-12T06:09:10.000Z","volume":12000,"label":" ","price":0.94},{"type":"A","date":"2018-04-12T06:10:23.000Z","volume":2000,"label":" ","price":0.95},{"type":"B","date":"2018-04-12T06:10:44.000Z","volume":10000,"label":" ","price":0.94},{"type":"B","date":"2018-04-12T06:11:20.000Z","volume":200000,"label":"Y","price":0.94},{"type":"A","date":"2018-04-12T06:11:30.000Z","volume":52000,"label":" ","price":0.95},{"type":"B","date":"2018-04-12T06:11:48.000Z","volume":1000000,"label":" ","price":0.94},{"type":"B","date":"2018-04-12T06:12:04.000Z","volume":150000,"label":" ","price":0.94},{"type":"B","date":"2018-04-12T06:12:14.000Z","volume":40000,"label":" ","price":0.94},{"type":"B","date":"2018-04-12T06:12:26.000Z","volume":100000,"label":" ","price":0.94},{"type":"B","date":"2018-04-12T06:12:32.000Z","volume":100000,"label":" ","price":0.94},{"type":"B","date":"2018-04-12T06:13:13.000Z","volume":150000,"label":" ","price":0.94},{"type":"B","date":"2018-04-12T06:13:24.000Z","volume":10000,"label":" ","price":0.94},{"type":"B","date":"2018-04-12T06:13:32.000Z","volume":2000,"label":" ","price":0.94},{"type":"B","date":"2018-04-12T06:14:14.000Z","volume":78000,"label":" ","price":0.94},{"type":"B","date":"2018-04-12T06:14:31.000Z","volume":364000,"label":" ","price":0.94},{"type":"A","date":"2018-04-12T06:14:32.000Z","volume":58000,"label":" ","price":0.94},{"type":"B","date":"2018-04-12T06:15:36.000Z","volume":8000,"label":"Y","price":0.93},{"type":"B","date":"2018-04-12T06:15:36.000Z","volume":2000,"label":" ","price":0.93},{"type":"B","date":"2018-04-12T06:18:03.000Z","volume":20000,"label":" ","price":0.93},{"type":"B","date":"2018-04-12T06:19:15.000Z","volume":22000,"label":"Y","price":0.93},{"type":"B","date":"2018-04-12T06:19:15.000Z","volume":48000,"label":" ","price":0.93},{"type":"B","date":"2018-04-12T06:20:47.000Z","volume":36000,"label":" ","price":0.93},{"type":"B","date":"2018-04-12T06:23:45.000Z","volume":24000,"label":" ","price":0.93},{"type":"B","date":"2018-04-12T06:26:42.000Z","volume":40000,"label":" ","price":0.93},{"type":"B","date":"2018-04-12T06:29:56.000Z","volume":114000,"label":" ","price":0.93},{"type":"B","date":"2018-04-12T06:30:21.000Z","volume":2000,"label":" ","price":0.93},{"type":"A","date":"2018-04-12T06:32:15.000Z","volume":16000,"label":" ","price":0.94},{"type":"B","date":"2018-04-12T06:32:15.000Z","volume":78000,"label":" ","price":0.93},{"type":"B","date":"2018-04-12T06:34:58.000Z","volume":20000,"label":" ","price":0.93},{"type":"B","date":"2018-04-12T06:35:27.000Z","volume":2000,"label":" ","price":0.93},{"type":"B","date":"2018-04-12T06:36:19.000Z","volume":100000,"label":" ","price":0.93},{"type":"B","date":"2018-04-12T06:37:14.000Z","volume":70000,"label":" ","price":0.93},{"type":"B","date":"2018-04-12T06:39:15.000Z","volume":10000,"label":" ","price":0.93},{"type":"B","date":"2018-04-12T06:39:23.000Z","volume":24000,"label":" ","price":0.93},{"type":"B","date":"2018-04-12T06:40:23.000Z","volume":2000,"label":" ","price":0.93},{"type":"B","date":"2018-04-12T06:43:10.000Z","volume":48000,"label":" ","price":0.93},{"type":"B","date":"2018-04-12T06:45:15.000Z","volume":12000,"label":" ","price":0.93},{"type":"B","date":"2018-04-12T06:45:15.000Z","volume":54000,"label":" ","price":0.93},{"type":"B","date":"2018-04-12T06:48:35.000Z","volume":50000,"label":" ","price":0.93},{"type":"B","date":"2018-04-12T06:50:19.000Z","volume":4000,"label":" ","price":0.93},{"type":"B","date":"2018-04-12T06:50:42.000Z","volume":38000,"label":" ","price":0.93},{"type":"B","date":"2018-04-12T06:50:42.000Z","volume":46000,"label":" ","price":0.93},{"type":"B","date":"2018-04-12T06:51:46.000Z","volume":12000,"label":" ","price":0.93},{"type":"B","date":"2018-04-12T06:53:05.000Z","volume":3498000,"label":" ","price":0.93},{"type":"B","date":"2018-04-12T06:53:16.000Z","volume":44000,"label":" ","price":0.92},{"type":"B","date":"2018-04-12T06:54:24.000Z","volume":502000,"label":" ","price":0.92},{"type":"B","date":"2018-04-12T06:56:02.000Z","volume":34000,"label":" ","price":0.92},{"type":"B","date":"2018-04-12T06:57:21.000Z","volume":20000,"label":" ","price":0.92},{"type":"B","date":"2018-04-12T06:58:16.000Z","volume":10000,"label":" ","price":0.92},{"type":"B","date":"2018-04-12T06:58:42.000Z","volume":2000,"label":" ","price":0.92},{"type":"B","date":"2018-04-12T06:58:42.000Z","volume":42000,"label":" ","price":0.92},{"type":"B","date":"2018-04-12T07:01:46.000Z","volume":48000,"label":" ","price":0.92},{"type":"B","date":"2018-04-12T07:03:16.000Z","volume":12000,"label":" ","price":0.92},{"type":"B","date":"2018-04-12T07:04:55.000Z","volume":48000,"label":" ","price":0.92},{"type":"B","date":"2018-04-12T07:07:43.000Z","volume":46000,"label":" ","price":0.92},{"type":"B","date":"2018-04-12T07:09:22.000Z","volume":2000,"label":" ","price":0.92},{"type":"B","date":"2018-04-12T07:09:46.000Z","volume":10000,"label":" ","price":0.92},{"type":"B","date":"2018-04-12T07:10:13.000Z","volume":50000,"label":" ","price":0.92},{"type":"A","date":"2018-04-12T07:10:18.000Z","volume":2000000,"label":" ","price":0.93},{"type":"A","date":"2018-04-12T07:11:37.000Z","volume":2000,"label":" ","price":0.93},{"type":"A","date":"2018-04-12T07:13:26.000Z","volume":1000000,"label":" ","price":0.93},{"type":"A","date":"2018-04-12T07:19:54.000Z","volume":2000000,"label":" ","price":0.93},{"type":"A","date":"2018-04-12T07:19:54.000Z","volume":46000,"label":" ","price":0.93},{"type":"A","date":"2018-04-12T07:19:57.000Z","volume":326000,"label":" ","price":0.93},{"type":"B","date":"2018-04-12T07:20:16.000Z","volume":8000,"label":" ","price":0.93},{"type":"B","date":"2018-04-12T07:21:41.000Z","volume":66000,"label":" ","price":0.93},{"type":"B","date":"2018-04-12T07:23:16.000Z","volume":8000,"label":" ","price":0.93},{"type":"A","date":"2018-04-12T07:25:37.000Z","volume":12000,"label":" ","price":0.94},{"type":"U","date":"2018-04-12T07:25:51.000Z","volume":36000,"label":"X","price":0.94},{"type":"B","date":"2018-04-12T07:27:17.000Z","volume":8000,"label":" ","price":0.93},{"type":"A","date":"2018-04-12T07:28:56.000Z","volume":98000,"label":" ","price":0.94},{"type":"B","date":"2018-04-12T07:30:47.000Z","volume":8000,"label":" ","price":0.93},{"type":"A","date":"2018-04-12T07:31:46.000Z","volume":42000,"label":" ","price":0.94},{"type":"U","date":"2018-04-12T07:31:51.000Z","volume":6000,"label":"X","price":0.94},{"type":"B","date":"2018-04-12T07:34:17.000Z","volume":8000,"label":" ","price":0.93},{"type":"A","date":"2018-04-12T07:34:24.000Z","volume":2000,"label":" ","price":0.94},{"type":"A","date":"2018-04-12T07:34:37.000Z","volume":78000,"label":" ","price":0.94},{"type":"U","date":"2018-04-12T07:34:41.000Z","volume":4000,"label":"X","price":0.94},{"type":"A","date":"2018-04-12T07:39:21.000Z","volume":102000,"label":" ","price":0.94},{"type":"B","date":"2018-04-12T07:39:47.000Z","volume":8000,"label":" ","price":0.93},{"type":"A","date":"2018-04-12T07:39:50.000Z","volume":2000,"label":" ","price":0.94},{"type":"A","date":"2018-04-12T07:41:15.000Z","volume":2000,"label":" ","price":0.94},{"type":"B","date":"2018-04-12T07:42:30.000Z","volume":14000,"label":" ","price":0.93},{"type":"A","date":"2018-04-12T07:43:08.000Z","volume":92000,"label":" ","price":0.94},{"type":"U","date":"2018-04-12T07:43:21.000Z","volume":6000,"label":"X","price":0.94},{"type":"A","date":"2018-04-12T07:43:27.000Z","volume":1000000,"label":" ","price":0.94},{"type":"A","date":"2018-04-12T07:43:58.000Z","volume":92000,"label":" ","price":0.94},{"type":"B","date":"2018-04-12T07:46:04.000Z","volume":84000,"label":" ","price":0.93},{"type":"A","date":"2018-04-12T07:47:52.000Z","volume":116000,"label":" ","price":0.94},{"type":"B","date":"2018-04-12T07:49:00.000Z","volume":108000,"label":" ","price":0.93},{"type":"A","date":"2018-04-12T07:49:12.000Z","volume":2000,"label":" ","price":0.94},{"type":"B","date":"2018-04-12T07:50:35.000Z","volume":84000,"label":" ","price":0.93},{"type":"B","date":"2018-04-12T07:50:40.000Z","volume":2000,"label":" ","price":0.93},{"type":"A","date":"2018-04-12T07:52:25.000Z","volume":2000,"label":" ","price":0.94},{"type":"A","date":"2018-04-12T07:52:29.000Z","volume":56000,"label":" ","price":0.94},{"type":"B","date":"2018-04-12T07:54:41.000Z","volume":58000,"label":" ","price":0.93},{"type":"A","date":"2018-04-12T07:54:53.000Z","volume":1482000,"label":" ","price":0.94},{"type":"B","date":"2018-04-12T07:55:14.000Z","volume":52000,"label":" ","price":0.93},{"type":"B","date":"2018-04-12T07:55:40.000Z","volume":12000,"label":" ","price":0.93},{"type":"A","date":"2018-04-12T07:55:48.000Z","volume":152000,"label":" ","price":0.94},{"type":"U","date":"2018-04-12T07:55:52.000Z","volume":14000,"label":"X","price":0.94},{"type":"B","date":"2018-04-12T07:56:11.000Z","volume":14000,"label":" ","price":0.93},{"type":"B","date":"2018-04-12T07:56:17.000Z","volume":8000,"label":" ","price":0.93},{"type":"B","date":"2018-04-12T07:56:47.000Z","volume":14000,"label":" ","price":0.93},{"type":"B","date":"2018-04-12T07:57:17.000Z","volume":10000,"label":" ","price":0.93},{"type":"B","date":"2018-04-12T07:57:21.000Z","volume":12000,"label":" ","price":0.93},{"type":"A","date":"2018-04-12T07:57:27.000Z","volume":148000,"label":" ","price":0.94},{"type":"B","date":"2018-04-12T07:57:58.000Z","volume":16000,"label":" ","price":0.93},{"type":"B","date":"2018-04-12T07:58:29.000Z","volume":8000,"label":" ","price":0.93},{"type":"B","date":"2018-04-12T07:58:47.000Z","volume":8000,"label":" ","price":0.93},{"type":"B","date":"2018-04-12T07:59:01.000Z","volume":36000,"label":" ","price":0.93},{"type":"A","date":"2018-04-12T07:59:01.000Z","volume":124000,"label":" ","price":0.94},{"type":"A","date":"2018-04-12T07:59:02.000Z","volume":78000,"label":" ","price":0.94},{"type":"B","date":"2018-04-12T07:59:04.000Z","volume":8000,"label":" ","price":0.93},{"type":"B","date":"2018-04-12T07:59:30.000Z","volume":10000,"label":" ","price":0.93},{"type":"B","date":"2018-04-12T07:59:34.000Z","volume":2000,"label":" ","price":0.93},{"type":"B","date":"2018-04-12T07:59:35.000Z","volume":30000,"label":" ","price":0.93},{"type":"U","date":"2018-04-12T08:08:38.000Z","volume":816000,"label":"U","price":0.94}]