[{"type":"A","date":"2018-03-14T06:50:55.000Z","volume":74000,"price":3.35,"category":"ubbull"},{"type":"A","date":"2018-03-14T03:38:59.000Z","volume":30000,"price":3.33,"category":"ubbull"},{"type":"A","date":"2018-03-14T06:51:25.000Z","volume":12000,"price":3.36,"category":"bbull"},{"type":"A","date":"2018-03-14T05:18:18.000Z","volume":18000,"price":3.32,"category":"bbull"},{"type":"A","date":"2018-03-14T03:07:37.000Z","volume":16000,"price":3.32,"category":"bbull"},{"type":"A","date":"2018-03-14T02:49:20.000Z","volume":16000,"price":3.34,"category":"bbull"},{"type":"A","date":"2018-03-14T07:59:55.000Z","volume":2000,"price":3.35,"category":"rbull"},{"type":"A","date":"2018-03-14T06:51:20.000Z","volume":2000,"price":3.36,"category":"rbull"},{"type":"A","date":"2018-03-14T06:28:00.000Z","volume":2000,"price":3.34,"category":"rbull"},{"type":"A","date":"2018-03-14T06:23:55.000Z","volume":2000,"price":3.34,"category":"rbull"},{"type":"A","date":"2018-03-14T05:47:23.000Z","volume":2000,"price":3.33,"category":"rbull"},{"type":"A","date":"2018-03-14T05:22:25.000Z","volume":2000,"price":3.33,"category":"rbull"},{"type":"A","date":"2018-03-14T05:18:18.000Z","volume":2000,"price":3.33,"category":"rbull"},{"type":"A","date":"2018-03-14T03:11:50.000Z","volume":2000,"price":3.33,"category":"rbull"},{"type":"A","date":"2018-03-14T03:07:40.000Z","volume":2000,"price":3.33,"category":"rbull"},{"type":"A","date":"2018-03-14T03:07:37.000Z","volume":2000,"price":3.33,"category":"rbull"},{"type":"A","date":"2018-03-14T03:07:37.000Z","volume":2000,"price":3.32,"category":"rbull"},{"type":"A","date":"2018-03-14T02:58:11.000Z","volume":2000,"price":3.33,"category":"rbull"},{"type":"A","date":"2018-03-14T02:58:06.000Z","volume":2000,"price":3.32,"category":"rbull"},{"type":"A","date":"2018-03-14T02:57:35.000Z","volume":2000,"price":3.32,"category":"rbull"},{"type":"A","date":"2018-03-14T02:57:35.000Z","volume":2000,"price":3.32,"category":"rbull"},{"type":"A","date":"2018-03-14T02:57:17.000Z","volume":2000,"price":3.32,"category":"rbull"},{"type":"A","date":"2018-03-14T02:57:16.000Z","volume":2000,"price":3.32,"category":"rbull"},{"type":"A","date":"2018-03-14T02:55:47.000Z","volume":2000,"price":3.32,"category":"rbull"},{"type":"A","date":"2018-03-14T02:55:45.000Z","volume":2000,"price":3.32,"category":"rbull"},{"type":"A","date":"2018-03-14T02:49:47.000Z","volume":2000,"price":3.33,"category":"rbull"},{"type":"A","date":"2018-03-14T02:49:20.000Z","volume":2000,"price":3.34,"category":"rbull"},{"type":"A","date":"2018-03-14T02:29:41.000Z","volume":2000,"price":3.34,"category":"rbull"},{"type":"B","date":"2018-03-14T07:59:12.000Z","volume":2000,"price":3.34,"category":"rbear"},{"type":"B","date":"2018-03-14T06:21:51.000Z","volume":2000,"price":3.33,"category":"rbear"},{"type":"B","date":"2018-03-14T05:57:10.000Z","volume":2000,"price":3.33,"category":"rbear"},{"type":"B","date":"2018-03-14T05:48:14.000Z","volume":2000,"price":3.33,"category":"rbear"},{"type":"B","date":"2018-03-14T05:47:57.000Z","volume":2000,"price":3.33,"category":"rbear"},{"type":"B","date":"2018-03-14T05:18:18.000Z","volume":2000,"price":3.33,"category":"rbear"},{"type":"B","date":"2018-03-14T03:59:31.000Z","volume":2000,"price":3.31,"category":"rbear"},{"type":"B","date":"2018-03-14T03:58:13.000Z","volume":2000,"price":3.31,"category":"rbear"},{"type":"B","date":"2018-03-14T03:53:06.000Z","volume":2000,"price":3.31,"category":"rbear"},{"type":"B","date":"2018-03-14T03:52:55.000Z","volume":2000,"price":3.32,"category":"rbear"},{"type":"B","date":"2018-03-14T03:39:16.000Z","volume":2000,"price":3.32,"category":"rbear"},{"type":"B","date":"2018-03-14T02:55:45.000Z","volume":2000,"price":3.31,"category":"rbear"},{"type":"B","date":"2018-03-14T02:50:04.000Z","volume":2000,"price":3.31,"category":"rbear"},{"type":"B","date":"2018-03-14T02:49:21.000Z","volume":2000,"price":3.32,"category":"rbear"}]