[{"type":"B","date":"2018-04-17T01:30:01.000Z","volume":640000,"label":" ","price":0.172},{"type":"B","date":"2018-04-17T01:30:02.000Z","volume":150000,"label":" ","price":0.171},{"type":"B","date":"2018-04-17T01:33:30.000Z","volume":100000,"label":" ","price":0.172},{"type":"B","date":"2018-04-17T01:33:30.000Z","volume":90000,"label":" ","price":0.171},{"type":"B","date":"2018-04-17T01:38:52.000Z","volume":50000,"label":" ","price":0.172},{"type":"A","date":"2018-04-17T01:39:46.000Z","volume":10000,"label":" ","price":0.173},{"type":"A","date":"2018-04-17T01:42:49.000Z","volume":230000,"label":" ","price":0.173},{"type":"U","date":"2018-04-17T01:44:55.000Z","volume":30000,"label":" ","price":0.172},{"type":"A","date":"2018-04-17T01:53:46.000Z","volume":10000,"label":" ","price":0.172},{"type":"B","date":"2018-04-17T01:55:01.000Z","volume":50000,"label":" ","price":0.171},{"type":"B","date":"2018-04-17T01:56:05.000Z","volume":1000000,"label":" ","price":0.171},{"type":"B","date":"2018-04-17T01:56:05.000Z","volume":100000,"label":" ","price":0.171},{"type":"A","date":"2018-04-17T01:59:54.000Z","volume":10000,"label":" ","price":0.173},{"type":"B","date":"2018-04-17T02:03:21.000Z","volume":10000,"label":" ","price":0.172},{"type":"B","date":"2018-04-17T02:05:04.000Z","volume":10000,"label":" ","price":0.172},{"type":"A","date":"2018-04-17T02:12:52.000Z","volume":40000,"label":" ","price":0.173},{"type":"A","date":"2018-04-17T02:16:30.000Z","volume":540000,"label":" ","price":0.173},{"type":"B","date":"2018-04-17T02:16:49.000Z","volume":200000,"label":" ","price":0.172},{"type":"B","date":"2018-04-17T02:19:40.000Z","volume":100000,"label":"Y","price":0.172},{"type":"B","date":"2018-04-17T02:19:40.000Z","volume":120000,"label":" ","price":0.172},{"type":"B","date":"2018-04-17T02:19:40.000Z","volume":70000,"label":" ","price":0.172},{"type":"A","date":"2018-04-17T02:19:45.000Z","volume":70000,"label":" ","price":0.172},{"type":"U","date":"2018-04-17T02:22:04.000Z","volume":2254,"label":"D","price":0.161},{"type":"U","date":"2018-04-17T02:22:43.000Z","volume":50,"label":"D","price":0.161},{"type":"A","date":"2018-04-17T02:26:26.000Z","volume":300000,"label":" ","price":0.172},{"type":"B","date":"2018-04-17T02:28:30.000Z","volume":170000,"label":" ","price":0.171},{"type":"B","date":"2018-04-17T02:32:17.000Z","volume":500000,"label":" ","price":0.171},{"type":"B","date":"2018-04-17T02:32:17.000Z","volume":200000,"label":" ","price":0.171},{"type":"B","date":"2018-04-17T02:32:21.000Z","volume":40000,"label":" ","price":0.171},{"type":"A","date":"2018-04-17T02:37:18.000Z","volume":10000,"label":" ","price":0.171},{"type":"B","date":"2018-04-17T02:42:50.000Z","volume":120000,"label":" ","price":0.17},{"type":"A","date":"2018-04-17T02:42:59.000Z","volume":10000,"label":" ","price":0.171},{"type":"B","date":"2018-04-17T02:45:10.000Z","volume":350000,"label":"Y","price":0.17},{"type":"B","date":"2018-04-17T02:45:10.000Z","volume":110000,"label":" ","price":0.17},{"type":"A","date":"2018-04-17T02:56:25.000Z","volume":240000,"label":" ","price":0.171},{"type":"B","date":"2018-04-17T03:36:23.000Z","volume":10000,"label":" ","price":0.171},{"type":"B","date":"2018-04-17T03:38:59.000Z","volume":40000,"label":" ","price":0.171},{"type":"A","date":"2018-04-17T03:39:05.000Z","volume":140000,"label":" ","price":0.171},{"type":"A","date":"2018-04-17T03:39:20.000Z","volume":10000,"label":" ","price":0.171},{"type":"A","date":"2018-04-17T03:39:24.000Z","volume":80000,"label":" ","price":0.171},{"type":"A","date":"2018-04-17T03:48:27.000Z","volume":10000,"label":" ","price":0.171},{"type":"A","date":"2018-04-17T03:49:52.000Z","volume":10000,"label":" ","price":0.171},{"type":"A","date":"2018-04-17T03:54:09.000Z","volume":80000,"label":" ","price":0.171},{"type":"A","date":"2018-04-17T05:00:13.000Z","volume":10000,"label":" ","price":0.171},{"type":"A","date":"2018-04-17T05:01:27.000Z","volume":60000,"label":" ","price":0.171},{"type":"A","date":"2018-04-17T05:02:31.000Z","volume":20000,"label":"Y","price":0.172},{"type":"B","date":"2018-04-17T05:28:26.000Z","volume":40000,"label":" ","price":0.171},{"type":"B","date":"2018-04-17T05:28:26.000Z","volume":60000,"label":" ","price":0.17},{"type":"B","date":"2018-04-17T05:45:34.000Z","volume":200000,"label":" ","price":0.171},{"type":"B","date":"2018-04-17T05:57:57.000Z","volume":20000,"label":" ","price":0.171},{"type":"A","date":"2018-04-17T06:08:24.000Z","volume":10000,"label":" ","price":0.172},{"type":"B","date":"2018-04-17T06:14:55.000Z","volume":420000,"label":" ","price":0.171},{"type":"B","date":"2018-04-17T06:25:37.000Z","volume":10000,"label":"Y","price":0.171},{"type":"B","date":"2018-04-17T06:25:37.000Z","volume":120000,"label":" ","price":0.171},{"type":"A","date":"2018-04-17T06:25:41.000Z","volume":170000,"label":" ","price":0.171},{"type":"A","date":"2018-04-17T06:25:42.000Z","volume":80000,"label":" ","price":0.171},{"type":"A","date":"2018-04-17T06:25:42.000Z","volume":10000,"label":" ","price":0.171},{"type":"A","date":"2018-04-17T06:25:46.000Z","volume":110000,"label":" ","price":0.171},{"type":"A","date":"2018-04-17T06:25:51.000Z","volume":20000,"label":" ","price":0.171},{"type":"A","date":"2018-04-17T06:26:24.000Z","volume":10000,"label":" ","price":0.171},{"type":"A","date":"2018-04-17T06:34:06.000Z","volume":20000,"label":"Y","price":0.171},{"type":"A","date":"2018-04-17T06:34:11.000Z","volume":60000,"label":" ","price":0.171},{"type":"B","date":"2018-04-17T06:39:19.000Z","volume":30000,"label":" ","price":0.17},{"type":"A","date":"2018-04-17T06:41:15.000Z","volume":10000,"label":" ","price":0.171},{"type":"A","date":"2018-04-17T06:41:16.000Z","volume":100000,"label":" ","price":0.171},{"type":"B","date":"2018-04-17T06:53:31.000Z","volume":560000,"label":"Y","price":0.17},{"type":"B","date":"2018-04-17T06:53:31.000Z","volume":340000,"label":" ","price":0.17},{"type":"A","date":"2018-04-17T06:53:43.000Z","volume":10000,"label":" ","price":0.171},{"type":"A","date":"2018-04-17T06:55:22.000Z","volume":10000,"label":"Y","price":0.171},{"type":"A","date":"2018-04-17T06:59:34.000Z","volume":220000,"label":" ","price":0.171},{"type":"B","date":"2018-04-17T07:02:02.000Z","volume":230000,"label":"Y","price":0.17},{"type":"B","date":"2018-04-17T07:02:02.000Z","volume":70000,"label":" ","price":0.17},{"type":"B","date":"2018-04-17T07:06:16.000Z","volume":10000,"label":"Y","price":0.17},{"type":"B","date":"2018-04-17T07:06:16.000Z","volume":40000,"label":" ","price":0.17},{"type":"A","date":"2018-04-17T07:08:06.000Z","volume":50000,"label":"Y","price":0.17},{"type":"A","date":"2018-04-17T07:08:07.000Z","volume":90000,"label":" ","price":0.17},{"type":"A","date":"2018-04-17T07:08:32.000Z","volume":20000,"label":"Y","price":0.17},{"type":"A","date":"2018-04-17T07:08:48.000Z","volume":10000,"label":"Y","price":0.17},{"type":"A","date":"2018-04-17T07:08:48.000Z","volume":150000,"label":" ","price":0.17},{"type":"A","date":"2018-04-17T07:08:49.000Z","volume":30000,"label":" ","price":0.17},{"type":"B","date":"2018-04-17T07:09:17.000Z","volume":150000,"label":"Y","price":0.17},{"type":"B","date":"2018-04-17T07:09:17.000Z","volume":50000,"label":" ","price":0.17},{"type":"A","date":"2018-04-17T07:09:20.000Z","volume":60000,"label":" ","price":0.171},{"type":"B","date":"2018-04-17T07:09:47.000Z","volume":80000,"label":"Y","price":0.17},{"type":"B","date":"2018-04-17T07:09:47.000Z","volume":220000,"label":" ","price":0.17},{"type":"B","date":"2018-04-17T07:13:10.000Z","volume":30000,"label":" ","price":0.17},{"type":"A","date":"2018-04-17T07:23:15.000Z","volume":10000,"label":" ","price":0.171},{"type":"B","date":"2018-04-17T07:23:46.000Z","volume":30000,"label":" ","price":0.17},{"type":"A","date":"2018-04-17T07:31:39.000Z","volume":1000000,"label":" ","price":0.17},{"type":"A","date":"2018-04-17T07:31:39.000Z","volume":400000,"label":" ","price":0.17},{"type":"A","date":"2018-04-17T07:33:15.000Z","volume":10000,"label":" ","price":0.17},{"type":"B","date":"2018-04-17T07:43:02.000Z","volume":100000,"label":" ","price":0.169},{"type":"A","date":"2018-04-17T07:43:07.000Z","volume":110000,"label":" ","price":0.17},{"type":"A","date":"2018-04-17T07:43:38.000Z","volume":80000,"label":"Y","price":0.17},{"type":"A","date":"2018-04-17T07:43:38.000Z","volume":70000,"label":" ","price":0.17},{"type":"A","date":"2018-04-17T07:43:40.000Z","volume":10000,"label":" ","price":0.17},{"type":"A","date":"2018-04-17T07:48:46.000Z","volume":10000,"label":" ","price":0.17},{"type":"B","date":"2018-04-17T07:53:26.000Z","volume":30000,"label":"Y","price":0.169},{"type":"A","date":"2018-04-17T07:55:08.000Z","volume":100000,"label":"Y","price":0.17},{"type":"A","date":"2018-04-17T07:55:08.000Z","volume":40000,"label":" ","price":0.17},{"type":"A","date":"2018-04-17T07:57:04.000Z","volume":10000,"label":" ","price":0.17},{"type":"A","date":"2018-04-17T07:57:26.000Z","volume":10000,"label":" ","price":0.17},{"type":"A","date":"2018-04-17T07:58:41.000Z","volume":10000,"label":" ","price":0.17},{"type":"B","date":"2018-04-17T07:59:34.000Z","volume":10000,"label":" ","price":0.169},{"type":"U","date":"2018-04-17T08:08:24.000Z","volume":70000,"label":"U","price":0.17}]