[{"type":"U","date":"2018-03-20T01:20:00.000Z","volume":200,"label":"U","price":25.6},{"type":"A","date":"2018-03-20T01:53:17.000Z","volume":1000,"label":" ","price":25.75},{"type":"A","date":"2018-03-20T01:55:40.000Z","volume":2000,"label":" ","price":25.75},{"type":"B","date":"2018-03-20T01:55:42.000Z","volume":100,"label":" ","price":25.65},{"type":"B","date":"2018-03-20T01:55:45.000Z","volume":300,"label":" ","price":25.65},{"type":"A","date":"2018-03-20T01:56:36.000Z","volume":300,"label":" ","price":25.7},{"type":"A","date":"2018-03-20T02:00:17.000Z","volume":100,"label":" ","price":25.7},{"type":"A","date":"2018-03-20T02:00:17.000Z","volume":200,"label":" ","price":25.7},{"type":"A","date":"2018-03-20T02:00:51.000Z","volume":1000,"label":" ","price":25.7},{"type":"B","date":"2018-03-20T02:00:53.000Z","volume":100,"label":" ","price":25.65},{"type":"A","date":"2018-03-20T02:00:53.000Z","volume":300,"label":" ","price":25.7},{"type":"A","date":"2018-03-20T02:01:20.000Z","volume":1000,"label":" ","price":25.7},{"type":"A","date":"2018-03-20T02:02:38.000Z","volume":10000,"label":" ","price":25.7},{"type":"A","date":"2018-03-20T02:02:39.000Z","volume":100,"label":" ","price":25.7},{"type":"A","date":"2018-03-20T02:02:39.000Z","volume":600,"label":" ","price":25.7},{"type":"A","date":"2018-03-20T02:02:39.000Z","volume":400,"label":" ","price":25.7},{"type":"A","date":"2018-03-20T02:02:39.000Z","volume":900,"label":"Y","price":25.7},{"type":"A","date":"2018-03-20T02:02:39.000Z","volume":3300,"label":" ","price":25.7},{"type":"A","date":"2018-03-20T02:02:40.000Z","volume":300,"label":"Y","price":25.75},{"type":"A","date":"2018-03-20T02:02:40.000Z","volume":300,"label":" ","price":25.75},{"type":"B","date":"2018-03-20T02:02:43.000Z","volume":100,"label":" ","price":25.65},{"type":"A","date":"2018-03-20T02:02:44.000Z","volume":200,"label":"Y","price":25.75},{"type":"A","date":"2018-03-20T02:02:44.000Z","volume":200,"label":" ","price":25.75},{"type":"B","date":"2018-03-20T02:11:48.000Z","volume":100,"label":" ","price":25.7},{"type":"B","date":"2018-03-20T02:19:06.000Z","volume":100,"label":" ","price":25.7},{"type":"B","date":"2018-03-20T02:19:06.000Z","volume":100,"label":" ","price":25.7},{"type":"B","date":"2018-03-20T02:19:09.000Z","volume":100,"label":" ","price":25.7},{"type":"B","date":"2018-03-20T02:26:23.000Z","volume":100,"label":" ","price":25.7},{"type":"A","date":"2018-03-20T02:30:32.000Z","volume":100,"label":" ","price":25.75},{"type":"B","date":"2018-03-20T02:33:52.000Z","volume":100,"label":" ","price":25.7},{"type":"B","date":"2018-03-20T02:41:27.000Z","volume":100,"label":" ","price":25.7},{"type":"A","date":"2018-03-20T02:44:34.000Z","volume":2400,"label":"Y","price":25.75},{"type":"A","date":"2018-03-20T02:44:34.000Z","volume":21600,"label":" ","price":25.75},{"type":"A","date":"2018-03-20T02:44:34.000Z","volume":400,"label":" ","price":25.75},{"type":"A","date":"2018-03-20T02:44:34.000Z","volume":100,"label":" ","price":25.8},{"type":"A","date":"2018-03-20T02:44:35.000Z","volume":200,"label":"Y","price":25.8},{"type":"A","date":"2018-03-20T02:44:35.000Z","volume":1200,"label":" ","price":25.8},{"type":"A","date":"2018-03-20T02:44:36.000Z","volume":200,"label":"Y","price":25.8},{"type":"A","date":"2018-03-20T02:44:36.000Z","volume":400,"label":" ","price":25.8},{"type":"B","date":"2018-03-20T02:44:39.000Z","volume":1200,"label":" ","price":25.7},{"type":"A","date":"2018-03-20T02:45:47.000Z","volume":100,"label":" ","price":25.75},{"type":"A","date":"2018-03-20T02:45:48.000Z","volume":500,"label":" ","price":25.75},{"type":"A","date":"2018-03-20T02:56:47.000Z","volume":100,"label":" ","price":25.75},{"type":"B","date":"2018-03-20T03:05:41.000Z","volume":100,"label":" ","price":25.7},{"type":"B","date":"2018-03-20T03:14:31.000Z","volume":100,"label":" ","price":25.7},{"type":"A","date":"2018-03-20T03:16:47.000Z","volume":100,"label":" ","price":25.75},{"type":"A","date":"2018-03-20T03:16:47.000Z","volume":100,"label":" ","price":25.75},{"type":"B","date":"2018-03-20T03:23:58.000Z","volume":100,"label":" ","price":25.7},{"type":"A","date":"2018-03-20T03:29:32.000Z","volume":100,"label":" ","price":25.75},{"type":"B","date":"2018-03-20T03:29:32.000Z","volume":100,"label":" ","price":25.7},{"type":"B","date":"2018-03-20T03:29:33.000Z","volume":600,"label":" ","price":25.7},{"type":"A","date":"2018-03-20T03:32:13.000Z","volume":2000,"label":" ","price":25.75},{"type":"B","date":"2018-03-20T03:34:11.000Z","volume":100,"label":" ","price":25.7},{"type":"A","date":"2018-03-20T03:35:47.000Z","volume":100,"label":" ","price":25.75},{"type":"A","date":"2018-03-20T03:42:02.000Z","volume":100,"label":" ","price":25.75},{"type":"A","date":"2018-03-20T03:43:30.000Z","volume":5000,"label":" ","price":25.75},{"type":"B","date":"2018-03-20T03:43:30.000Z","volume":200,"label":" ","price":25.7},{"type":"B","date":"2018-03-20T03:45:38.000Z","volume":100,"label":" ","price":25.7},{"type":"A","date":"2018-03-20T03:55:30.000Z","volume":4000,"label":" ","price":25.75},{"type":"B","date":"2018-03-20T03:59:22.000Z","volume":100,"label":" ","price":25.7},{"type":"A","date":"2018-03-20T03:59:27.000Z","volume":100,"label":" ","price":25.75},{"type":"A","date":"2018-03-20T05:12:08.000Z","volume":100,"label":" ","price":25.75},{"type":"B","date":"2018-03-20T05:12:08.000Z","volume":500,"label":" ","price":25.7},{"type":"B","date":"2018-03-20T05:13:39.000Z","volume":100,"label":" ","price":25.7},{"type":"A","date":"2018-03-20T05:14:02.000Z","volume":100,"label":" ","price":25.75},{"type":"A","date":"2018-03-20T05:18:55.000Z","volume":1000,"label":" ","price":25.75},{"type":"B","date":"2018-03-20T05:25:01.000Z","volume":100,"label":" ","price":25.7},{"type":"A","date":"2018-03-20T05:29:47.000Z","volume":100,"label":" ","price":25.75},{"type":"A","date":"2018-03-20T05:32:38.000Z","volume":1600,"label":" ","price":25.75},{"type":"B","date":"2018-03-20T05:32:38.000Z","volume":100,"label":" ","price":25.7},{"type":"A","date":"2018-03-20T05:32:38.000Z","volume":500,"label":" ","price":25.75},{"type":"B","date":"2018-03-20T05:35:32.000Z","volume":100,"label":" ","price":25.7},{"type":"A","date":"2018-03-20T05:41:47.000Z","volume":100,"label":" ","price":25.75},{"type":"B","date":"2018-03-20T05:41:47.000Z","volume":300,"label":" ","price":25.7},{"type":"B","date":"2018-03-20T05:45:38.000Z","volume":100,"label":" ","price":25.7},{"type":"B","date":"2018-03-20T05:50:27.000Z","volume":2300,"label":" ","price":25.7},{"type":"A","date":"2018-03-20T05:52:32.000Z","volume":100,"label":" ","price":25.75},{"type":"B","date":"2018-03-20T05:55:44.000Z","volume":100,"label":" ","price":25.7},{"type":"B","date":"2018-03-20T06:00:30.000Z","volume":300,"label":" ","price":25.7},{"type":"A","date":"2018-03-20T06:02:47.000Z","volume":100,"label":" ","price":25.75},{"type":"A","date":"2018-03-20T06:04:19.000Z","volume":1200,"label":" ","price":25.75},{"type":"A","date":"2018-03-20T06:04:21.000Z","volume":400,"label":" ","price":25.75},{"type":"A","date":"2018-03-20T06:05:47.000Z","volume":300,"label":" ","price":25.75},{"type":"B","date":"2018-03-20T06:06:00.000Z","volume":100,"label":" ","price":25.7},{"type":"A","date":"2018-03-20T06:08:32.000Z","volume":100,"label":" ","price":25.75},{"type":"A","date":"2018-03-20T06:11:24.000Z","volume":2500,"label":" ","price":25.75},{"type":"A","date":"2018-03-20T06:11:30.000Z","volume":1000,"label":" ","price":25.75},{"type":"A","date":"2018-03-20T06:11:32.000Z","volume":400,"label":" ","price":25.75},{"type":"A","date":"2018-03-20T06:12:42.000Z","volume":500,"label":" ","price":25.75},{"type":"B","date":"2018-03-20T06:16:30.000Z","volume":100,"label":" ","price":25.7},{"type":"A","date":"2018-03-20T06:16:32.000Z","volume":100,"label":" ","price":25.75},{"type":"A","date":"2018-03-20T06:16:50.000Z","volume":900,"label":"Y","price":25.75},{"type":"A","date":"2018-03-20T06:16:50.000Z","volume":19100,"label":" ","price":25.75},{"type":"A","date":"2018-03-20T06:16:50.000Z","volume":1200,"label":" ","price":25.75},{"type":"A","date":"2018-03-20T06:16:50.000Z","volume":200,"label":" ","price":25.75},{"type":"A","date":"2018-03-20T06:16:50.000Z","volume":200,"label":"Y","price":25.75},{"type":"A","date":"2018-03-20T06:16:50.000Z","volume":1000,"label":" ","price":25.75},{"type":"A","date":"2018-03-20T06:16:52.000Z","volume":500,"label":" ","price":25.75},{"type":"A","date":"2018-03-20T06:17:12.000Z","volume":800,"label":" ","price":25.75},{"type":"A","date":"2018-03-20T06:17:13.000Z","volume":400,"label":" ","price":25.75},{"type":"A","date":"2018-03-20T06:17:51.000Z","volume":5000,"label":" ","price":25.75},{"type":"A","date":"2018-03-20T06:17:51.000Z","volume":600,"label":" ","price":25.75},{"type":"A","date":"2018-03-20T06:18:00.000Z","volume":9200,"label":" ","price":25.75},{"type":"A","date":"2018-03-20T06:18:01.000Z","volume":700,"label":" ","price":25.8},{"type":"A","date":"2018-03-20T06:18:05.000Z","volume":100,"label":" ","price":25.8},{"type":"A","date":"2018-03-20T06:18:10.000Z","volume":800,"label":" ","price":25.8},{"type":"A","date":"2018-03-20T06:18:10.000Z","volume":400,"label":" ","price":25.8},{"type":"A","date":"2018-03-20T06:18:12.000Z","volume":700,"label":" ","price":25.8},{"type":"A","date":"2018-03-20T06:18:15.000Z","volume":100,"label":" ","price":25.8},{"type":"A","date":"2018-03-20T06:18:43.000Z","volume":200,"label":" ","price":25.8},{"type":"A","date":"2018-03-20T06:19:02.000Z","volume":8000,"label":" ","price":25.8},{"type":"A","date":"2018-03-20T06:22:09.000Z","volume":3800,"label":" ","price":25.85},{"type":"A","date":"2018-03-20T06:22:09.000Z","volume":13100,"label":" ","price":25.9},{"type":"A","date":"2018-03-20T06:22:09.000Z","volume":7300,"label":" ","price":25.95},{"type":"A","date":"2018-03-20T06:22:09.000Z","volume":20100,"label":" ","price":26},{"type":"B","date":"2018-03-20T06:22:11.000Z","volume":2300,"label":" ","price":26},{"type":"B","date":"2018-03-20T06:22:11.000Z","volume":4900,"label":" ","price":26},{"type":"B","date":"2018-03-20T06:22:12.000Z","volume":11700,"label":" ","price":26},{"type":"B","date":"2018-03-20T06:22:12.000Z","volume":1000,"label":" ","price":26},{"type":"A","date":"2018-03-20T06:22:12.000Z","volume":2600,"label":" ","price":26.05},{"type":"B","date":"2018-03-20T06:22:13.000Z","volume":1900,"label":" ","price":26},{"type":"A","date":"2018-03-20T06:22:14.000Z","volume":700,"label":" ","price":26.05},{"type":"B","date":"2018-03-20T06:22:16.000Z","volume":800,"label":" ","price":26},{"type":"B","date":"2018-03-20T06:22:18.000Z","volume":2500,"label":" ","price":26},{"type":"B","date":"2018-03-20T06:22:40.000Z","volume":7800,"label":" ","price":26},{"type":"B","date":"2018-03-20T06:22:45.000Z","volume":11000,"label":" ","price":26},{"type":"B","date":"2018-03-20T06:22:45.000Z","volume":2100,"label":" ","price":26},{"type":"B","date":"2018-03-20T06:22:45.000Z","volume":1600,"label":" ","price":26},{"type":"B","date":"2018-03-20T06:22:45.000Z","volume":1000,"label":" ","price":26},{"type":"B","date":"2018-03-20T06:22:45.000Z","volume":800,"label":" ","price":26},{"type":"B","date":"2018-03-20T06:22:47.000Z","volume":200,"label":" ","price":26},{"type":"B","date":"2018-03-20T06:22:47.000Z","volume":300,"label":" ","price":26},{"type":"B","date":"2018-03-20T06:22:47.000Z","volume":100,"label":" ","price":26},{"type":"B","date":"2018-03-20T06:22:47.000Z","volume":100,"label":" ","price":26},{"type":"B","date":"2018-03-20T06:22:48.000Z","volume":1500,"label":" ","price":26},{"type":"B","date":"2018-03-20T06:22:51.000Z","volume":1200,"label":" ","price":26},{"type":"A","date":"2018-03-20T06:23:09.000Z","volume":600,"label":" ","price":26.05},{"type":"U","date":"2018-03-20T06:23:10.000Z","volume":100,"label":"X","price":26},{"type":"B","date":"2018-03-20T06:25:26.000Z","volume":4700,"label":" ","price":26},{"type":"B","date":"2018-03-20T06:25:42.000Z","volume":1200,"label":" ","price":25.9},{"type":"B","date":"2018-03-20T06:25:44.000Z","volume":300,"label":" ","price":25.9},{"type":"B","date":"2018-03-20T06:26:00.000Z","volume":5000,"label":" ","price":25.9},{"type":"B","date":"2018-03-20T06:26:00.000Z","volume":400,"label":" ","price":25.9},{"type":"B","date":"2018-03-20T06:26:09.000Z","volume":5000,"label":" ","price":25.9},{"type":"B","date":"2018-03-20T06:26:36.000Z","volume":4600,"label":" ","price":25.9},{"type":"B","date":"2018-03-20T06:27:05.000Z","volume":5000,"label":" ","price":25.85},{"type":"U","date":"2018-03-20T06:27:11.000Z","volume":300,"label":"X","price":25.85},{"type":"B","date":"2018-03-20T06:27:33.000Z","volume":800,"label":" ","price":25.8},{"type":"B","date":"2018-03-20T06:27:35.000Z","volume":1900,"label":" ","price":25.8},{"type":"A","date":"2018-03-20T06:27:43.000Z","volume":21100,"label":" ","price":25.85},{"type":"A","date":"2018-03-20T06:27:43.000Z","volume":14400,"label":" ","price":25.9},{"type":"A","date":"2018-03-20T06:27:43.000Z","volume":15200,"label":" ","price":25.95},{"type":"A","date":"2018-03-20T06:27:43.000Z","volume":300,"label":" ","price":26},{"type":"A","date":"2018-03-20T06:27:45.000Z","volume":1600,"label":" ","price":26.05},{"type":"A","date":"2018-03-20T06:27:47.000Z","volume":600,"label":" ","price":26.05},{"type":"A","date":"2018-03-20T06:27:57.000Z","volume":600,"label":" ","price":26.05},{"type":"A","date":"2018-03-20T06:28:15.000Z","volume":500,"label":" ","price":26.05},{"type":"U","date":"2018-03-20T06:28:20.000Z","volume":1500,"label":"X","price":26.05},{"type":"B","date":"2018-03-20T06:28:27.000Z","volume":10000,"label":" ","price":26},{"type":"A","date":"2018-03-20T06:28:29.000Z","volume":700,"label":" ","price":26.05},{"type":"A","date":"2018-03-20T06:28:31.000Z","volume":500,"label":" ","price":26.05},{"type":"B","date":"2018-03-20T06:28:46.000Z","volume":10000,"label":" ","price":26},{"type":"A","date":"2018-03-20T06:28:46.000Z","volume":600,"label":" ","price":26.05},{"type":"B","date":"2018-03-20T06:29:30.000Z","volume":5000,"label":" ","price":26},{"type":"A","date":"2018-03-20T06:29:30.000Z","volume":600,"label":" ","price":26.05},{"type":"B","date":"2018-03-20T06:29:30.000Z","volume":700,"label":" ","price":26},{"type":"B","date":"2018-03-20T06:29:30.000Z","volume":1500,"label":" ","price":26},{"type":"B","date":"2018-03-20T06:29:33.000Z","volume":2500,"label":" ","price":26},{"type":"B","date":"2018-03-20T06:29:35.000Z","volume":5000,"label":" ","price":26},{"type":"B","date":"2018-03-20T06:29:35.000Z","volume":400,"label":" ","price":26},{"type":"A","date":"2018-03-20T06:29:35.000Z","volume":500,"label":" ","price":26.05},{"type":"B","date":"2018-03-20T06:29:46.000Z","volume":5000,"label":" ","price":26},{"type":"B","date":"2018-03-20T06:29:46.000Z","volume":500,"label":" ","price":26},{"type":"A","date":"2018-03-20T06:29:48.000Z","volume":500,"label":" ","price":26.05},{"type":"B","date":"2018-03-20T06:29:53.000Z","volume":900,"label":" ","price":26},{"type":"B","date":"2018-03-20T06:29:53.000Z","volume":700,"label":" ","price":26},{"type":"B","date":"2018-03-20T06:29:53.000Z","volume":1600,"label":" ","price":26},{"type":"B","date":"2018-03-20T06:29:53.000Z","volume":200,"label":" ","price":26},{"type":"B","date":"2018-03-20T06:29:53.000Z","volume":900,"label":" ","price":26},{"type":"B","date":"2018-03-20T06:29:54.000Z","volume":100,"label":" ","price":26},{"type":"A","date":"2018-03-20T06:29:54.000Z","volume":500,"label":" ","price":26.05},{"type":"B","date":"2018-03-20T06:29:55.000Z","volume":2100,"label":" ","price":26},{"type":"B","date":"2018-03-20T06:29:55.000Z","volume":1900,"label":" ","price":26},{"type":"B","date":"2018-03-20T06:30:39.000Z","volume":1500,"label":" ","price":25.8},{"type":"B","date":"2018-03-20T06:31:33.000Z","volume":2700,"label":"Y","price":25.8},{"type":"B","date":"2018-03-20T06:31:33.000Z","volume":2300,"label":" ","price":25.8},{"type":"B","date":"2018-03-20T06:31:35.000Z","volume":200,"label":" ","price":25.8},{"type":"B","date":"2018-03-20T06:31:36.000Z","volume":200,"label":" ","price":25.8},{"type":"A","date":"2018-03-20T06:31:47.000Z","volume":20000,"label":" ","price":25.85},{"type":"A","date":"2018-03-20T06:31:47.000Z","volume":300,"label":" ","price":25.85},{"type":"A","date":"2018-03-20T06:32:32.000Z","volume":1000,"label":" ","price":25.85},{"type":"A","date":"2018-03-20T06:32:51.000Z","volume":12300,"label":" ","price":25.85},{"type":"B","date":"2018-03-20T06:32:53.000Z","volume":200,"label":" ","price":25.85},{"type":"B","date":"2018-03-20T06:32:56.000Z","volume":2600,"label":" ","price":25.85},{"type":"B","date":"2018-03-20T06:32:56.000Z","volume":1900,"label":"Y","price":25.8},{"type":"B","date":"2018-03-20T06:32:56.000Z","volume":500,"label":" ","price":25.8},{"type":"B","date":"2018-03-20T06:32:57.000Z","volume":200,"label":" ","price":25.8},{"type":"B","date":"2018-03-20T06:32:59.000Z","volume":200,"label":" ","price":25.8},{"type":"B","date":"2018-03-20T06:33:44.000Z","volume":5000,"label":" ","price":25.8},{"type":"B","date":"2018-03-20T06:33:44.000Z","volume":200,"label":" ","price":25.8},{"type":"B","date":"2018-03-20T06:33:46.000Z","volume":300,"label":" ","price":25.8},{"type":"A","date":"2018-03-20T06:33:47.000Z","volume":600,"label":" ","price":25.85},{"type":"B","date":"2018-03-20T06:33:49.000Z","volume":5000,"label":" ","price":25.8},{"type":"B","date":"2018-03-20T06:33:49.000Z","volume":400,"label":" ","price":25.8},{"type":"A","date":"2018-03-20T06:33:50.000Z","volume":600,"label":" ","price":25.85},{"type":"B","date":"2018-03-20T06:33:57.000Z","volume":1900,"label":"Y","price":25.8},{"type":"B","date":"2018-03-20T06:33:57.000Z","volume":3100,"label":" ","price":25.8},{"type":"A","date":"2018-03-20T06:33:58.000Z","volume":500,"label":" ","price":25.85},{"type":"B","date":"2018-03-20T06:34:00.000Z","volume":200,"label":" ","price":25.8},{"type":"B","date":"2018-03-20T06:34:02.000Z","volume":400,"label":" ","price":25.8},{"type":"B","date":"2018-03-20T06:34:13.000Z","volume":2500,"label":"Y","price":25.8},{"type":"B","date":"2018-03-20T06:34:13.000Z","volume":2500,"label":" ","price":25.8},{"type":"B","date":"2018-03-20T06:34:13.000Z","volume":200,"label":" ","price":25.8},{"type":"B","date":"2018-03-20T06:34:15.000Z","volume":200,"label":" ","price":25.8},{"type":"B","date":"2018-03-20T06:35:05.000Z","volume":2000,"label":"Y","price":25.8},{"type":"B","date":"2018-03-20T06:35:05.000Z","volume":1100,"label":" ","price":25.8},{"type":"B","date":"2018-03-20T06:35:06.000Z","volume":100,"label":" ","price":25.75},{"type":"A","date":"2018-03-20T06:35:10.000Z","volume":100,"label":" ","price":25.8},{"type":"B","date":"2018-03-20T06:35:12.000Z","volume":200,"label":" ","price":25.75},{"type":"B","date":"2018-03-20T06:36:17.000Z","volume":5000,"label":" ","price":25.75},{"type":"B","date":"2018-03-20T06:36:17.000Z","volume":400,"label":" ","price":25.75},{"type":"A","date":"2018-03-20T06:36:23.000Z","volume":14200,"label":" ","price":25.8},{"type":"A","date":"2018-03-20T06:36:25.000Z","volume":700,"label":" ","price":25.85},{"type":"A","date":"2018-03-20T06:36:26.000Z","volume":400,"label":" ","price":25.85},{"type":"B","date":"2018-03-20T06:36:33.000Z","volume":2900,"label":" ","price":25.8},{"type":"B","date":"2018-03-20T06:36:33.000Z","volume":300,"label":" ","price":25.75},{"type":"B","date":"2018-03-20T06:36:35.000Z","volume":200,"label":" ","price":25.75},{"type":"U","date":"2018-03-20T06:36:41.000Z","volume":800,"label":"X","price":25.8},{"type":"U","date":"2018-03-20T06:36:41.000Z","volume":200,"label":"X","price":25.85},{"type":"B","date":"2018-03-20T06:37:47.000Z","volume":10000,"label":" ","price":25.75},{"type":"B","date":"2018-03-20T06:37:47.000Z","volume":400,"label":" ","price":25.75},{"type":"B","date":"2018-03-20T06:37:49.000Z","volume":500,"label":" ","price":25.75},{"type":"A","date":"2018-03-20T06:37:49.000Z","volume":3000,"label":" ","price":25.8},{"type":"A","date":"2018-03-20T06:37:49.000Z","volume":600,"label":" ","price":25.8},{"type":"U","date":"2018-03-20T06:38:11.000Z","volume":100,"label":"X","price":25.8},{"type":"B","date":"2018-03-20T06:38:38.000Z","volume":2000,"label":"Y","price":25.75},{"type":"B","date":"2018-03-20T06:38:38.000Z","volume":3000,"label":" ","price":25.75},{"type":"B","date":"2018-03-20T06:38:38.000Z","volume":300,"label":" ","price":25.75},{"type":"B","date":"2018-03-20T06:38:40.000Z","volume":300,"label":" ","price":25.75},{"type":"U","date":"2018-03-20T06:38:51.000Z","volume":100,"label":"X","price":25.8},{"type":"A","date":"2018-03-20T06:39:17.000Z","volume":300,"label":"Y","price":25.8},{"type":"A","date":"2018-03-20T06:39:17.000Z","volume":9700,"label":" ","price":25.8},{"type":"A","date":"2018-03-20T06:39:17.000Z","volume":1000,"label":" ","price":25.8},{"type":"A","date":"2018-03-20T06:39:18.000Z","volume":500,"label":" ","price":25.85},{"type":"A","date":"2018-03-20T06:47:51.000Z","volume":100,"label":" ","price":25.85},{"type":"A","date":"2018-03-20T06:47:51.000Z","volume":100,"label":" ","price":25.85},{"type":"B","date":"2018-03-20T06:48:30.000Z","volume":10000,"label":" ","price":25.8},{"type":"B","date":"2018-03-20T06:48:30.000Z","volume":900,"label":" ","price":25.8},{"type":"A","date":"2018-03-20T06:48:31.000Z","volume":800,"label":" ","price":25.85},{"type":"B","date":"2018-03-20T06:48:39.000Z","volume":10000,"label":" ","price":25.8},{"type":"B","date":"2018-03-20T06:48:39.000Z","volume":300,"label":" ","price":25.8},{"type":"B","date":"2018-03-20T06:48:42.000Z","volume":500,"label":" ","price":25.75},{"type":"B","date":"2018-03-20T06:49:39.000Z","volume":10000,"label":" ","price":25.75},{"type":"B","date":"2018-03-20T06:49:39.000Z","volume":800,"label":" ","price":25.75},{"type":"B","date":"2018-03-20T06:49:39.000Z","volume":200,"label":" ","price":25.75},{"type":"A","date":"2018-03-20T06:50:33.000Z","volume":9400,"label":" ","price":25.8},{"type":"U","date":"2018-03-20T06:54:12.000Z","volume":100,"label":"X","price":25.85},{"type":"B","date":"2018-03-20T06:57:04.000Z","volume":100,"label":" ","price":25.8},{"type":"B","date":"2018-03-20T06:57:14.000Z","volume":5000,"label":" ","price":25.8},{"type":"B","date":"2018-03-20T06:57:14.000Z","volume":300,"label":" ","price":25.8},{"type":"B","date":"2018-03-20T06:57:15.000Z","volume":300,"label":" ","price":25.8},{"type":"U","date":"2018-03-20T06:57:42.000Z","volume":100,"label":"X","price":25.85},{"type":"A","date":"2018-03-20T06:58:22.000Z","volume":4000,"label":" ","price":25.85},{"type":"B","date":"2018-03-20T06:58:22.000Z","volume":100,"label":" ","price":25.8},{"type":"A","date":"2018-03-20T06:59:57.000Z","volume":100,"label":" ","price":25.85},{"type":"A","date":"2018-03-20T06:59:57.000Z","volume":100,"label":" ","price":25.85},{"type":"A","date":"2018-03-20T07:02:41.000Z","volume":3000,"label":" ","price":25.85},{"type":"A","date":"2018-03-20T07:02:47.000Z","volume":100,"label":" ","price":25.85},{"type":"A","date":"2018-03-20T07:09:02.000Z","volume":8100,"label":" ","price":25.85},{"type":"B","date":"2018-03-20T07:17:21.000Z","volume":10000,"label":" ","price":25.85},{"type":"B","date":"2018-03-20T07:17:25.000Z","volume":2900,"label":" ","price":25.85},{"type":"B","date":"2018-03-20T07:17:25.000Z","volume":900,"label":" ","price":25.8},{"type":"B","date":"2018-03-20T07:17:25.000Z","volume":200,"label":" ","price":25.8},{"type":"B","date":"2018-03-20T07:17:27.000Z","volume":200,"label":" ","price":25.8},{"type":"B","date":"2018-03-20T07:17:29.000Z","volume":300,"label":" ","price":25.8},{"type":"U","date":"2018-03-20T07:17:43.000Z","volume":200,"label":"X","price":25.85},{"type":"A","date":"2018-03-20T07:18:48.000Z","volume":500,"label":" ","price":25.85},{"type":"B","date":"2018-03-20T07:19:24.000Z","volume":100,"label":" ","price":25.8},{"type":"A","date":"2018-03-20T07:21:43.000Z","volume":800,"label":" ","price":25.85},{"type":"A","date":"2018-03-20T07:23:29.000Z","volume":600,"label":" ","price":25.85},{"type":"A","date":"2018-03-20T07:23:56.000Z","volume":500,"label":" ","price":25.85},{"type":"B","date":"2018-03-20T07:25:15.000Z","volume":100,"label":" ","price":25.8},{"type":"B","date":"2018-03-20T07:30:28.000Z","volume":100,"label":" ","price":25.8},{"type":"A","date":"2018-03-20T07:32:28.000Z","volume":1500,"label":" ","price":25.85},{"type":"B","date":"2018-03-20T07:32:30.000Z","volume":300,"label":" ","price":25.8},{"type":"B","date":"2018-03-20T07:35:12.000Z","volume":100,"label":" ","price":25.8},{"type":"B","date":"2018-03-20T07:35:26.000Z","volume":10000,"label":" ","price":25.8},{"type":"B","date":"2018-03-20T07:35:26.000Z","volume":800,"label":" ","price":25.8},{"type":"B","date":"2018-03-20T07:35:26.000Z","volume":100,"label":" ","price":25.8},{"type":"B","date":"2018-03-20T07:36:06.000Z","volume":5000,"label":" ","price":25.8},{"type":"B","date":"2018-03-20T07:36:06.000Z","volume":400,"label":" ","price":25.8},{"type":"B","date":"2018-03-20T07:39:29.000Z","volume":100,"label":" ","price":25.8},{"type":"A","date":"2018-03-20T07:40:32.000Z","volume":100,"label":" ","price":25.85},{"type":"A","date":"2018-03-20T07:40:42.000Z","volume":20000,"label":" ","price":25.85},{"type":"B","date":"2018-03-20T07:40:44.000Z","volume":800,"label":" ","price":25.8},{"type":"B","date":"2018-03-20T07:40:45.000Z","volume":100,"label":" ","price":25.8},{"type":"U","date":"2018-03-20T07:40:52.000Z","volume":200,"label":"X","price":25.85},{"type":"B","date":"2018-03-20T07:43:26.000Z","volume":100,"label":" ","price":25.8},{"type":"A","date":"2018-03-20T07:44:47.000Z","volume":800,"label":" ","price":25.85},{"type":"B","date":"2018-03-20T07:44:48.000Z","volume":300,"label":" ","price":25.8},{"type":"A","date":"2018-03-20T07:44:56.000Z","volume":100,"label":" ","price":25.85},{"type":"B","date":"2018-03-20T07:46:26.000Z","volume":100,"label":" ","price":25.8},{"type":"A","date":"2018-03-20T07:46:52.000Z","volume":2900,"label":" ","price":25.85},{"type":"B","date":"2018-03-20T07:46:54.000Z","volume":100,"label":" ","price":25.8},{"type":"B","date":"2018-03-20T07:46:54.000Z","volume":8000,"label":" ","price":25.8},{"type":"A","date":"2018-03-20T07:46:55.000Z","volume":100,"label":" ","price":25.85},{"type":"A","date":"2018-03-20T07:46:56.000Z","volume":300,"label":" ","price":25.85},{"type":"A","date":"2018-03-20T07:47:31.000Z","volume":300,"label":" ","price":25.85},{"type":"A","date":"2018-03-20T07:48:56.000Z","volume":100,"label":" ","price":25.85},{"type":"B","date":"2018-03-20T07:48:56.000Z","volume":5000,"label":" ","price":25.8},{"type":"B","date":"2018-03-20T07:48:58.000Z","volume":1100,"label":" ","price":25.8},{"type":"B","date":"2018-03-20T07:49:18.000Z","volume":100,"label":" ","price":25.8},{"type":"A","date":"2018-03-20T07:49:26.000Z","volume":100,"label":" ","price":25.85},{"type":"A","date":"2018-03-20T07:50:26.000Z","volume":100,"label":" ","price":25.85},{"type":"A","date":"2018-03-20T07:50:56.000Z","volume":100,"label":" ","price":25.85},{"type":"A","date":"2018-03-20T07:51:56.000Z","volume":100,"label":" ","price":25.85},{"type":"B","date":"2018-03-20T07:52:01.000Z","volume":10000,"label":" ","price":25.8},{"type":"B","date":"2018-03-20T07:52:01.000Z","volume":900,"label":" ","price":25.8},{"type":"B","date":"2018-03-20T07:52:03.000Z","volume":100,"label":" ","price":25.8},{"type":"A","date":"2018-03-20T07:52:17.000Z","volume":5000,"label":" ","price":25.85},{"type":"A","date":"2018-03-20T07:52:26.000Z","volume":100,"label":" ","price":25.85},{"type":"U","date":"2018-03-20T07:52:45.000Z","volume":100,"label":"X","price":25.85},{"type":"A","date":"2018-03-20T07:52:45.000Z","volume":3000,"label":" ","price":25.85},{"type":"A","date":"2018-03-20T07:52:49.000Z","volume":3900,"label":" ","price":25.85},{"type":"A","date":"2018-03-20T07:53:55.000Z","volume":100,"label":" ","price":25.9},{"type":"B","date":"2018-03-20T07:54:41.000Z","volume":100,"label":" ","price":25.85},{"type":"A","date":"2018-03-20T07:56:26.000Z","volume":100,"label":" ","price":25.9},{"type":"A","date":"2018-03-20T07:56:56.000Z","volume":100,"label":" ","price":25.9},{"type":"B","date":"2018-03-20T07:57:05.000Z","volume":100,"label":" ","price":25.85},{"type":"A","date":"2018-03-20T07:57:26.000Z","volume":100,"label":" ","price":25.9},{"type":"A","date":"2018-03-20T07:57:56.000Z","volume":100,"label":" ","price":25.9},{"type":"A","date":"2018-03-20T07:58:09.000Z","volume":100,"label":" ","price":25.9},{"type":"A","date":"2018-03-20T07:58:32.000Z","volume":100,"label":" ","price":25.9},{"type":"A","date":"2018-03-20T07:58:56.000Z","volume":100,"label":" ","price":25.9},{"type":"A","date":"2018-03-20T07:59:26.000Z","volume":200,"label":" ","price":25.9},{"type":"A","date":"2018-03-20T07:59:26.000Z","volume":2200,"label":" ","price":25.9},{"type":"A","date":"2018-03-20T07:59:28.000Z","volume":6000,"label":" ","price":25.9},{"type":"A","date":"2018-03-20T07:59:30.000Z","volume":100,"label":" ","price":25.9},{"type":"A","date":"2018-03-20T07:59:37.000Z","volume":200,"label":"Y","price":25.9},{"type":"A","date":"2018-03-20T07:59:37.000Z","volume":1100,"label":" ","price":25.9},{"type":"B","date":"2018-03-20T07:59:47.000Z","volume":100,"label":" ","price":25.85},{"type":"B","date":"2018-03-20T07:59:47.000Z","volume":100,"label":" ","price":25.85},{"type":"A","date":"2018-03-20T07:59:55.000Z","volume":100,"label":" ","price":25.9},{"type":"U","date":"2018-03-20T08:08:31.000Z","volume":600,"label":"U","price":25.85}]