[{"type":"B","date":"2018-04-13T01:41:27.000Z","volume":100000,"label":" ","price":0.049},{"type":"B","date":"2018-04-13T01:47:11.000Z","volume":130000,"label":" ","price":0.049},{"type":"B","date":"2018-04-13T01:53:02.000Z","volume":10000,"label":" ","price":0.049},{"type":"A","date":"2018-04-13T01:55:55.000Z","volume":1540000,"label":" ","price":0.05},{"type":"B","date":"2018-04-13T01:58:37.000Z","volume":10000,"label":" ","price":0.05},{"type":"B","date":"2018-04-13T01:58:58.000Z","volume":1250000,"label":" ","price":0.05},{"type":"B","date":"2018-04-13T02:13:40.000Z","volume":10000,"label":" ","price":0.049},{"type":"A","date":"2018-04-13T02:20:44.000Z","volume":60000,"label":" ","price":0.05},{"type":"A","date":"2018-04-13T02:26:50.000Z","volume":120000,"label":" ","price":0.05},{"type":"B","date":"2018-04-13T02:34:52.000Z","volume":200000,"label":" ","price":0.049},{"type":"B","date":"2018-04-13T02:39:26.000Z","volume":280000,"label":"Y","price":0.049},{"type":"B","date":"2018-04-13T03:19:31.000Z","volume":10000,"label":" ","price":0.049},{"type":"B","date":"2018-04-13T03:21:25.000Z","volume":200000,"label":" ","price":0.049},{"type":"B","date":"2018-04-13T03:22:00.000Z","volume":20000,"label":" ","price":0.049},{"type":"B","date":"2018-04-13T06:39:09.000Z","volume":4250000,"label":" ","price":0.049},{"type":"B","date":"2018-04-13T06:39:09.000Z","volume":1860000,"label":" ","price":0.048},{"type":"B","date":"2018-04-13T06:39:09.000Z","volume":4250000,"label":" ","price":0.047},{"type":"B","date":"2018-04-13T06:39:09.000Z","volume":780000,"label":" ","price":0.046},{"type":"B","date":"2018-04-13T06:39:09.000Z","volume":4500000,"label":" ","price":0.045},{"type":"B","date":"2018-04-13T06:39:09.000Z","volume":3780000,"label":" ","price":0.044},{"type":"A","date":"2018-04-13T06:39:18.000Z","volume":1500000,"label":" ","price":0.045},{"type":"A","date":"2018-04-13T06:39:20.000Z","volume":500000,"label":" ","price":0.045},{"type":"A","date":"2018-04-13T06:39:34.000Z","volume":500000,"label":" ","price":0.046},{"type":"A","date":"2018-04-13T06:39:34.000Z","volume":200000,"label":" ","price":0.046},{"type":"B","date":"2018-04-13T07:02:13.000Z","volume":20000,"label":" ","price":0.046},{"type":"B","date":"2018-04-13T07:12:03.000Z","volume":1000000,"label":" ","price":0.046},{"type":"B","date":"2018-04-13T07:17:45.000Z","volume":100000,"label":" ","price":0.046},{"type":"A","date":"2018-04-13T07:19:17.000Z","volume":500000,"label":" ","price":0.047},{"type":"A","date":"2018-04-13T07:20:07.000Z","volume":1080000,"label":" ","price":0.047},{"type":"A","date":"2018-04-13T07:26:55.000Z","volume":100000,"label":" ","price":0.047},{"type":"B","date":"2018-04-13T07:41:09.000Z","volume":210000,"label":" ","price":0.047},{"type":"B","date":"2018-04-13T07:42:16.000Z","volume":500000,"label":" ","price":0.047},{"type":"B","date":"2018-04-13T07:45:40.000Z","volume":300000,"label":" ","price":0.047},{"type":"B","date":"2018-04-13T07:51:15.000Z","volume":160000,"label":" ","price":0.047},{"type":"A","date":"2018-04-13T07:52:36.000Z","volume":240000,"label":" ","price":0.047},{"type":"A","date":"2018-04-13T07:52:46.000Z","volume":190000,"label":" ","price":0.047},{"type":"B","date":"2018-04-13T07:52:48.000Z","volume":10000,"label":" ","price":0.047},{"type":"A","date":"2018-04-13T07:55:00.000Z","volume":770000,"label":" ","price":0.047},{"type":"A","date":"2018-04-13T07:58:23.000Z","volume":100000,"label":" ","price":0.047},{"type":"A","date":"2018-04-13T07:59:53.000Z","volume":10000,"label":" ","price":0.048}]