[{"type":"A","date":"2018-03-20T07:55:26.000Z","volume":5000,"price":33.8,"category":"ubbull"},{"type":"A","date":"2018-03-20T07:55:02.000Z","volume":9500,"price":33.8,"category":"ubbull"},{"type":"A","date":"2018-03-20T07:52:15.000Z","volume":5000,"price":33.8,"category":"ubbull"},{"type":"A","date":"2018-03-20T07:51:06.000Z","volume":8000,"price":33.8,"category":"ubbull"},{"type":"A","date":"2018-03-20T07:50:02.000Z","volume":16500,"price":33.8,"category":"ubbull"},{"type":"A","date":"2018-03-20T07:31:42.000Z","volume":5500,"price":33.8,"category":"ubbull"},{"type":"A","date":"2018-03-20T07:31:42.000Z","volume":21500,"price":33.8,"category":"ubbull"},{"type":"A","date":"2018-03-20T07:04:40.000Z","volume":6000,"price":33.9,"category":"ubbull"},{"type":"A","date":"2018-03-20T07:01:16.000Z","volume":4000,"price":33.85,"category":"ubbull"},{"type":"A","date":"2018-03-20T07:01:16.000Z","volume":15500,"price":33.8,"category":"ubbull"},{"type":"A","date":"2018-03-20T06:20:32.000Z","volume":9000,"price":33.85,"category":"ubbull"},{"type":"A","date":"2018-03-20T06:20:32.000Z","volume":15500,"price":33.8,"category":"ubbull"},{"type":"A","date":"2018-03-20T06:20:32.000Z","volume":10000,"price":33.8,"category":"ubbull"},{"type":"A","date":"2018-03-20T05:00:12.000Z","volume":13000,"price":34,"category":"ubbull"},{"type":"A","date":"2018-03-20T03:30:04.000Z","volume":5000,"price":33.9,"category":"ubbull"},{"type":"A","date":"2018-03-20T03:30:03.000Z","volume":7500,"price":33.85,"category":"ubbull"},{"type":"A","date":"2018-03-20T03:28:56.000Z","volume":10000,"price":33.8,"category":"ubbull"},{"type":"A","date":"2018-03-20T03:25:20.000Z","volume":5000,"price":33.8,"category":"ubbull"},{"type":"A","date":"2018-03-20T03:24:51.000Z","volume":5500,"price":33.8,"category":"ubbull"},{"type":"A","date":"2018-03-20T03:22:20.000Z","volume":24500,"price":33.75,"category":"ubbull"},{"type":"A","date":"2018-03-20T02:57:21.000Z","volume":7500,"price":33.7,"category":"ubbull"},{"type":"A","date":"2018-03-20T02:42:34.000Z","volume":10000,"price":33.7,"category":"ubbull"},{"type":"A","date":"2018-03-20T01:44:46.000Z","volume":4000,"price":34,"category":"ubbull"},{"type":"A","date":"2018-03-20T01:42:23.000Z","volume":7500,"price":33.95,"category":"ubbull"},{"type":"A","date":"2018-03-20T01:32:06.000Z","volume":5500,"price":34.3,"category":"ubbull"},{"type":"A","date":"2018-03-20T01:31:08.000Z","volume":10500,"price":34.35,"category":"ubbull"},{"type":"A","date":"2018-03-20T01:31:06.000Z","volume":24500,"price":34.3,"category":"ubbull"},{"type":"A","date":"2018-03-20T01:30:42.000Z","volume":7000,"price":34.2,"category":"ubbull"},{"type":"A","date":"2018-03-20T07:59:02.000Z","volume":1500,"price":33.85,"category":"bbull"},{"type":"A","date":"2018-03-20T07:52:08.000Z","volume":1500,"price":33.8,"category":"bbull"},{"type":"A","date":"2018-03-20T07:51:08.000Z","volume":2000,"price":33.8,"category":"bbull"},{"type":"A","date":"2018-03-20T07:32:00.000Z","volume":1500,"price":33.8,"category":"bbull"},{"type":"A","date":"2018-03-20T07:31:44.000Z","volume":2500,"price":33.8,"category":"bbull"},{"type":"A","date":"2018-03-20T07:31:42.000Z","volume":2500,"price":33.8,"category":"bbull"},{"type":"A","date":"2018-03-20T07:28:09.000Z","volume":2000,"price":33.8,"category":"bbull"},{"type":"A","date":"2018-03-20T07:08:37.000Z","volume":1500,"price":33.85,"category":"bbull"},{"type":"A","date":"2018-03-20T07:04:47.000Z","volume":1500,"price":33.9,"category":"bbull"},{"type":"A","date":"2018-03-20T06:20:33.000Z","volume":2500,"price":33.9,"category":"bbull"},{"type":"A","date":"2018-03-20T06:19:40.000Z","volume":2000,"price":33.8,"category":"bbull"},{"type":"A","date":"2018-03-20T06:01:20.000Z","volume":2000,"price":33.8,"category":"bbull"},{"type":"A","date":"2018-03-20T05:59:18.000Z","volume":1500,"price":33.8,"category":"bbull"},{"type":"A","date":"2018-03-20T05:57:25.000Z","volume":1500,"price":33.8,"category":"bbull"},{"type":"A","date":"2018-03-20T05:00:15.000Z","volume":1500,"price":34.05,"category":"bbull"},{"type":"A","date":"2018-03-20T05:00:12.000Z","volume":3000,"price":34,"category":"bbull"},{"type":"A","date":"2018-03-20T03:57:23.000Z","volume":2000,"price":34,"category":"bbull"},{"type":"A","date":"2018-03-20T03:49:07.000Z","volume":2000,"price":34,"category":"bbull"},{"type":"A","date":"2018-03-20T03:44:23.000Z","volume":1500,"price":34,"category":"bbull"},{"type":"A","date":"2018-03-20T03:29:11.000Z","volume":2000,"price":33.85,"category":"bbull"},{"type":"A","date":"2018-03-20T03:28:38.000Z","volume":1500,"price":33.8,"category":"bbull"},{"type":"A","date":"2018-03-20T03:25:20.000Z","volume":2000,"price":33.8,"category":"bbull"},{"type":"A","date":"2018-03-20T03:22:21.000Z","volume":3500,"price":33.8,"category":"bbull"},{"type":"A","date":"2018-03-20T03:22:20.000Z","volume":3500,"price":33.8,"category":"bbull"},{"type":"A","date":"2018-03-20T02:59:24.000Z","volume":1500,"price":33.7,"category":"bbull"},{"type":"A","date":"2018-03-20T02:57:21.000Z","volume":1500,"price":33.7,"category":"bbull"},{"type":"A","date":"2018-03-20T02:54:02.000Z","volume":2000,"price":33.7,"category":"bbull"},{"type":"A","date":"2018-03-20T02:39:19.000Z","volume":1500,"price":33.85,"category":"bbull"},{"type":"A","date":"2018-03-20T02:37:18.000Z","volume":2000,"price":33.85,"category":"bbull"},{"type":"A","date":"2018-03-20T02:35:39.000Z","volume":2000,"price":33.85,"category":"bbull"},{"type":"A","date":"2018-03-20T02:34:57.000Z","volume":2000,"price":33.85,"category":"bbull"},{"type":"A","date":"2018-03-20T02:33:03.000Z","volume":1500,"price":33.85,"category":"bbull"},{"type":"A","date":"2018-03-20T01:48:03.000Z","volume":2000,"price":34,"category":"bbull"},{"type":"A","date":"2018-03-20T01:41:22.000Z","volume":1500,"price":33.95,"category":"bbull"},{"type":"A","date":"2018-03-20T01:41:21.000Z","volume":3000,"price":33.95,"category":"bbull"},{"type":"A","date":"2018-03-20T01:41:21.000Z","volume":3000,"price":33.95,"category":"bbull"},{"type":"A","date":"2018-03-20T01:41:21.000Z","volume":2000,"price":33.95,"category":"bbull"},{"type":"A","date":"2018-03-20T01:32:06.000Z","volume":1500,"price":34.3,"category":"bbull"},{"type":"A","date":"2018-03-20T01:31:07.000Z","volume":2000,"price":34.35,"category":"bbull"},{"type":"A","date":"2018-03-20T01:31:06.000Z","volume":3000,"price":34.35,"category":"bbull"},{"type":"A","date":"2018-03-20T01:31:06.000Z","volume":1500,"price":34.25,"category":"bbull"},{"type":"A","date":"2018-03-20T07:59:47.000Z","volume":500,"price":33.85,"category":"rbull"},{"type":"A","date":"2018-03-20T07:59:37.000Z","volume":500,"price":33.85,"category":"rbull"},{"type":"A","date":"2018-03-20T07:59:37.000Z","volume":500,"price":33.85,"category":"rbull"},{"type":"A","date":"2018-03-20T07:59:22.000Z","volume":500,"price":33.85,"category":"rbull"},{"type":"A","date":"2018-03-20T07:55:33.000Z","volume":500,"price":33.8,"category":"rbull"},{"type":"A","date":"2018-03-20T07:55:32.000Z","volume":500,"price":33.8,"category":"rbull"},{"type":"A","date":"2018-03-20T07:55:26.000Z","volume":500,"price":33.8,"category":"rbull"},{"type":"A","date":"2018-03-20T07:54:25.000Z","volume":500,"price":33.8,"category":"rbull"},{"type":"A","date":"2018-03-20T07:54:25.000Z","volume":500,"price":33.8,"category":"rbull"},{"type":"A","date":"2018-03-20T07:52:15.000Z","volume":500,"price":33.85,"category":"rbull"},{"type":"A","date":"2018-03-20T07:52:08.000Z","volume":500,"price":33.8,"category":"rbull"},{"type":"A","date":"2018-03-20T07:51:48.000Z","volume":500,"price":33.8,"category":"rbull"},{"type":"A","date":"2018-03-20T07:51:48.000Z","volume":500,"price":33.8,"category":"rbull"},{"type":"A","date":"2018-03-20T07:49:06.000Z","volume":500,"price":33.8,"category":"rbull"},{"type":"A","date":"2018-03-20T07:32:01.000Z","volume":500,"price":33.85,"category":"rbull"},{"type":"A","date":"2018-03-20T07:31:43.000Z","volume":500,"price":33.8,"category":"rbull"},{"type":"A","date":"2018-03-20T07:23:59.000Z","volume":500,"price":33.8,"category":"rbull"},{"type":"A","date":"2018-03-20T07:15:25.000Z","volume":500,"price":33.85,"category":"rbull"},{"type":"A","date":"2018-03-20T07:09:40.000Z","volume":500,"price":33.85,"category":"rbull"},{"type":"A","date":"2018-03-20T07:08:42.000Z","volume":500,"price":33.85,"category":"rbull"},{"type":"A","date":"2018-03-20T07:08:37.000Z","volume":500,"price":33.85,"category":"rbull"},{"type":"A","date":"2018-03-20T07:08:37.000Z","volume":500,"price":33.85,"category":"rbull"},{"type":"A","date":"2018-03-20T07:08:31.000Z","volume":500,"price":33.85,"category":"rbull"},{"type":"A","date":"2018-03-20T07:01:16.000Z","volume":500,"price":33.85,"category":"rbull"},{"type":"A","date":"2018-03-20T07:01:16.000Z","volume":500,"price":33.8,"category":"rbull"},{"type":"A","date":"2018-03-20T06:50:02.000Z","volume":500,"price":33.95,"category":"rbull"},{"type":"A","date":"2018-03-20T06:49:30.000Z","volume":500,"price":33.95,"category":"rbull"},{"type":"A","date":"2018-03-20T06:47:32.000Z","volume":500,"price":33.95,"category":"rbull"},{"type":"A","date":"2018-03-20T06:46:33.000Z","volume":500,"price":33.95,"category":"rbull"},{"type":"A","date":"2018-03-20T06:41:32.000Z","volume":500,"price":33.95,"category":"rbull"},{"type":"A","date":"2018-03-20T06:40:18.000Z","volume":500,"price":33.95,"category":"rbull"},{"type":"A","date":"2018-03-20T06:37:15.000Z","volume":500,"price":33.95,"category":"rbull"},{"type":"A","date":"2018-03-20T06:36:47.000Z","volume":500,"price":33.95,"category":"rbull"},{"type":"A","date":"2018-03-20T06:35:32.000Z","volume":500,"price":33.95,"category":"rbull"},{"type":"A","date":"2018-03-20T06:35:18.000Z","volume":500,"price":33.95,"category":"rbull"},{"type":"A","date":"2018-03-20T06:33:57.000Z","volume":500,"price":33.95,"category":"rbull"},{"type":"A","date":"2018-03-20T06:32:04.000Z","volume":500,"price":33.95,"category":"rbull"},{"type":"A","date":"2018-03-20T06:29:32.000Z","volume":500,"price":33.95,"category":"rbull"},{"type":"A","date":"2018-03-20T06:28:57.000Z","volume":500,"price":33.95,"category":"rbull"},{"type":"A","date":"2018-03-20T06:23:32.000Z","volume":500,"price":34,"category":"rbull"},{"type":"A","date":"2018-03-20T06:22:21.000Z","volume":500,"price":34,"category":"rbull"},{"type":"A","date":"2018-03-20T06:20:34.000Z","volume":500,"price":33.9,"category":"rbull"},{"type":"A","date":"2018-03-20T06:20:32.000Z","volume":500,"price":33.9,"category":"rbull"},{"type":"A","date":"2018-03-20T06:20:32.000Z","volume":500,"price":33.9,"category":"rbull"},{"type":"A","date":"2018-03-20T06:05:54.000Z","volume":500,"price":33.8,"category":"rbull"},{"type":"A","date":"2018-03-20T06:01:21.000Z","volume":500,"price":33.8,"category":"rbull"},{"type":"A","date":"2018-03-20T06:00:09.000Z","volume":500,"price":33.8,"category":"rbull"},{"type":"A","date":"2018-03-20T06:00:08.000Z","volume":500,"price":33.8,"category":"rbull"},{"type":"A","date":"2018-03-20T05:59:25.000Z","volume":500,"price":33.8,"category":"rbull"},{"type":"A","date":"2018-03-20T05:54:21.000Z","volume":500,"price":33.8,"category":"rbull"},{"type":"A","date":"2018-03-20T05:54:19.000Z","volume":500,"price":33.8,"category":"rbull"},{"type":"A","date":"2018-03-20T05:45:14.000Z","volume":500,"price":33.85,"category":"rbull"},{"type":"A","date":"2018-03-20T05:30:12.000Z","volume":500,"price":33.85,"category":"rbull"},{"type":"A","date":"2018-03-20T05:27:24.000Z","volume":500,"price":33.85,"category":"rbull"},{"type":"A","date":"2018-03-20T05:25:18.000Z","volume":500,"price":33.85,"category":"rbull"},{"type":"A","date":"2018-03-20T05:24:14.000Z","volume":500,"price":33.85,"category":"rbull"},{"type":"A","date":"2018-03-20T05:16:17.000Z","volume":500,"price":33.85,"category":"rbull"},{"type":"A","date":"2018-03-20T05:00:15.000Z","volume":500,"price":34.05,"category":"rbull"},{"type":"A","date":"2018-03-20T05:00:15.000Z","volume":500,"price":34.05,"category":"rbull"},{"type":"A","date":"2018-03-20T05:00:12.000Z","volume":500,"price":34,"category":"rbull"},{"type":"A","date":"2018-03-20T03:59:01.000Z","volume":500,"price":34,"category":"rbull"},{"type":"A","date":"2018-03-20T03:58:20.000Z","volume":500,"price":34,"category":"rbull"},{"type":"A","date":"2018-03-20T03:53:01.000Z","volume":500,"price":34,"category":"rbull"},{"type":"A","date":"2018-03-20T03:48:56.000Z","volume":500,"price":34,"category":"rbull"},{"type":"A","date":"2018-03-20T03:47:00.000Z","volume":500,"price":34,"category":"rbull"},{"type":"A","date":"2018-03-20T03:45:11.000Z","volume":500,"price":34,"category":"rbull"},{"type":"A","date":"2018-03-20T03:42:24.000Z","volume":500,"price":34,"category":"rbull"},{"type":"A","date":"2018-03-20T03:39:38.000Z","volume":500,"price":34,"category":"rbull"},{"type":"A","date":"2018-03-20T03:30:04.000Z","volume":500,"price":33.95,"category":"rbull"},{"type":"A","date":"2018-03-20T03:25:02.000Z","volume":500,"price":33.8,"category":"rbull"},{"type":"A","date":"2018-03-20T03:22:37.000Z","volume":500,"price":33.85,"category":"rbull"},{"type":"A","date":"2018-03-20T03:20:46.000Z","volume":500,"price":33.75,"category":"rbull"},{"type":"A","date":"2018-03-20T03:19:43.000Z","volume":500,"price":33.75,"category":"rbull"},{"type":"A","date":"2018-03-20T03:17:46.000Z","volume":500,"price":33.75,"category":"rbull"},{"type":"A","date":"2018-03-20T03:09:55.000Z","volume":500,"price":33.75,"category":"rbull"},{"type":"A","date":"2018-03-20T02:59:43.000Z","volume":500,"price":33.75,"category":"rbull"},{"type":"A","date":"2018-03-20T02:59:24.000Z","volume":500,"price":33.7,"category":"rbull"},{"type":"A","date":"2018-03-20T02:59:13.000Z","volume":500,"price":33.7,"category":"rbull"},{"type":"A","date":"2018-03-20T02:59:08.000Z","volume":500,"price":33.7,"category":"rbull"},{"type":"A","date":"2018-03-20T02:59:08.000Z","volume":500,"price":33.7,"category":"rbull"},{"type":"A","date":"2018-03-20T02:58:08.000Z","volume":500,"price":33.7,"category":"rbull"},{"type":"A","date":"2018-03-20T02:58:08.000Z","volume":500,"price":33.7,"category":"rbull"},{"type":"A","date":"2018-03-20T02:57:56.000Z","volume":500,"price":33.7,"category":"rbull"},{"type":"A","date":"2018-03-20T02:57:26.000Z","volume":500,"price":33.7,"category":"rbull"},{"type":"A","date":"2018-03-20T02:55:13.000Z","volume":500,"price":33.7,"category":"rbull"},{"type":"A","date":"2018-03-20T02:54:02.000Z","volume":500,"price":33.7,"category":"rbull"},{"type":"A","date":"2018-03-20T02:53:12.000Z","volume":500,"price":33.7,"category":"rbull"},{"type":"A","date":"2018-03-20T02:52:24.000Z","volume":500,"price":33.7,"category":"rbull"},{"type":"A","date":"2018-03-20T02:52:11.000Z","volume":500,"price":33.7,"category":"rbull"},{"type":"A","date":"2018-03-20T02:50:08.000Z","volume":500,"price":33.7,"category":"rbull"},{"type":"A","date":"2018-03-20T02:44:56.000Z","volume":500,"price":33.7,"category":"rbull"},{"type":"A","date":"2018-03-20T02:42:47.000Z","volume":500,"price":33.7,"category":"rbull"},{"type":"A","date":"2018-03-20T02:39:19.000Z","volume":500,"price":33.85,"category":"rbull"},{"type":"A","date":"2018-03-20T02:28:59.000Z","volume":500,"price":33.85,"category":"rbull"},{"type":"A","date":"2018-03-20T02:24:17.000Z","volume":500,"price":33.85,"category":"rbull"},{"type":"A","date":"2018-03-20T02:21:02.000Z","volume":500,"price":33.9,"category":"rbull"},{"type":"A","date":"2018-03-20T02:17:32.000Z","volume":500,"price":33.9,"category":"rbull"},{"type":"A","date":"2018-03-20T02:17:17.000Z","volume":500,"price":33.9,"category":"rbull"},{"type":"A","date":"2018-03-20T02:17:07.000Z","volume":500,"price":33.9,"category":"rbull"},{"type":"A","date":"2018-03-20T02:15:57.000Z","volume":500,"price":33.9,"category":"rbull"},{"type":"A","date":"2018-03-20T02:14:57.000Z","volume":500,"price":33.9,"category":"rbull"},{"type":"A","date":"2018-03-20T02:14:02.000Z","volume":500,"price":33.9,"category":"rbull"},{"type":"A","date":"2018-03-20T02:13:42.000Z","volume":500,"price":33.9,"category":"rbull"},{"type":"A","date":"2018-03-20T02:11:32.000Z","volume":500,"price":33.9,"category":"rbull"},{"type":"A","date":"2018-03-20T02:10:48.000Z","volume":500,"price":33.9,"category":"rbull"},{"type":"A","date":"2018-03-20T02:10:47.000Z","volume":500,"price":33.9,"category":"rbull"},{"type":"A","date":"2018-03-20T02:10:22.000Z","volume":500,"price":33.9,"category":"rbull"},{"type":"A","date":"2018-03-20T02:08:59.000Z","volume":500,"price":33.9,"category":"rbull"},{"type":"A","date":"2018-03-20T02:08:12.000Z","volume":500,"price":33.9,"category":"rbull"},{"type":"A","date":"2018-03-20T02:07:22.000Z","volume":500,"price":33.9,"category":"rbull"},{"type":"A","date":"2018-03-20T02:07:17.000Z","volume":500,"price":33.9,"category":"rbull"},{"type":"A","date":"2018-03-20T02:04:47.000Z","volume":500,"price":33.9,"category":"rbull"},{"type":"A","date":"2018-03-20T02:03:57.000Z","volume":500,"price":33.9,"category":"rbull"},{"type":"A","date":"2018-03-20T02:03:47.000Z","volume":500,"price":33.9,"category":"rbull"},{"type":"A","date":"2018-03-20T02:02:47.000Z","volume":500,"price":33.9,"category":"rbull"},{"type":"A","date":"2018-03-20T02:02:39.000Z","volume":500,"price":33.9,"category":"rbull"},{"type":"A","date":"2018-03-20T02:00:47.000Z","volume":500,"price":33.9,"category":"rbull"},{"type":"A","date":"2018-03-20T02:00:47.000Z","volume":500,"price":33.9,"category":"rbull"},{"type":"A","date":"2018-03-20T02:00:37.000Z","volume":500,"price":33.9,"category":"rbull"},{"type":"A","date":"2018-03-20T02:00:17.000Z","volume":500,"price":33.9,"category":"rbull"},{"type":"A","date":"2018-03-20T01:57:02.000Z","volume":500,"price":33.9,"category":"rbull"},{"type":"A","date":"2018-03-20T01:46:32.000Z","volume":500,"price":34,"category":"rbull"},{"type":"A","date":"2018-03-20T01:43:18.000Z","volume":500,"price":34,"category":"rbull"},{"type":"A","date":"2018-03-20T01:42:24.000Z","volume":500,"price":34,"category":"rbull"},{"type":"A","date":"2018-03-20T01:42:23.000Z","volume":500,"price":33.95,"category":"rbull"},{"type":"A","date":"2018-03-20T01:42:23.000Z","volume":500,"price":33.95,"category":"rbull"},{"type":"A","date":"2018-03-20T01:42:23.000Z","volume":500,"price":33.95,"category":"rbull"},{"type":"A","date":"2018-03-20T01:41:25.000Z","volume":500,"price":33.95,"category":"rbull"},{"type":"A","date":"2018-03-20T01:40:00.000Z","volume":500,"price":33.95,"category":"rbull"},{"type":"A","date":"2018-03-20T01:39:57.000Z","volume":500,"price":33.95,"category":"rbull"},{"type":"A","date":"2018-03-20T01:39:47.000Z","volume":500,"price":34.05,"category":"rbull"},{"type":"A","date":"2018-03-20T01:38:10.000Z","volume":500,"price":34.05,"category":"rbull"},{"type":"A","date":"2018-03-20T01:37:04.000Z","volume":500,"price":34.1,"category":"rbull"},{"type":"A","date":"2018-03-20T01:36:17.000Z","volume":500,"price":34.1,"category":"rbull"},{"type":"A","date":"2018-03-20T01:34:11.000Z","volume":500,"price":34.3,"category":"rbull"},{"type":"A","date":"2018-03-20T01:33:50.000Z","volume":500,"price":34.3,"category":"rbull"},{"type":"A","date":"2018-03-20T01:32:17.000Z","volume":500,"price":34.3,"category":"rbull"},{"type":"A","date":"2018-03-20T01:31:10.000Z","volume":500,"price":34.4,"category":"rbull"},{"type":"A","date":"2018-03-20T01:31:08.000Z","volume":500,"price":34.35,"category":"rbull"},{"type":"A","date":"2018-03-20T01:31:07.000Z","volume":500,"price":34.35,"category":"rbull"},{"type":"A","date":"2018-03-20T01:31:06.000Z","volume":500,"price":34.25,"category":"rbull"},{"type":"A","date":"2018-03-20T01:31:06.000Z","volume":500,"price":34.25,"category":"rbull"},{"type":"A","date":"2018-03-20T01:30:43.000Z","volume":500,"price":34.2,"category":"rbull"},{"type":"A","date":"2018-03-20T01:30:09.000Z","volume":500,"price":34.2,"category":"rbull"},{"type":"A","date":"2018-03-20T01:30:02.000Z","volume":500,"price":34.2,"category":"rbull"},{"type":"A","date":"2018-03-20T01:30:01.000Z","volume":500,"price":34.2,"category":"rbull"},{"type":"B","date":"2018-03-20T07:59:51.000Z","volume":500,"price":33.75,"category":"rbear"},{"type":"B","date":"2018-03-20T07:59:47.000Z","volume":500,"price":33.8,"category":"rbear"},{"type":"B","date":"2018-03-20T07:59:40.000Z","volume":500,"price":33.8,"category":"rbear"},{"type":"B","date":"2018-03-20T07:59:20.000Z","volume":500,"price":33.8,"category":"rbear"},{"type":"B","date":"2018-03-20T07:59:17.000Z","volume":500,"price":33.8,"category":"rbear"},{"type":"B","date":"2018-03-20T07:59:10.000Z","volume":500,"price":33.8,"category":"rbear"},{"type":"B","date":"2018-03-20T07:59:07.000Z","volume":500,"price":33.8,"category":"rbear"},{"type":"B","date":"2018-03-20T07:59:02.000Z","volume":500,"price":33.8,"category":"rbear"},{"type":"B","date":"2018-03-20T07:59:01.000Z","volume":500,"price":33.8,"category":"rbear"},{"type":"B","date":"2018-03-20T07:58:57.000Z","volume":500,"price":33.8,"category":"rbear"},{"type":"B","date":"2018-03-20T07:58:54.000Z","volume":500,"price":33.8,"category":"rbear"},{"type":"B","date":"2018-03-20T07:58:53.000Z","volume":500,"price":33.8,"category":"rbear"},{"type":"B","date":"2018-03-20T07:58:53.000Z","volume":500,"price":33.8,"category":"rbear"},{"type":"B","date":"2018-03-20T07:58:53.000Z","volume":500,"price":33.8,"category":"rbear"},{"type":"B","date":"2018-03-20T07:58:47.000Z","volume":500,"price":33.8,"category":"rbear"},{"type":"B","date":"2018-03-20T07:58:44.000Z","volume":500,"price":33.8,"category":"rbear"},{"type":"B","date":"2018-03-20T07:58:35.000Z","volume":500,"price":33.8,"category":"rbear"},{"type":"B","date":"2018-03-20T07:58:25.000Z","volume":500,"price":33.8,"category":"rbear"},{"type":"B","date":"2018-03-20T07:58:10.000Z","volume":500,"price":33.8,"category":"rbear"},{"type":"B","date":"2018-03-20T07:57:59.000Z","volume":500,"price":33.8,"category":"rbear"},{"type":"B","date":"2018-03-20T07:57:40.000Z","volume":500,"price":33.8,"category":"rbear"},{"type":"B","date":"2018-03-20T07:57:30.000Z","volume":500,"price":33.8,"category":"rbear"},{"type":"B","date":"2018-03-20T07:56:30.000Z","volume":500,"price":33.8,"category":"rbear"},{"type":"B","date":"2018-03-20T07:56:06.000Z","volume":500,"price":33.8,"category":"rbear"},{"type":"B","date":"2018-03-20T07:54:59.000Z","volume":500,"price":33.75,"category":"rbear"},{"type":"B","date":"2018-03-20T07:52:15.000Z","volume":500,"price":33.8,"category":"rbear"},{"type":"B","date":"2018-03-20T07:50:43.000Z","volume":500,"price":33.75,"category":"rbear"},{"type":"B","date":"2018-03-20T07:50:02.000Z","volume":500,"price":33.75,"category":"rbear"},{"type":"B","date":"2018-03-20T07:49:19.000Z","volume":500,"price":33.75,"category":"rbear"},{"type":"B","date":"2018-03-20T07:48:40.000Z","volume":500,"price":33.75,"category":"rbear"},{"type":"B","date":"2018-03-20T07:48:20.000Z","volume":500,"price":33.75,"category":"rbear"},{"type":"B","date":"2018-03-20T07:48:18.000Z","volume":500,"price":33.75,"category":"rbear"},{"type":"B","date":"2018-03-20T07:48:04.000Z","volume":500,"price":33.75,"category":"rbear"},{"type":"B","date":"2018-03-20T07:47:38.000Z","volume":500,"price":33.75,"category":"rbear"},{"type":"B","date":"2018-03-20T07:47:00.000Z","volume":500,"price":33.75,"category":"rbear"},{"type":"B","date":"2018-03-20T07:46:28.000Z","volume":500,"price":33.75,"category":"rbear"},{"type":"B","date":"2018-03-20T07:46:06.000Z","volume":500,"price":33.8,"category":"rbear"},{"type":"B","date":"2018-03-20T07:46:04.000Z","volume":500,"price":33.8,"category":"rbear"},{"type":"B","date":"2018-03-20T07:45:54.000Z","volume":500,"price":33.8,"category":"rbear"},{"type":"B","date":"2018-03-20T07:45:19.000Z","volume":500,"price":33.8,"category":"rbear"},{"type":"B","date":"2018-03-20T07:45:10.000Z","volume":500,"price":33.8,"category":"rbear"},{"type":"B","date":"2018-03-20T07:43:15.000Z","volume":500,"price":33.8,"category":"rbear"},{"type":"B","date":"2018-03-20T07:43:14.000Z","volume":500,"price":33.8,"category":"rbear"},{"type":"B","date":"2018-03-20T07:42:18.000Z","volume":500,"price":33.8,"category":"rbear"},{"type":"B","date":"2018-03-20T07:42:17.000Z","volume":500,"price":33.8,"category":"rbear"},{"type":"B","date":"2018-03-20T07:41:40.000Z","volume":500,"price":33.8,"category":"rbear"},{"type":"B","date":"2018-03-20T07:41:28.000Z","volume":500,"price":33.8,"category":"rbear"},{"type":"B","date":"2018-03-20T07:40:39.000Z","volume":500,"price":33.8,"category":"rbear"},{"type":"B","date":"2018-03-20T07:39:40.000Z","volume":500,"price":33.8,"category":"rbear"},{"type":"B","date":"2018-03-20T07:37:18.000Z","volume":500,"price":33.8,"category":"rbear"},{"type":"B","date":"2018-03-20T07:33:15.000Z","volume":500,"price":33.8,"category":"rbear"},{"type":"B","date":"2018-03-20T07:31:06.000Z","volume":500,"price":33.75,"category":"rbear"},{"type":"B","date":"2018-03-20T07:26:50.000Z","volume":500,"price":33.75,"category":"rbear"},{"type":"B","date":"2018-03-20T07:26:33.000Z","volume":500,"price":33.75,"category":"rbear"},{"type":"B","date":"2018-03-20T07:25:40.000Z","volume":500,"price":33.75,"category":"rbear"},{"type":"B","date":"2018-03-20T07:24:15.000Z","volume":500,"price":33.75,"category":"rbear"},{"type":"B","date":"2018-03-20T07:20:02.000Z","volume":500,"price":33.8,"category":"rbear"},{"type":"B","date":"2018-03-20T07:19:10.000Z","volume":500,"price":33.8,"category":"rbear"},{"type":"B","date":"2018-03-20T07:18:17.000Z","volume":500,"price":33.8,"category":"rbear"},{"type":"B","date":"2018-03-20T07:17:21.000Z","volume":500,"price":33.8,"category":"rbear"},{"type":"B","date":"2018-03-20T07:15:25.000Z","volume":500,"price":33.8,"category":"rbear"},{"type":"B","date":"2018-03-20T07:07:32.000Z","volume":500,"price":33.85,"category":"rbear"},{"type":"B","date":"2018-03-20T07:07:18.000Z","volume":500,"price":33.8,"category":"rbear"},{"type":"B","date":"2018-03-20T07:01:18.000Z","volume":500,"price":33.85,"category":"rbear"},{"type":"B","date":"2018-03-20T06:59:36.000Z","volume":500,"price":33.75,"category":"rbear"},{"type":"B","date":"2018-03-20T06:59:18.000Z","volume":500,"price":33.75,"category":"rbear"},{"type":"B","date":"2018-03-20T06:58:33.000Z","volume":500,"price":33.8,"category":"rbear"},{"type":"B","date":"2018-03-20T06:56:39.000Z","volume":500,"price":33.8,"category":"rbear"},{"type":"B","date":"2018-03-20T06:56:38.000Z","volume":500,"price":33.8,"category":"rbear"},{"type":"B","date":"2018-03-20T06:55:19.000Z","volume":500,"price":33.85,"category":"rbear"},{"type":"B","date":"2018-03-20T06:50:49.000Z","volume":500,"price":33.9,"category":"rbear"},{"type":"B","date":"2018-03-20T06:50:49.000Z","volume":500,"price":33.9,"category":"rbear"},{"type":"B","date":"2018-03-20T06:50:33.000Z","volume":500,"price":33.9,"category":"rbear"},{"type":"B","date":"2018-03-20T06:49:32.000Z","volume":500,"price":33.9,"category":"rbear"},{"type":"B","date":"2018-03-20T06:47:01.000Z","volume":500,"price":33.9,"category":"rbear"},{"type":"B","date":"2018-03-20T06:46:30.000Z","volume":500,"price":33.9,"category":"rbear"},{"type":"B","date":"2018-03-20T06:45:30.000Z","volume":500,"price":33.9,"category":"rbear"},{"type":"B","date":"2018-03-20T06:44:45.000Z","volume":500,"price":33.9,"category":"rbear"},{"type":"B","date":"2018-03-20T06:42:35.000Z","volume":500,"price":33.9,"category":"rbear"},{"type":"B","date":"2018-03-20T06:42:34.000Z","volume":500,"price":33.9,"category":"rbear"},{"type":"B","date":"2018-03-20T06:40:45.000Z","volume":500,"price":33.9,"category":"rbear"},{"type":"B","date":"2018-03-20T06:39:30.000Z","volume":500,"price":33.9,"category":"rbear"},{"type":"B","date":"2018-03-20T06:35:16.000Z","volume":500,"price":33.9,"category":"rbear"},{"type":"B","date":"2018-03-20T06:28:48.000Z","volume":500,"price":33.9,"category":"rbear"},{"type":"B","date":"2018-03-20T06:20:33.000Z","volume":500,"price":33.75,"category":"rbear"},{"type":"B","date":"2018-03-20T06:20:04.000Z","volume":500,"price":33.75,"category":"rbear"},{"type":"B","date":"2018-03-20T06:17:50.000Z","volume":500,"price":33.75,"category":"rbear"},{"type":"B","date":"2018-03-20T06:17:24.000Z","volume":500,"price":33.75,"category":"rbear"},{"type":"B","date":"2018-03-20T06:17:00.000Z","volume":500,"price":33.75,"category":"rbear"},{"type":"B","date":"2018-03-20T06:16:35.000Z","volume":500,"price":33.75,"category":"rbear"},{"type":"B","date":"2018-03-20T06:15:44.000Z","volume":500,"price":33.75,"category":"rbear"},{"type":"B","date":"2018-03-20T06:15:14.000Z","volume":500,"price":33.75,"category":"rbear"},{"type":"B","date":"2018-03-20T06:13:34.000Z","volume":500,"price":33.75,"category":"rbear"},{"type":"B","date":"2018-03-20T06:13:10.000Z","volume":500,"price":33.75,"category":"rbear"},{"type":"B","date":"2018-03-20T06:10:40.000Z","volume":500,"price":33.75,"category":"rbear"},{"type":"B","date":"2018-03-20T06:09:37.000Z","volume":500,"price":33.75,"category":"rbear"},{"type":"B","date":"2018-03-20T06:08:46.000Z","volume":500,"price":33.75,"category":"rbear"},{"type":"B","date":"2018-03-20T06:08:45.000Z","volume":500,"price":33.75,"category":"rbear"},{"type":"B","date":"2018-03-20T06:06:50.000Z","volume":500,"price":33.75,"category":"rbear"},{"type":"B","date":"2018-03-20T06:05:10.000Z","volume":500,"price":33.75,"category":"rbear"},{"type":"B","date":"2018-03-20T06:03:08.000Z","volume":500,"price":33.75,"category":"rbear"},{"type":"B","date":"2018-03-20T06:03:08.000Z","volume":500,"price":33.75,"category":"rbear"},{"type":"B","date":"2018-03-20T06:03:02.000Z","volume":500,"price":33.75,"category":"rbear"},{"type":"B","date":"2018-03-20T06:01:21.000Z","volume":500,"price":33.75,"category":"rbear"},{"type":"B","date":"2018-03-20T05:56:55.000Z","volume":500,"price":33.75,"category":"rbear"},{"type":"B","date":"2018-03-20T05:52:45.000Z","volume":500,"price":33.75,"category":"rbear"},{"type":"B","date":"2018-03-20T05:52:04.000Z","volume":500,"price":33.8,"category":"rbear"},{"type":"B","date":"2018-03-20T05:52:04.000Z","volume":500,"price":33.8,"category":"rbear"},{"type":"B","date":"2018-03-20T05:52:04.000Z","volume":500,"price":33.8,"category":"rbear"},{"type":"B","date":"2018-03-20T05:52:00.000Z","volume":500,"price":33.8,"category":"rbear"},{"type":"B","date":"2018-03-20T05:51:20.000Z","volume":500,"price":33.8,"category":"rbear"},{"type":"B","date":"2018-03-20T05:50:30.000Z","volume":500,"price":33.8,"category":"rbear"},{"type":"B","date":"2018-03-20T05:48:45.000Z","volume":500,"price":33.8,"category":"rbear"},{"type":"B","date":"2018-03-20T05:47:33.000Z","volume":500,"price":33.8,"category":"rbear"},{"type":"B","date":"2018-03-20T05:47:17.000Z","volume":500,"price":33.8,"category":"rbear"},{"type":"B","date":"2018-03-20T05:46:15.000Z","volume":500,"price":33.8,"category":"rbear"},{"type":"B","date":"2018-03-20T05:46:09.000Z","volume":500,"price":33.8,"category":"rbear"},{"type":"B","date":"2018-03-20T05:44:40.000Z","volume":500,"price":33.8,"category":"rbear"},{"type":"B","date":"2018-03-20T05:42:21.000Z","volume":500,"price":33.8,"category":"rbear"},{"type":"B","date":"2018-03-20T05:41:35.000Z","volume":500,"price":33.8,"category":"rbear"},{"type":"B","date":"2018-03-20T05:40:06.000Z","volume":500,"price":33.8,"category":"rbear"},{"type":"B","date":"2018-03-20T05:39:20.000Z","volume":500,"price":33.8,"category":"rbear"},{"type":"B","date":"2018-03-20T05:38:33.000Z","volume":500,"price":33.8,"category":"rbear"},{"type":"B","date":"2018-03-20T05:36:40.000Z","volume":500,"price":33.8,"category":"rbear"},{"type":"B","date":"2018-03-20T05:36:34.000Z","volume":500,"price":33.8,"category":"rbear"},{"type":"B","date":"2018-03-20T05:35:09.000Z","volume":500,"price":33.8,"category":"rbear"},{"type":"B","date":"2018-03-20T05:35:09.000Z","volume":500,"price":33.8,"category":"rbear"},{"type":"B","date":"2018-03-20T05:33:30.000Z","volume":500,"price":33.8,"category":"rbear"},{"type":"B","date":"2018-03-20T05:32:49.000Z","volume":500,"price":33.8,"category":"rbear"},{"type":"B","date":"2018-03-20T05:31:10.000Z","volume":500,"price":33.8,"category":"rbear"},{"type":"B","date":"2018-03-20T05:30:32.000Z","volume":500,"price":33.8,"category":"rbear"},{"type":"B","date":"2018-03-20T05:30:24.000Z","volume":500,"price":33.8,"category":"rbear"},{"type":"B","date":"2018-03-20T05:29:50.000Z","volume":500,"price":33.75,"category":"rbear"},{"type":"B","date":"2018-03-20T05:27:00.000Z","volume":500,"price":33.75,"category":"rbear"},{"type":"B","date":"2018-03-20T05:25:06.000Z","volume":500,"price":33.8,"category":"rbear"},{"type":"B","date":"2018-03-20T05:24:35.000Z","volume":500,"price":33.75,"category":"rbear"},{"type":"B","date":"2018-03-20T05:22:30.000Z","volume":500,"price":33.75,"category":"rbear"},{"type":"B","date":"2018-03-20T05:20:30.000Z","volume":500,"price":33.75,"category":"rbear"},{"type":"B","date":"2018-03-20T05:19:15.000Z","volume":500,"price":33.75,"category":"rbear"},{"type":"B","date":"2018-03-20T05:18:18.000Z","volume":500,"price":33.75,"category":"rbear"},{"type":"B","date":"2018-03-20T05:17:17.000Z","volume":500,"price":33.75,"category":"rbear"},{"type":"B","date":"2018-03-20T05:16:59.000Z","volume":500,"price":33.75,"category":"rbear"},{"type":"B","date":"2018-03-20T05:14:49.000Z","volume":500,"price":33.8,"category":"rbear"},{"type":"B","date":"2018-03-20T05:13:43.000Z","volume":500,"price":33.75,"category":"rbear"},{"type":"B","date":"2018-03-20T05:13:32.000Z","volume":500,"price":33.75,"category":"rbear"},{"type":"B","date":"2018-03-20T05:12:30.000Z","volume":500,"price":33.9,"category":"rbear"},{"type":"B","date":"2018-03-20T05:10:17.000Z","volume":500,"price":33.95,"category":"rbear"},{"type":"B","date":"2018-03-20T05:09:22.000Z","volume":500,"price":33.9,"category":"rbear"},{"type":"B","date":"2018-03-20T05:09:22.000Z","volume":500,"price":33.9,"category":"rbear"},{"type":"B","date":"2018-03-20T05:09:22.000Z","volume":500,"price":33.9,"category":"rbear"},{"type":"B","date":"2018-03-20T05:09:22.000Z","volume":500,"price":34,"category":"rbear"},{"type":"B","date":"2018-03-20T05:09:22.000Z","volume":500,"price":34,"category":"rbear"},{"type":"B","date":"2018-03-20T05:08:20.000Z","volume":500,"price":34.05,"category":"rbear"},{"type":"B","date":"2018-03-20T05:06:17.000Z","volume":500,"price":34.05,"category":"rbear"},{"type":"B","date":"2018-03-20T05:05:11.000Z","volume":500,"price":34.05,"category":"rbear"},{"type":"B","date":"2018-03-20T05:05:09.000Z","volume":500,"price":34.05,"category":"rbear"},{"type":"B","date":"2018-03-20T05:00:42.000Z","volume":500,"price":34.05,"category":"rbear"},{"type":"B","date":"2018-03-20T05:00:12.000Z","volume":500,"price":34,"category":"rbear"},{"type":"B","date":"2018-03-20T05:00:03.000Z","volume":500,"price":33.95,"category":"rbear"},{"type":"B","date":"2018-03-20T05:00:00.000Z","volume":500,"price":33.95,"category":"rbear"},{"type":"B","date":"2018-03-20T05:00:00.000Z","volume":500,"price":33.95,"category":"rbear"},{"type":"B","date":"2018-03-20T03:59:32.000Z","volume":500,"price":33.95,"category":"rbear"},{"type":"B","date":"2018-03-20T03:59:32.000Z","volume":500,"price":33.95,"category":"rbear"},{"type":"B","date":"2018-03-20T03:59:10.000Z","volume":500,"price":33.95,"category":"rbear"},{"type":"B","date":"2018-03-20T03:58:47.000Z","volume":500,"price":33.95,"category":"rbear"},{"type":"B","date":"2018-03-20T03:57:47.000Z","volume":500,"price":33.95,"category":"rbear"},{"type":"B","date":"2018-03-20T03:56:46.000Z","volume":500,"price":33.95,"category":"rbear"},{"type":"B","date":"2018-03-20T03:56:35.000Z","volume":500,"price":33.95,"category":"rbear"},{"type":"B","date":"2018-03-20T03:54:27.000Z","volume":500,"price":33.95,"category":"rbear"},{"type":"B","date":"2018-03-20T03:54:10.000Z","volume":500,"price":33.95,"category":"rbear"},{"type":"B","date":"2018-03-20T03:53:02.000Z","volume":500,"price":33.95,"category":"rbear"},{"type":"B","date":"2018-03-20T03:52:47.000Z","volume":500,"price":33.95,"category":"rbear"},{"type":"B","date":"2018-03-20T03:51:20.000Z","volume":500,"price":33.95,"category":"rbear"},{"type":"B","date":"2018-03-20T03:49:37.000Z","volume":500,"price":33.95,"category":"rbear"},{"type":"B","date":"2018-03-20T03:49:22.000Z","volume":500,"price":33.95,"category":"rbear"},{"type":"B","date":"2018-03-20T03:49:17.000Z","volume":500,"price":33.95,"category":"rbear"},{"type":"B","date":"2018-03-20T03:49:00.000Z","volume":500,"price":33.95,"category":"rbear"},{"type":"B","date":"2018-03-20T03:48:42.000Z","volume":500,"price":33.95,"category":"rbear"},{"type":"B","date":"2018-03-20T03:47:00.000Z","volume":500,"price":33.95,"category":"rbear"},{"type":"B","date":"2018-03-20T03:40:17.000Z","volume":500,"price":33.95,"category":"rbear"},{"type":"B","date":"2018-03-20T03:33:16.000Z","volume":500,"price":33.95,"category":"rbear"},{"type":"B","date":"2018-03-20T03:32:21.000Z","volume":500,"price":33.95,"category":"rbear"},{"type":"B","date":"2018-03-20T03:25:25.000Z","volume":500,"price":33.8,"category":"rbear"},{"type":"B","date":"2018-03-20T03:25:22.000Z","volume":500,"price":33.8,"category":"rbear"},{"type":"B","date":"2018-03-20T03:25:02.000Z","volume":500,"price":33.8,"category":"rbear"},{"type":"B","date":"2018-03-20T03:24:57.000Z","volume":500,"price":33.8,"category":"rbear"},{"type":"B","date":"2018-03-20T03:24:56.000Z","volume":500,"price":33.8,"category":"rbear"},{"type":"B","date":"2018-03-20T03:23:47.000Z","volume":500,"price":33.8,"category":"rbear"},{"type":"B","date":"2018-03-20T03:16:57.000Z","volume":500,"price":33.7,"category":"rbear"},{"type":"B","date":"2018-03-20T03:16:54.000Z","volume":500,"price":33.7,"category":"rbear"},{"type":"B","date":"2018-03-20T03:16:07.000Z","volume":500,"price":33.7,"category":"rbear"},{"type":"B","date":"2018-03-20T03:16:06.000Z","volume":500,"price":33.7,"category":"rbear"},{"type":"B","date":"2018-03-20T03:13:55.000Z","volume":500,"price":33.7,"category":"rbear"},{"type":"B","date":"2018-03-20T03:13:20.000Z","volume":500,"price":33.7,"category":"rbear"},{"type":"B","date":"2018-03-20T03:10:53.000Z","volume":500,"price":33.7,"category":"rbear"},{"type":"B","date":"2018-03-20T03:10:36.000Z","volume":500,"price":33.7,"category":"rbear"},{"type":"B","date":"2018-03-20T03:10:17.000Z","volume":500,"price":33.7,"category":"rbear"},{"type":"B","date":"2018-03-20T03:09:55.000Z","volume":500,"price":33.7,"category":"rbear"},{"type":"B","date":"2018-03-20T03:08:15.000Z","volume":500,"price":33.7,"category":"rbear"},{"type":"B","date":"2018-03-20T03:08:04.000Z","volume":500,"price":33.7,"category":"rbear"},{"type":"B","date":"2018-03-20T03:06:44.000Z","volume":500,"price":33.7,"category":"rbear"},{"type":"B","date":"2018-03-20T03:06:35.000Z","volume":500,"price":33.7,"category":"rbear"},{"type":"B","date":"2018-03-20T03:04:55.000Z","volume":500,"price":33.7,"category":"rbear"},{"type":"B","date":"2018-03-20T03:03:15.000Z","volume":500,"price":33.7,"category":"rbear"},{"type":"B","date":"2018-03-20T03:02:57.000Z","volume":500,"price":33.7,"category":"rbear"},{"type":"B","date":"2018-03-20T03:02:31.000Z","volume":500,"price":33.7,"category":"rbear"},{"type":"B","date":"2018-03-20T02:59:47.000Z","volume":500,"price":33.7,"category":"rbear"},{"type":"B","date":"2018-03-20T02:48:37.000Z","volume":500,"price":33.65,"category":"rbear"},{"type":"B","date":"2018-03-20T02:42:47.000Z","volume":500,"price":33.7,"category":"rbear"},{"type":"B","date":"2018-03-20T02:42:25.000Z","volume":500,"price":33.65,"category":"rbear"},{"type":"B","date":"2018-03-20T02:42:04.000Z","volume":500,"price":33.65,"category":"rbear"},{"type":"B","date":"2018-03-20T02:40:47.000Z","volume":500,"price":33.65,"category":"rbear"},{"type":"B","date":"2018-03-20T02:39:57.000Z","volume":500,"price":33.8,"category":"rbear"},{"type":"B","date":"2018-03-20T02:39:25.000Z","volume":500,"price":33.8,"category":"rbear"},{"type":"B","date":"2018-03-20T02:37:05.000Z","volume":500,"price":33.8,"category":"rbear"},{"type":"B","date":"2018-03-20T02:34:07.000Z","volume":500,"price":33.8,"category":"rbear"},{"type":"B","date":"2018-03-20T02:33:07.000Z","volume":500,"price":33.8,"category":"rbear"},{"type":"B","date":"2018-03-20T02:32:31.000Z","volume":500,"price":33.8,"category":"rbear"},{"type":"B","date":"2018-03-20T02:32:15.000Z","volume":500,"price":33.8,"category":"rbear"},{"type":"B","date":"2018-03-20T02:31:59.000Z","volume":500,"price":33.8,"category":"rbear"},{"type":"B","date":"2018-03-20T02:30:59.000Z","volume":500,"price":33.8,"category":"rbear"},{"type":"B","date":"2018-03-20T02:29:20.000Z","volume":500,"price":33.8,"category":"rbear"},{"type":"B","date":"2018-03-20T02:29:19.000Z","volume":500,"price":33.8,"category":"rbear"},{"type":"B","date":"2018-03-20T02:28:01.000Z","volume":500,"price":33.8,"category":"rbear"},{"type":"B","date":"2018-03-20T02:27:40.000Z","volume":500,"price":33.8,"category":"rbear"},{"type":"B","date":"2018-03-20T02:27:14.000Z","volume":500,"price":33.8,"category":"rbear"},{"type":"B","date":"2018-03-20T02:26:39.000Z","volume":500,"price":33.8,"category":"rbear"},{"type":"B","date":"2018-03-20T02:25:55.000Z","volume":500,"price":33.8,"category":"rbear"},{"type":"B","date":"2018-03-20T02:24:35.000Z","volume":500,"price":33.8,"category":"rbear"},{"type":"B","date":"2018-03-20T02:24:27.000Z","volume":500,"price":33.8,"category":"rbear"},{"type":"B","date":"2018-03-20T02:23:20.000Z","volume":500,"price":33.8,"category":"rbear"},{"type":"B","date":"2018-03-20T02:22:47.000Z","volume":500,"price":33.85,"category":"rbear"},{"type":"B","date":"2018-03-20T02:19:07.000Z","volume":500,"price":33.85,"category":"rbear"},{"type":"B","date":"2018-03-20T02:18:47.000Z","volume":500,"price":33.85,"category":"rbear"},{"type":"B","date":"2018-03-20T02:18:01.000Z","volume":500,"price":33.85,"category":"rbear"},{"type":"B","date":"2018-03-20T02:17:47.000Z","volume":500,"price":33.85,"category":"rbear"},{"type":"B","date":"2018-03-20T02:16:10.000Z","volume":500,"price":33.85,"category":"rbear"},{"type":"B","date":"2018-03-20T02:16:07.000Z","volume":500,"price":33.85,"category":"rbear"},{"type":"B","date":"2018-03-20T02:15:27.000Z","volume":500,"price":33.85,"category":"rbear"},{"type":"B","date":"2018-03-20T02:15:09.000Z","volume":500,"price":33.85,"category":"rbear"},{"type":"B","date":"2018-03-20T02:14:00.000Z","volume":500,"price":33.85,"category":"rbear"},{"type":"B","date":"2018-03-20T02:13:27.000Z","volume":500,"price":33.85,"category":"rbear"},{"type":"B","date":"2018-03-20T02:12:40.000Z","volume":500,"price":33.85,"category":"rbear"},{"type":"B","date":"2018-03-20T02:10:55.000Z","volume":500,"price":33.85,"category":"rbear"},{"type":"B","date":"2018-03-20T02:09:27.000Z","volume":500,"price":33.85,"category":"rbear"},{"type":"B","date":"2018-03-20T02:08:50.000Z","volume":500,"price":33.85,"category":"rbear"},{"type":"B","date":"2018-03-20T02:07:55.000Z","volume":500,"price":33.85,"category":"rbear"},{"type":"B","date":"2018-03-20T02:07:38.000Z","volume":500,"price":33.85,"category":"rbear"},{"type":"B","date":"2018-03-20T02:06:30.000Z","volume":500,"price":33.85,"category":"rbear"},{"type":"B","date":"2018-03-20T02:06:18.000Z","volume":500,"price":33.85,"category":"rbear"},{"type":"B","date":"2018-03-20T02:05:18.000Z","volume":500,"price":33.85,"category":"rbear"},{"type":"B","date":"2018-03-20T02:04:18.000Z","volume":500,"price":33.85,"category":"rbear"},{"type":"B","date":"2018-03-20T02:04:17.000Z","volume":500,"price":33.85,"category":"rbear"},{"type":"B","date":"2018-03-20T02:03:15.000Z","volume":500,"price":33.85,"category":"rbear"},{"type":"B","date":"2018-03-20T02:02:38.000Z","volume":500,"price":33.85,"category":"rbear"},{"type":"B","date":"2018-03-20T02:02:15.000Z","volume":500,"price":33.85,"category":"rbear"},{"type":"B","date":"2018-03-20T02:01:18.000Z","volume":500,"price":33.85,"category":"rbear"},{"type":"B","date":"2018-03-20T02:01:10.000Z","volume":500,"price":33.85,"category":"rbear"},{"type":"B","date":"2018-03-20T02:00:38.000Z","volume":500,"price":33.85,"category":"rbear"},{"type":"B","date":"2018-03-20T02:00:10.000Z","volume":500,"price":33.85,"category":"rbear"},{"type":"B","date":"2018-03-20T01:59:42.000Z","volume":500,"price":33.85,"category":"rbear"},{"type":"B","date":"2018-03-20T01:59:20.000Z","volume":500,"price":33.85,"category":"rbear"},{"type":"B","date":"2018-03-20T01:58:51.000Z","volume":500,"price":33.85,"category":"rbear"},{"type":"B","date":"2018-03-20T01:58:35.000Z","volume":500,"price":33.85,"category":"rbear"},{"type":"B","date":"2018-03-20T01:58:31.000Z","volume":500,"price":33.85,"category":"rbear"},{"type":"B","date":"2018-03-20T01:58:27.000Z","volume":500,"price":33.85,"category":"rbear"},{"type":"B","date":"2018-03-20T01:57:58.000Z","volume":500,"price":33.85,"category":"rbear"},{"type":"B","date":"2018-03-20T01:57:47.000Z","volume":500,"price":33.85,"category":"rbear"},{"type":"B","date":"2018-03-20T01:57:07.000Z","volume":500,"price":33.85,"category":"rbear"},{"type":"B","date":"2018-03-20T01:56:55.000Z","volume":500,"price":33.85,"category":"rbear"},{"type":"B","date":"2018-03-20T01:56:27.000Z","volume":500,"price":33.85,"category":"rbear"},{"type":"B","date":"2018-03-20T01:55:50.000Z","volume":500,"price":33.85,"category":"rbear"},{"type":"B","date":"2018-03-20T01:55:47.000Z","volume":500,"price":33.85,"category":"rbear"},{"type":"B","date":"2018-03-20T01:55:27.000Z","volume":500,"price":33.85,"category":"rbear"},{"type":"B","date":"2018-03-20T01:55:25.000Z","volume":500,"price":33.85,"category":"rbear"},{"type":"B","date":"2018-03-20T01:54:32.000Z","volume":500,"price":33.85,"category":"rbear"},{"type":"B","date":"2018-03-20T01:54:25.000Z","volume":500,"price":33.85,"category":"rbear"},{"type":"B","date":"2018-03-20T01:53:31.000Z","volume":500,"price":33.85,"category":"rbear"},{"type":"B","date":"2018-03-20T01:53:31.000Z","volume":500,"price":33.85,"category":"rbear"},{"type":"B","date":"2018-03-20T01:53:15.000Z","volume":500,"price":33.85,"category":"rbear"},{"type":"B","date":"2018-03-20T01:52:15.000Z","volume":500,"price":33.85,"category":"rbear"},{"type":"B","date":"2018-03-20T01:51:25.000Z","volume":500,"price":33.85,"category":"rbear"},{"type":"B","date":"2018-03-20T01:48:51.000Z","volume":500,"price":33.9,"category":"rbear"},{"type":"B","date":"2018-03-20T01:48:47.000Z","volume":500,"price":33.95,"category":"rbear"},{"type":"B","date":"2018-03-20T01:48:43.000Z","volume":500,"price":33.95,"category":"rbear"},{"type":"B","date":"2018-03-20T01:48:43.000Z","volume":500,"price":33.95,"category":"rbear"},{"type":"B","date":"2018-03-20T01:48:20.000Z","volume":500,"price":33.95,"category":"rbear"},{"type":"B","date":"2018-03-20T01:47:17.000Z","volume":500,"price":33.95,"category":"rbear"},{"type":"B","date":"2018-03-20T01:46:25.000Z","volume":500,"price":33.95,"category":"rbear"},{"type":"B","date":"2018-03-20T01:45:40.000Z","volume":500,"price":33.95,"category":"rbear"},{"type":"B","date":"2018-03-20T01:40:43.000Z","volume":500,"price":33.9,"category":"rbear"},{"type":"B","date":"2018-03-20T01:40:11.000Z","volume":500,"price":33.85,"category":"rbear"},{"type":"B","date":"2018-03-20T01:40:10.000Z","volume":500,"price":33.85,"category":"rbear"},{"type":"B","date":"2018-03-20T01:40:08.000Z","volume":500,"price":33.85,"category":"rbear"},{"type":"B","date":"2018-03-20T01:40:06.000Z","volume":500,"price":33.85,"category":"rbear"},{"type":"B","date":"2018-03-20T01:39:43.000Z","volume":500,"price":34,"category":"rbear"},{"type":"B","date":"2018-03-20T01:39:23.000Z","volume":500,"price":34,"category":"rbear"},{"type":"B","date":"2018-03-20T01:39:22.000Z","volume":500,"price":34,"category":"rbear"},{"type":"B","date":"2018-03-20T01:38:09.000Z","volume":500,"price":34,"category":"rbear"},{"type":"B","date":"2018-03-20T01:38:04.000Z","volume":500,"price":34.05,"category":"rbear"},{"type":"B","date":"2018-03-20T01:38:03.000Z","volume":500,"price":34.05,"category":"rbear"},{"type":"B","date":"2018-03-20T01:37:55.000Z","volume":500,"price":34.05,"category":"rbear"},{"type":"B","date":"2018-03-20T01:37:55.000Z","volume":500,"price":34.05,"category":"rbear"},{"type":"B","date":"2018-03-20T01:37:45.000Z","volume":500,"price":34.05,"category":"rbear"},{"type":"B","date":"2018-03-20T01:36:41.000Z","volume":500,"price":34.05,"category":"rbear"},{"type":"B","date":"2018-03-20T01:35:55.000Z","volume":500,"price":34.05,"category":"rbear"},{"type":"B","date":"2018-03-20T01:35:30.000Z","volume":500,"price":34.05,"category":"rbear"},{"type":"B","date":"2018-03-20T01:35:07.000Z","volume":500,"price":34.1,"category":"rbear"},{"type":"B","date":"2018-03-20T01:34:33.000Z","volume":500,"price":34.1,"category":"rbear"},{"type":"B","date":"2018-03-20T01:34:21.000Z","volume":500,"price":34.1,"category":"rbear"},{"type":"B","date":"2018-03-20T01:34:21.000Z","volume":500,"price":34.15,"category":"rbear"},{"type":"B","date":"2018-03-20T01:34:18.000Z","volume":500,"price":34.15,"category":"rbear"},{"type":"B","date":"2018-03-20T01:34:18.000Z","volume":500,"price":34.2,"category":"rbear"},{"type":"B","date":"2018-03-20T01:34:18.000Z","volume":500,"price":34.2,"category":"rbear"},{"type":"B","date":"2018-03-20T01:34:01.000Z","volume":500,"price":34.25,"category":"rbear"},{"type":"B","date":"2018-03-20T01:32:06.000Z","volume":500,"price":34.25,"category":"rbear"},{"type":"B","date":"2018-03-20T01:31:15.000Z","volume":500,"price":34.25,"category":"rbear"},{"type":"B","date":"2018-03-20T01:30:44.000Z","volume":500,"price":34.15,"category":"rbear"},{"type":"B","date":"2018-03-20T01:30:42.000Z","volume":500,"price":34.1,"category":"rbear"},{"type":"B","date":"2018-03-20T01:30:42.000Z","volume":500,"price":34.1,"category":"rbear"},{"type":"B","date":"2018-03-20T01:30:08.000Z","volume":500,"price":34.1,"category":"rbear"},{"type":"B","date":"2018-03-20T01:30:03.000Z","volume":500,"price":34.1,"category":"rbear"},{"type":"B","date":"2018-03-20T07:56:19.000Z","volume":1500,"price":33.8,"category":"bbear"},{"type":"B","date":"2018-03-20T07:46:30.000Z","volume":3000,"price":33.75,"category":"bbear"},{"type":"B","date":"2018-03-20T07:46:04.000Z","volume":1500,"price":33.8,"category":"bbear"},{"type":"B","date":"2018-03-20T07:43:34.000Z","volume":1500,"price":33.8,"category":"bbear"},{"type":"B","date":"2018-03-20T07:41:45.000Z","volume":1500,"price":33.8,"category":"bbear"},{"type":"B","date":"2018-03-20T07:41:19.000Z","volume":1500,"price":33.8,"category":"bbear"},{"type":"B","date":"2018-03-20T07:38:18.000Z","volume":1500,"price":33.8,"category":"bbear"},{"type":"B","date":"2018-03-20T07:38:17.000Z","volume":1500,"price":33.8,"category":"bbear"},{"type":"B","date":"2018-03-20T07:38:17.000Z","volume":1500,"price":33.8,"category":"bbear"},{"type":"B","date":"2018-03-20T07:05:21.000Z","volume":2000,"price":33.9,"category":"bbear"},{"type":"B","date":"2018-03-20T07:03:32.000Z","volume":1500,"price":33.85,"category":"bbear"},{"type":"B","date":"2018-03-20T06:50:49.000Z","volume":1500,"price":33.9,"category":"bbear"},{"type":"B","date":"2018-03-20T06:20:17.000Z","volume":1500,"price":33.75,"category":"bbear"},{"type":"B","date":"2018-03-20T06:09:17.000Z","volume":1500,"price":33.75,"category":"bbear"},{"type":"B","date":"2018-03-20T05:52:04.000Z","volume":1500,"price":33.8,"category":"bbear"},{"type":"B","date":"2018-03-20T05:09:22.000Z","volume":2000,"price":34.05,"category":"bbear"},{"type":"B","date":"2018-03-20T05:09:22.000Z","volume":3000,"price":34.05,"category":"bbear"},{"type":"B","date":"2018-03-20T05:09:22.000Z","volume":3000,"price":34.05,"category":"bbear"},{"type":"B","date":"2018-03-20T05:08:19.000Z","volume":2500,"price":34.05,"category":"bbear"},{"type":"B","date":"2018-03-20T03:56:29.000Z","volume":2000,"price":33.95,"category":"bbear"},{"type":"B","date":"2018-03-20T03:52:47.000Z","volume":1500,"price":33.95,"category":"bbear"},{"type":"B","date":"2018-03-20T03:36:01.000Z","volume":2500,"price":33.95,"category":"bbear"},{"type":"B","date":"2018-03-20T03:13:20.000Z","volume":2500,"price":33.7,"category":"bbear"},{"type":"B","date":"2018-03-20T02:40:17.000Z","volume":2500,"price":33.7,"category":"bbear"},{"type":"B","date":"2018-03-20T02:40:16.000Z","volume":2000,"price":33.7,"category":"bbear"},{"type":"B","date":"2018-03-20T02:29:38.000Z","volume":2000,"price":33.8,"category":"bbear"},{"type":"B","date":"2018-03-20T02:23:00.000Z","volume":3000,"price":33.85,"category":"bbear"},{"type":"B","date":"2018-03-20T02:19:18.000Z","volume":2000,"price":33.85,"category":"bbear"},{"type":"B","date":"2018-03-20T02:18:06.000Z","volume":2000,"price":33.85,"category":"bbear"},{"type":"B","date":"2018-03-20T02:02:49.000Z","volume":1500,"price":33.85,"category":"bbear"},{"type":"B","date":"2018-03-20T01:52:51.000Z","volume":3000,"price":33.85,"category":"bbear"},{"type":"B","date":"2018-03-20T01:52:05.000Z","volume":2500,"price":33.85,"category":"bbear"},{"type":"B","date":"2018-03-20T01:51:38.000Z","volume":3000,"price":33.85,"category":"bbear"},{"type":"B","date":"2018-03-20T01:48:53.000Z","volume":2000,"price":33.9,"category":"bbear"},{"type":"B","date":"2018-03-20T01:48:47.000Z","volume":1500,"price":33.95,"category":"bbear"},{"type":"B","date":"2018-03-20T01:48:44.000Z","volume":1500,"price":33.95,"category":"bbear"},{"type":"B","date":"2018-03-20T01:48:43.000Z","volume":1500,"price":33.95,"category":"bbear"},{"type":"B","date":"2018-03-20T01:40:05.000Z","volume":2000,"price":33.9,"category":"bbear"},{"type":"B","date":"2018-03-20T01:39:56.000Z","volume":2500,"price":34,"category":"bbear"},{"type":"B","date":"2018-03-20T01:38:04.000Z","volume":1500,"price":34.05,"category":"bbear"},{"type":"B","date":"2018-03-20T01:38:04.000Z","volume":2000,"price":34,"category":"bbear"},{"type":"B","date":"2018-03-20T01:38:04.000Z","volume":2000,"price":34.05,"category":"bbear"},{"type":"B","date":"2018-03-20T01:38:00.000Z","volume":1500,"price":34.05,"category":"bbear"},{"type":"B","date":"2018-03-20T01:34:18.000Z","volume":2500,"price":34.2,"category":"bbear"},{"type":"B","date":"2018-03-20T01:32:52.000Z","volume":2000,"price":34.25,"category":"bbear"},{"type":"B","date":"2018-03-20T01:31:15.000Z","volume":1500,"price":34.25,"category":"bbear"},{"type":"B","date":"2018-03-20T01:31:15.000Z","volume":2000,"price":34.25,"category":"bbear"},{"type":"B","date":"2018-03-20T01:31:15.000Z","volume":1500,"price":34.25,"category":"bbear"},{"type":"B","date":"2018-03-20T01:30:00.000Z","volume":1500,"price":34.2,"category":"bbear"},{"type":"B","date":"2018-03-20T07:46:28.000Z","volume":5000,"price":33.8,"category":"ubbear"},{"type":"B","date":"2018-03-20T06:21:00.000Z","volume":8500,"price":33.9,"category":"ubbear"},{"type":"B","date":"2018-03-20T05:09:22.000Z","volume":16000,"price":34,"category":"ubbear"},{"type":"B","date":"2018-03-20T05:09:22.000Z","volume":6000,"price":34.05,"category":"ubbear"},{"type":"B","date":"2018-03-20T05:09:22.000Z","volume":5000,"price":34.05,"category":"ubbear"},{"type":"B","date":"2018-03-20T05:06:12.000Z","volume":4500,"price":34.05,"category":"ubbear"},{"type":"B","date":"2018-03-20T05:01:11.000Z","volume":7500,"price":34.05,"category":"ubbear"},{"type":"B","date":"2018-03-20T03:35:49.000Z","volume":5000,"price":33.95,"category":"ubbear"},{"type":"B","date":"2018-03-20T03:32:21.000Z","volume":5500,"price":33.95,"category":"ubbear"},{"type":"B","date":"2018-03-20T03:24:47.000Z","volume":4500,"price":33.8,"category":"ubbear"},{"type":"B","date":"2018-03-20T03:00:55.000Z","volume":5000,"price":33.7,"category":"ubbear"},{"type":"B","date":"2018-03-20T02:40:16.000Z","volume":8000,"price":33.75,"category":"ubbear"},{"type":"B","date":"2018-03-20T02:40:16.000Z","volume":11000,"price":33.8,"category":"ubbear"},{"type":"B","date":"2018-03-20T02:40:16.000Z","volume":10500,"price":33.8,"category":"ubbear"},{"type":"B","date":"2018-03-20T02:37:49.000Z","volume":4000,"price":33.8,"category":"ubbear"},{"type":"B","date":"2018-03-20T02:23:00.000Z","volume":5500,"price":33.85,"category":"ubbear"},{"type":"B","date":"2018-03-20T02:20:04.000Z","volume":5000,"price":33.85,"category":"ubbear"},{"type":"B","date":"2018-03-20T02:19:07.000Z","volume":10000,"price":33.85,"category":"ubbear"},{"type":"B","date":"2018-03-20T02:19:07.000Z","volume":6000,"price":33.85,"category":"ubbear"},{"type":"B","date":"2018-03-20T01:51:53.000Z","volume":6500,"price":33.85,"category":"ubbear"},{"type":"B","date":"2018-03-20T01:48:43.000Z","volume":4000,"price":33.95,"category":"ubbear"},{"type":"B","date":"2018-03-20T01:48:43.000Z","volume":12000,"price":33.95,"category":"ubbear"},{"type":"B","date":"2018-03-20T01:37:55.000Z","volume":6000,"price":34.05,"category":"ubbear"},{"type":"B","date":"2018-03-20T01:34:11.000Z","volume":8500,"price":34.25,"category":"ubbear"},{"type":"B","date":"2018-03-20T01:31:10.000Z","volume":5500,"price":34.25,"category":"ubbear"},{"type":"B","date":"2018-03-20T01:31:06.000Z","volume":5500,"price":34.2,"category":"ubbear"}]