[{"type":"B","date":"2018-04-18T01:41:22.000Z","volume":20000,"label":" ","price":0.5},{"type":"B","date":"2018-04-18T01:42:13.000Z","volume":2000,"label":" ","price":0.495},{"type":"A","date":"2018-04-18T01:42:21.000Z","volume":78000,"label":" ","price":0.495},{"type":"B","date":"2018-04-18T01:46:41.000Z","volume":12000,"label":" ","price":0.495},{"type":"B","date":"2018-04-18T01:55:19.000Z","volume":10000,"label":" ","price":0.495},{"type":"B","date":"2018-04-18T01:55:19.000Z","volume":16000,"label":"Y","price":0.49},{"type":"B","date":"2018-04-18T01:55:19.000Z","volume":10000,"label":" ","price":0.49},{"type":"B","date":"2018-04-18T02:01:06.000Z","volume":6000,"label":" ","price":0.49},{"type":"A","date":"2018-04-18T02:04:08.000Z","volume":2000,"label":" ","price":0.49},{"type":"A","date":"2018-04-18T02:09:08.000Z","volume":2000,"label":" ","price":0.49},{"type":"B","date":"2018-04-18T02:14:56.000Z","volume":28000,"label":" ","price":0.49},{"type":"A","date":"2018-04-18T02:16:17.000Z","volume":2000,"label":" ","price":0.49},{"type":"B","date":"2018-04-18T02:28:01.000Z","volume":14000,"label":" ","price":0.49},{"type":"A","date":"2018-04-18T02:43:43.000Z","volume":100000,"label":" ","price":0.49},{"type":"B","date":"2018-04-18T02:53:33.000Z","volume":20000,"label":" ","price":0.485},{"type":"B","date":"2018-04-18T02:54:16.000Z","volume":100000,"label":" ","price":0.485},{"type":"A","date":"2018-04-18T03:04:02.000Z","volume":100000,"label":" ","price":0.49},{"type":"A","date":"2018-04-18T03:04:02.000Z","volume":4000,"label":" ","price":0.49},{"type":"B","date":"2018-04-18T03:07:15.000Z","volume":60000,"label":" ","price":0.49},{"type":"A","date":"2018-04-18T03:12:39.000Z","volume":30000,"label":" ","price":0.49},{"type":"A","date":"2018-04-18T03:37:02.000Z","volume":100000,"label":" ","price":0.49},{"type":"A","date":"2018-04-18T03:37:02.000Z","volume":34000,"label":" ","price":0.49},{"type":"U","date":"2018-04-18T03:55:19.000Z","volume":1200,"label":"D","price":0.465},{"type":"A","date":"2018-04-18T06:14:25.000Z","volume":8000,"label":" ","price":0.495},{"type":"A","date":"2018-04-18T06:42:01.000Z","volume":6000,"label":" ","price":0.495},{"type":"B","date":"2018-04-18T07:14:33.000Z","volume":58000,"label":" ","price":0.49},{"type":"B","date":"2018-04-18T07:42:21.000Z","volume":48000,"label":" ","price":0.49},{"type":"A","date":"2018-04-18T07:54:25.000Z","volume":2000,"label":" ","price":0.495}]