[{"type":"A","date":"2018-03-21T01:59:45.000Z","volume":8000,"label":" ","price":3.94},{"type":"B","date":"2018-03-21T02:09:29.000Z","volume":8000,"label":" ","price":3.92},{"type":"B","date":"2018-03-21T02:09:45.000Z","volume":14000,"label":" ","price":3.92},{"type":"B","date":"2018-03-21T02:11:15.000Z","volume":58000,"label":" ","price":3.92},{"type":"A","date":"2018-03-21T02:12:21.000Z","volume":4000,"label":" ","price":3.91},{"type":"A","date":"2018-03-21T02:14:29.000Z","volume":6000,"label":" ","price":3.91},{"type":"A","date":"2018-03-21T02:29:43.000Z","volume":50000,"label":" ","price":3.91},{"type":"B","date":"2018-03-21T02:43:41.000Z","volume":20000,"label":" ","price":3.9},{"type":"B","date":"2018-03-21T02:45:42.000Z","volume":150000,"label":" ","price":3.9},{"type":"B","date":"2018-03-21T02:47:20.000Z","volume":80000,"label":" ","price":3.9},{"type":"A","date":"2018-03-21T03:20:00.000Z","volume":18000,"label":" ","price":3.9},{"type":"A","date":"2018-03-21T05:00:04.000Z","volume":2000,"label":" ","price":3.9},{"type":"B","date":"2018-03-21T05:35:10.000Z","volume":2000,"label":" ","price":3.89},{"type":"B","date":"2018-03-21T05:41:42.000Z","volume":2000,"label":" ","price":3.89},{"type":"B","date":"2018-03-21T05:42:54.000Z","volume":2000,"label":" ","price":3.89},{"type":"A","date":"2018-03-21T05:48:42.000Z","volume":14000,"label":" ","price":3.9},{"type":"A","date":"2018-03-21T05:49:08.000Z","volume":4000,"label":" ","price":3.9},{"type":"A","date":"2018-03-21T05:49:38.000Z","volume":2000,"label":" ","price":3.9},{"type":"B","date":"2018-03-21T05:52:46.000Z","volume":14000,"label":" ","price":3.89},{"type":"B","date":"2018-03-21T06:10:54.000Z","volume":4000,"label":" ","price":3.87},{"type":"B","date":"2018-03-21T06:40:00.000Z","volume":10000,"label":" ","price":3.87},{"type":"B","date":"2018-03-21T06:40:44.000Z","volume":16000,"label":" ","price":3.87},{"type":"B","date":"2018-03-21T06:44:49.000Z","volume":2000,"label":" ","price":3.86},{"type":"A","date":"2018-03-21T06:53:53.000Z","volume":20000,"label":" ","price":3.87},{"type":"A","date":"2018-03-21T06:58:51.000Z","volume":22000,"label":" ","price":3.87},{"type":"A","date":"2018-03-21T06:58:51.000Z","volume":78000,"label":" ","price":3.88},{"type":"A","date":"2018-03-21T06:59:34.000Z","volume":10000,"label":" ","price":3.88},{"type":"A","date":"2018-03-21T07:01:48.000Z","volume":18000,"label":" ","price":3.9},{"type":"A","date":"2018-03-21T07:02:01.000Z","volume":6000,"label":" ","price":3.9},{"type":"A","date":"2018-03-21T07:02:16.000Z","volume":2000,"label":" ","price":3.9},{"type":"A","date":"2018-03-21T07:43:21.000Z","volume":20000,"label":" ","price":3.9},{"type":"B","date":"2018-03-21T07:49:46.000Z","volume":28000,"label":" ","price":3.88},{"type":"A","date":"2018-03-21T07:49:46.000Z","volume":2000,"label":" ","price":3.88},{"type":"B","date":"2018-03-21T07:57:15.000Z","volume":20000,"label":" ","price":3.88},{"type":"A","date":"2018-03-21T07:58:29.000Z","volume":10000,"label":" ","price":3.9},{"type":"B","date":"2018-03-21T07:58:29.000Z","volume":4000,"label":" ","price":3.9},{"type":"B","date":"2018-03-21T07:59:16.000Z","volume":4000,"label":" ","price":3.9},{"type":"B","date":"2018-03-21T07:59:58.000Z","volume":10000,"label":" ","price":3.9}]