[{"type":"U","date":"2018-03-23T01:20:00.000Z","volume":15000,"label":"U","price":1.55},{"type":"A","date":"2018-03-23T01:30:04.000Z","volume":37500,"label":" ","price":1.55},{"type":"B","date":"2018-03-23T01:30:05.000Z","volume":2500,"label":" ","price":1.55},{"type":"A","date":"2018-03-23T01:30:05.000Z","volume":7500,"label":" ","price":1.59},{"type":"B","date":"2018-03-23T01:30:06.000Z","volume":70000,"label":" ","price":1.55},{"type":"A","date":"2018-03-23T01:30:09.000Z","volume":5000,"label":" ","price":1.57},{"type":"B","date":"2018-03-23T01:30:14.000Z","volume":12500,"label":" ","price":1.56},{"type":"B","date":"2018-03-23T01:30:14.000Z","volume":12500,"label":" ","price":1.55},{"type":"B","date":"2018-03-23T01:30:16.000Z","volume":2500,"label":" ","price":1.56},{"type":"B","date":"2018-03-23T01:30:16.000Z","volume":7500,"label":" ","price":1.55},{"type":"B","date":"2018-03-23T01:31:05.000Z","volume":200000,"label":" ","price":1.55},{"type":"B","date":"2018-03-23T01:31:05.000Z","volume":7500,"label":" ","price":1.55},{"type":"B","date":"2018-03-23T01:32:07.000Z","volume":22500,"label":" ","price":1.53},{"type":"B","date":"2018-03-23T01:32:07.000Z","volume":27500,"label":" ","price":1.51},{"type":"B","date":"2018-03-23T01:33:02.000Z","volume":30000,"label":" ","price":1.51},{"type":"A","date":"2018-03-23T01:33:05.000Z","volume":5000,"label":" ","price":1.55},{"type":"B","date":"2018-03-23T01:35:39.000Z","volume":10000,"label":" ","price":1.53},{"type":"B","date":"2018-03-23T01:36:04.000Z","volume":17500,"label":" ","price":1.52},{"type":"B","date":"2018-03-23T01:36:47.000Z","volume":20000,"label":" ","price":1.52},{"type":"B","date":"2018-03-23T01:36:47.000Z","volume":5000,"label":" ","price":1.52},{"type":"B","date":"2018-03-23T01:37:12.000Z","volume":10000,"label":" ","price":1.52},{"type":"B","date":"2018-03-23T01:37:20.000Z","volume":475000,"label":" ","price":1.51},{"type":"B","date":"2018-03-23T01:37:20.000Z","volume":35000,"label":" ","price":1.5},{"type":"B","date":"2018-03-23T01:37:21.000Z","volume":7500,"label":" ","price":1.5},{"type":"B","date":"2018-03-23T01:37:21.000Z","volume":50000,"label":" ","price":1.45},{"type":"A","date":"2018-03-23T01:38:04.000Z","volume":7500,"label":" ","price":1.49},{"type":"U","date":"2018-03-23T01:39:13.000Z","volume":15000,"label":" ","price":1.49},{"type":"A","date":"2018-03-23T01:39:31.000Z","volume":12500,"label":" ","price":1.49},{"type":"A","date":"2018-03-23T01:39:50.000Z","volume":30000,"label":" ","price":1.49},{"type":"A","date":"2018-03-23T01:39:52.000Z","volume":7500,"label":" ","price":1.49},{"type":"A","date":"2018-03-23T01:39:54.000Z","volume":5000,"label":" ","price":1.49},{"type":"A","date":"2018-03-23T01:42:40.000Z","volume":2500,"label":" ","price":1.5},{"type":"B","date":"2018-03-23T01:42:40.000Z","volume":20000,"label":" ","price":1.49},{"type":"B","date":"2018-03-23T01:42:41.000Z","volume":2500,"label":" ","price":1.49},{"type":"A","date":"2018-03-23T01:42:53.000Z","volume":22500,"label":" ","price":1.49},{"type":"B","date":"2018-03-23T01:42:55.000Z","volume":25000,"label":" ","price":1.48},{"type":"A","date":"2018-03-23T01:42:57.000Z","volume":7500,"label":" ","price":1.49},{"type":"A","date":"2018-03-23T01:42:59.000Z","volume":20000,"label":" ","price":1.49},{"type":"A","date":"2018-03-23T01:43:34.000Z","volume":47500,"label":" ","price":1.5},{"type":"A","date":"2018-03-23T01:43:34.000Z","volume":12500,"label":" ","price":1.51},{"type":"A","date":"2018-03-23T01:43:35.000Z","volume":7500,"label":" ","price":1.51},{"type":"B","date":"2018-03-23T01:44:26.000Z","volume":10000,"label":" ","price":1.49},{"type":"B","date":"2018-03-23T01:44:33.000Z","volume":10000,"label":" ","price":1.49},{"type":"A","date":"2018-03-23T01:44:38.000Z","volume":10000,"label":" ","price":1.51},{"type":"A","date":"2018-03-23T01:44:39.000Z","volume":5000,"label":" ","price":1.51},{"type":"A","date":"2018-03-23T01:44:39.000Z","volume":2500,"label":" ","price":1.51},{"type":"A","date":"2018-03-23T01:44:55.000Z","volume":2500,"label":" ","price":1.51},{"type":"B","date":"2018-03-23T01:48:16.000Z","volume":12500,"label":" ","price":1.51},{"type":"A","date":"2018-03-23T01:53:12.000Z","volume":2500,"label":" ","price":1.55},{"type":"A","date":"2018-03-23T01:54:24.000Z","volume":87500,"label":" ","price":1.55},{"type":"A","date":"2018-03-23T01:54:25.000Z","volume":5000,"label":" ","price":1.59},{"type":"A","date":"2018-03-23T01:54:26.000Z","volume":7500,"label":" ","price":1.6},{"type":"A","date":"2018-03-23T01:54:48.000Z","volume":10000,"label":" ","price":1.59},{"type":"A","date":"2018-03-23T01:56:50.000Z","volume":2500,"label":" ","price":1.59},{"type":"B","date":"2018-03-23T02:07:32.000Z","volume":27500,"label":" ","price":1.57},{"type":"B","date":"2018-03-23T02:07:32.000Z","volume":7500,"label":" ","price":1.57},{"type":"U","date":"2018-03-23T02:14:53.000Z","volume":5000,"label":" ","price":1.56},{"type":"U","date":"2018-03-23T02:15:54.000Z","volume":50000,"label":" ","price":1.56},{"type":"A","date":"2018-03-23T02:16:40.000Z","volume":2500,"label":" ","price":1.59},{"type":"A","date":"2018-03-23T02:18:14.000Z","volume":30000,"label":" ","price":1.59},{"type":"A","date":"2018-03-23T02:18:16.000Z","volume":7500,"label":" ","price":1.59},{"type":"A","date":"2018-03-23T02:21:19.000Z","volume":152500,"label":" ","price":1.6},{"type":"A","date":"2018-03-23T02:21:19.000Z","volume":37500,"label":" ","price":1.61},{"type":"A","date":"2018-03-23T02:21:20.000Z","volume":10000,"label":" ","price":1.65},{"type":"A","date":"2018-03-23T02:21:21.000Z","volume":10000,"label":" ","price":1.65},{"type":"A","date":"2018-03-23T02:21:31.000Z","volume":7500,"label":" ","price":1.65},{"type":"A","date":"2018-03-23T02:24:38.000Z","volume":2500,"label":" ","price":1.64},{"type":"A","date":"2018-03-23T02:26:17.000Z","volume":10000,"label":" ","price":1.63},{"type":"A","date":"2018-03-23T02:26:19.000Z","volume":10000,"label":" ","price":1.63},{"type":"A","date":"2018-03-23T02:28:05.000Z","volume":10000,"label":" ","price":1.63},{"type":"A","date":"2018-03-23T02:28:06.000Z","volume":10000,"label":" ","price":1.63},{"type":"A","date":"2018-03-23T02:29:06.000Z","volume":17500,"label":" ","price":1.63},{"type":"B","date":"2018-03-23T02:29:59.000Z","volume":10000,"label":" ","price":1.62},{"type":"B","date":"2018-03-23T02:37:26.000Z","volume":10000,"label":" ","price":1.61},{"type":"B","date":"2018-03-23T02:37:51.000Z","volume":75000,"label":" ","price":1.61},{"type":"B","date":"2018-03-23T02:40:34.000Z","volume":40000,"label":" ","price":1.6},{"type":"A","date":"2018-03-23T02:40:44.000Z","volume":15000,"label":" ","price":1.6},{"type":"A","date":"2018-03-23T02:42:44.000Z","volume":45000,"label":" ","price":1.6},{"type":"A","date":"2018-03-23T02:43:34.000Z","volume":2500,"label":" ","price":1.62},{"type":"B","date":"2018-03-23T02:51:12.000Z","volume":27500,"label":" ","price":1.6},{"type":"A","date":"2018-03-23T02:53:00.000Z","volume":12500,"label":" ","price":1.6},{"type":"B","date":"2018-03-23T02:54:25.000Z","volume":65000,"label":" ","price":1.59},{"type":"B","date":"2018-03-23T02:54:25.000Z","volume":95000,"label":" ","price":1.58},{"type":"B","date":"2018-03-23T02:57:47.000Z","volume":5000,"label":" ","price":1.59},{"type":"A","date":"2018-03-23T03:03:17.000Z","volume":10000,"label":" ","price":1.6},{"type":"A","date":"2018-03-23T03:03:17.000Z","volume":2500,"label":" ","price":1.61},{"type":"A","date":"2018-03-23T03:04:24.000Z","volume":2500,"label":" ","price":1.61},{"type":"A","date":"2018-03-23T03:04:24.000Z","volume":67500,"label":" ","price":1.62},{"type":"A","date":"2018-03-23T03:04:24.000Z","volume":30000,"label":" ","price":1.63},{"type":"A","date":"2018-03-23T03:04:25.000Z","volume":10000,"label":" ","price":1.64},{"type":"A","date":"2018-03-23T03:05:15.000Z","volume":7500,"label":" ","price":1.62},{"type":"A","date":"2018-03-23T03:06:01.000Z","volume":7500,"label":" ","price":1.62},{"type":"A","date":"2018-03-23T03:06:01.000Z","volume":2500,"label":" ","price":1.63},{"type":"U","date":"2018-03-23T03:06:02.000Z","volume":7500,"label":" ","price":1.62},{"type":"A","date":"2018-03-23T03:06:07.000Z","volume":10000,"label":" ","price":1.62},{"type":"A","date":"2018-03-23T03:06:25.000Z","volume":2500,"label":" ","price":1.63},{"type":"B","date":"2018-03-23T03:06:47.000Z","volume":10000,"label":" ","price":1.62},{"type":"A","date":"2018-03-23T03:09:12.000Z","volume":5000,"label":" ","price":1.62},{"type":"A","date":"2018-03-23T03:10:37.000Z","volume":5000,"label":" ","price":1.62},{"type":"A","date":"2018-03-23T03:10:37.000Z","volume":2500,"label":" ","price":1.64},{"type":"A","date":"2018-03-23T03:22:44.000Z","volume":90000,"label":" ","price":1.64},{"type":"A","date":"2018-03-23T03:25:45.000Z","volume":2500,"label":" ","price":1.64},{"type":"B","date":"2018-03-23T03:25:59.000Z","volume":10000,"label":" ","price":1.63},{"type":"A","date":"2018-03-23T03:27:46.000Z","volume":10000,"label":" ","price":1.64},{"type":"A","date":"2018-03-23T03:27:46.000Z","volume":10000,"label":"Y","price":1.65},{"type":"A","date":"2018-03-23T03:27:46.000Z","volume":25000,"label":" ","price":1.65},{"type":"A","date":"2018-03-23T03:27:46.000Z","volume":10000,"label":" ","price":1.66},{"type":"A","date":"2018-03-23T03:27:46.000Z","volume":5000,"label":" ","price":1.67},{"type":"A","date":"2018-03-23T03:28:46.000Z","volume":87500,"label":" ","price":1.67},{"type":"A","date":"2018-03-23T03:28:46.000Z","volume":40000,"label":" ","price":1.67},{"type":"A","date":"2018-03-23T03:31:28.000Z","volume":10000,"label":" ","price":1.67},{"type":"A","date":"2018-03-23T03:31:28.000Z","volume":20000,"label":" ","price":1.68},{"type":"A","date":"2018-03-23T03:34:01.000Z","volume":10000,"label":" ","price":1.66},{"type":"U","date":"2018-03-23T03:36:45.000Z","volume":60000,"label":" ","price":1.65},{"type":"B","date":"2018-03-23T03:46:27.000Z","volume":5000,"label":" ","price":1.63},{"type":"A","date":"2018-03-23T03:56:21.000Z","volume":2500,"label":" ","price":1.64},{"type":"A","date":"2018-03-23T03:56:44.000Z","volume":10000,"label":" ","price":1.64},{"type":"A","date":"2018-03-23T05:13:51.000Z","volume":2500,"label":" ","price":1.63},{"type":"A","date":"2018-03-23T05:36:38.000Z","volume":10000,"label":" ","price":1.61},{"type":"A","date":"2018-03-23T05:37:00.000Z","volume":115000,"label":" ","price":1.62},{"type":"B","date":"2018-03-23T05:37:00.000Z","volume":2500,"label":" ","price":1.62},{"type":"B","date":"2018-03-23T05:44:14.000Z","volume":7500,"label":" ","price":1.61},{"type":"B","date":"2018-03-23T05:45:08.000Z","volume":40000,"label":" ","price":1.6},{"type":"B","date":"2018-03-23T05:57:10.000Z","volume":5000,"label":" ","price":1.6},{"type":"A","date":"2018-03-23T05:57:53.000Z","volume":5000,"label":" ","price":1.6},{"type":"A","date":"2018-03-23T05:57:53.000Z","volume":2500,"label":" ","price":1.61},{"type":"A","date":"2018-03-23T06:14:24.000Z","volume":2500,"label":" ","price":1.61},{"type":"B","date":"2018-03-23T06:15:00.000Z","volume":5000,"label":" ","price":1.6},{"type":"B","date":"2018-03-23T06:16:56.000Z","volume":70000,"label":" ","price":1.59},{"type":"B","date":"2018-03-23T06:17:21.000Z","volume":20000,"label":" ","price":1.59},{"type":"B","date":"2018-03-23T06:19:08.000Z","volume":5000,"label":" ","price":1.59},{"type":"B","date":"2018-03-23T06:19:16.000Z","volume":5000,"label":" ","price":1.59},{"type":"B","date":"2018-03-23T06:19:43.000Z","volume":40000,"label":" ","price":1.58},{"type":"B","date":"2018-03-23T06:19:51.000Z","volume":10000,"label":" ","price":1.58},{"type":"A","date":"2018-03-23T06:20:10.000Z","volume":5000,"label":" ","price":1.59},{"type":"A","date":"2018-03-23T06:23:41.000Z","volume":12500,"label":" ","price":1.6},{"type":"A","date":"2018-03-23T06:23:41.000Z","volume":2500,"label":" ","price":1.61},{"type":"B","date":"2018-03-23T07:07:25.000Z","volume":10000,"label":" ","price":1.58},{"type":"B","date":"2018-03-23T07:09:10.000Z","volume":7500,"label":" ","price":1.59},{"type":"A","date":"2018-03-23T07:09:48.000Z","volume":47500,"label":" ","price":1.61},{"type":"A","date":"2018-03-23T07:16:23.000Z","volume":5000,"label":" ","price":1.61},{"type":"A","date":"2018-03-23T07:24:09.000Z","volume":30000,"label":" ","price":1.61},{"type":"B","date":"2018-03-23T07:24:09.000Z","volume":42500,"label":" ","price":1.6},{"type":"A","date":"2018-03-23T07:25:22.000Z","volume":2500,"label":" ","price":1.62},{"type":"A","date":"2018-03-23T07:37:08.000Z","volume":5000,"label":" ","price":1.61},{"type":"A","date":"2018-03-23T07:37:11.000Z","volume":2500,"label":" ","price":1.61},{"type":"A","date":"2018-03-23T07:37:14.000Z","volume":2500,"label":" ","price":1.61},{"type":"B","date":"2018-03-23T07:37:17.000Z","volume":7500,"label":" ","price":1.61},{"type":"A","date":"2018-03-23T07:39:08.000Z","volume":30000,"label":" ","price":1.62},{"type":"B","date":"2018-03-23T07:48:13.000Z","volume":5000,"label":" ","price":1.6},{"type":"A","date":"2018-03-23T07:48:13.000Z","volume":15000,"label":" ","price":1.59},{"type":"B","date":"2018-03-23T07:49:05.000Z","volume":5000,"label":" ","price":1.58},{"type":"A","date":"2018-03-23T07:55:34.000Z","volume":5000,"label":" ","price":1.61},{"type":"A","date":"2018-03-23T07:55:34.000Z","volume":15000,"label":" ","price":1.62},{"type":"B","date":"2018-03-23T07:55:59.000Z","volume":10000,"label":" ","price":1.59},{"type":"B","date":"2018-03-23T07:55:59.000Z","volume":45000,"label":" ","price":1.58},{"type":"B","date":"2018-03-23T07:56:38.000Z","volume":32500,"label":" ","price":1.58},{"type":"B","date":"2018-03-23T07:56:38.000Z","volume":10000,"label":" ","price":1.57},{"type":"A","date":"2018-03-23T07:57:19.000Z","volume":2500,"label":" ","price":1.62},{"type":"A","date":"2018-03-23T07:59:16.000Z","volume":10000,"label":"Y","price":1.6},{"type":"A","date":"2018-03-23T07:59:28.000Z","volume":2500,"label":" ","price":1.62}]