[{"type":"U","date":"2018-03-20T01:20:00.000Z","volume":4000,"label":"U","price":5.13},{"type":"A","date":"2018-03-20T01:30:01.000Z","volume":8000,"label":" ","price":5.13},{"type":"B","date":"2018-03-20T01:30:35.000Z","volume":8000,"label":" ","price":5.13},{"type":"A","date":"2018-03-20T01:32:56.000Z","volume":4000,"label":" ","price":5.2},{"type":"A","date":"2018-03-20T01:33:11.000Z","volume":16000,"label":" ","price":5.2},{"type":"B","date":"2018-03-20T01:33:15.000Z","volume":4000,"label":" ","price":5.17},{"type":"A","date":"2018-03-20T01:33:23.000Z","volume":28000,"label":" ","price":5.2},{"type":"A","date":"2018-03-20T01:33:48.000Z","volume":8000,"label":" ","price":5.21},{"type":"A","date":"2018-03-20T01:33:48.000Z","volume":4000,"label":" ","price":5.22},{"type":"B","date":"2018-03-20T01:33:48.000Z","volume":4000,"label":" ","price":5.21},{"type":"A","date":"2018-03-20T01:34:33.000Z","volume":4000,"label":" ","price":5.24},{"type":"B","date":"2018-03-20T01:34:33.000Z","volume":8000,"label":" ","price":5.24},{"type":"B","date":"2018-03-20T01:34:50.000Z","volume":4000,"label":" ","price":5.24},{"type":"B","date":"2018-03-20T01:35:00.000Z","volume":4000,"label":" ","price":5.25},{"type":"A","date":"2018-03-20T01:35:04.000Z","volume":8000,"label":"Y","price":5.26},{"type":"A","date":"2018-03-20T01:35:04.000Z","volume":12000,"label":" ","price":5.27},{"type":"A","date":"2018-03-20T01:35:09.000Z","volume":4000,"label":" ","price":5.27},{"type":"A","date":"2018-03-20T01:35:09.000Z","volume":4000,"label":" ","price":5.27},{"type":"A","date":"2018-03-20T01:35:28.000Z","volume":4000,"label":" ","price":5.27},{"type":"A","date":"2018-03-20T01:35:30.000Z","volume":4000,"label":" ","price":5.27},{"type":"A","date":"2018-03-20T01:35:41.000Z","volume":8000,"label":" ","price":5.27},{"type":"A","date":"2018-03-20T01:35:44.000Z","volume":8000,"label":" ","price":5.27},{"type":"B","date":"2018-03-20T01:35:44.000Z","volume":4000,"label":" ","price":5.27},{"type":"A","date":"2018-03-20T01:35:45.000Z","volume":8000,"label":" ","price":5.28},{"type":"A","date":"2018-03-20T01:35:56.000Z","volume":4000,"label":" ","price":5.28},{"type":"B","date":"2018-03-20T01:36:05.000Z","volume":4000,"label":" ","price":5.27},{"type":"A","date":"2018-03-20T01:36:06.000Z","volume":4000,"label":"Y","price":5.28},{"type":"A","date":"2018-03-20T01:36:06.000Z","volume":32000,"label":" ","price":5.28},{"type":"A","date":"2018-03-20T01:36:06.000Z","volume":28000,"label":" ","price":5.29},{"type":"A","date":"2018-03-20T01:36:06.000Z","volume":4000,"label":"Y","price":5.3},{"type":"A","date":"2018-03-20T01:36:06.000Z","volume":28000,"label":" ","price":5.3},{"type":"B","date":"2018-03-20T01:36:09.000Z","volume":4000,"label":" ","price":5.3},{"type":"B","date":"2018-03-20T01:36:09.000Z","volume":4000,"label":" ","price":5.26},{"type":"A","date":"2018-03-20T01:36:14.000Z","volume":4000,"label":" ","price":5.27},{"type":"A","date":"2018-03-20T01:36:23.000Z","volume":32000,"label":"Y","price":5.27},{"type":"A","date":"2018-03-20T01:36:23.000Z","volume":8000,"label":" ","price":5.27},{"type":"A","date":"2018-03-20T01:36:23.000Z","volume":8000,"label":" ","price":5.28},{"type":"B","date":"2018-03-20T01:36:25.000Z","volume":8000,"label":" ","price":5.29},{"type":"A","date":"2018-03-20T01:36:54.000Z","volume":8000,"label":" ","price":5.29},{"type":"A","date":"2018-03-20T01:37:34.000Z","volume":28000,"label":" ","price":5.29},{"type":"A","date":"2018-03-20T01:37:34.000Z","volume":4000,"label":" ","price":5.29},{"type":"A","date":"2018-03-20T01:37:34.000Z","volume":4000,"label":" ","price":5.29},{"type":"A","date":"2018-03-20T01:37:38.000Z","volume":48000,"label":" ","price":5.3},{"type":"A","date":"2018-03-20T01:37:38.000Z","volume":12000,"label":" ","price":5.31},{"type":"B","date":"2018-03-20T01:37:38.000Z","volume":4000,"label":" ","price":5.27},{"type":"B","date":"2018-03-20T01:38:36.000Z","volume":8000,"label":" ","price":5.28},{"type":"B","date":"2018-03-20T01:38:43.000Z","volume":20000,"label":" ","price":5.28},{"type":"B","date":"2018-03-20T01:38:43.000Z","volume":4000,"label":" ","price":5.27},{"type":"B","date":"2018-03-20T01:39:03.000Z","volume":4000,"label":" ","price":5.26},{"type":"B","date":"2018-03-20T01:39:03.000Z","volume":4000,"label":" ","price":5.26},{"type":"A","date":"2018-03-20T01:39:07.000Z","volume":8000,"label":" ","price":5.27},{"type":"B","date":"2018-03-20T01:39:17.000Z","volume":40000,"label":" ","price":5.24},{"type":"B","date":"2018-03-20T01:39:17.000Z","volume":4000,"label":" ","price":5.24},{"type":"B","date":"2018-03-20T01:39:26.000Z","volume":4000,"label":" ","price":5.24},{"type":"B","date":"2018-03-20T01:39:32.000Z","volume":8000,"label":" ","price":5.24},{"type":"A","date":"2018-03-20T01:39:51.000Z","volume":4000,"label":" ","price":5.24},{"type":"B","date":"2018-03-20T01:39:53.000Z","volume":4000,"label":" ","price":5.23},{"type":"A","date":"2018-03-20T01:40:24.000Z","volume":20000,"label":" ","price":5.23},{"type":"B","date":"2018-03-20T01:40:24.000Z","volume":4000,"label":" ","price":5.24},{"type":"B","date":"2018-03-20T01:40:50.000Z","volume":8000,"label":" ","price":5.24},{"type":"B","date":"2018-03-20T01:40:50.000Z","volume":8000,"label":" ","price":5.24},{"type":"B","date":"2018-03-20T01:41:02.000Z","volume":8000,"label":" ","price":5.21},{"type":"A","date":"2018-03-20T01:41:32.000Z","volume":8000,"label":" ","price":5.25},{"type":"A","date":"2018-03-20T01:42:14.000Z","volume":8000,"label":" ","price":5.24},{"type":"A","date":"2018-03-20T01:42:15.000Z","volume":4000,"label":" ","price":5.24},{"type":"A","date":"2018-03-20T01:42:16.000Z","volume":16000,"label":" ","price":5.24},{"type":"A","date":"2018-03-20T01:42:16.000Z","volume":16000,"label":" ","price":5.25},{"type":"A","date":"2018-03-20T01:42:16.000Z","volume":20000,"label":" ","price":5.26},{"type":"B","date":"2018-03-20T01:42:16.000Z","volume":4000,"label":" ","price":5.25},{"type":"B","date":"2018-03-20T01:42:36.000Z","volume":4000,"label":" ","price":5.25},{"type":"B","date":"2018-03-20T01:42:36.000Z","volume":16000,"label":" ","price":5.25},{"type":"A","date":"2018-03-20T01:43:18.000Z","volume":24000,"label":" ","price":5.25},{"type":"A","date":"2018-03-20T01:43:19.000Z","volume":20000,"label":" ","price":5.25},{"type":"B","date":"2018-03-20T01:43:19.000Z","volume":40000,"label":" ","price":5.22},{"type":"B","date":"2018-03-20T01:43:20.000Z","volume":4000,"label":" ","price":5.2},{"type":"A","date":"2018-03-20T01:43:26.000Z","volume":8000,"label":" ","price":5.22},{"type":"B","date":"2018-03-20T01:43:26.000Z","volume":4000,"label":" ","price":5.2},{"type":"B","date":"2018-03-20T01:43:40.000Z","volume":4000,"label":" ","price":5.22},{"type":"B","date":"2018-03-20T01:44:07.000Z","volume":8000,"label":" ","price":5.2},{"type":"B","date":"2018-03-20T01:44:11.000Z","volume":12000,"label":" ","price":5.2},{"type":"A","date":"2018-03-20T01:44:35.000Z","volume":4000,"label":" ","price":5.2},{"type":"B","date":"2018-03-20T01:44:36.000Z","volume":4000,"label":" ","price":5.17},{"type":"B","date":"2018-03-20T01:44:36.000Z","volume":4000,"label":" ","price":5.17},{"type":"B","date":"2018-03-20T01:44:37.000Z","volume":4000,"label":" ","price":5.16},{"type":"U","date":"2018-03-20T01:46:22.000Z","volume":8000,"label":" ","price":5.16},{"type":"B","date":"2018-03-20T01:46:57.000Z","volume":36000,"label":" ","price":5.15},{"type":"B","date":"2018-03-20T01:46:57.000Z","volume":32000,"label":" ","price":5.13},{"type":"B","date":"2018-03-20T01:47:06.000Z","volume":4000,"label":" ","price":5.14},{"type":"B","date":"2018-03-20T01:47:09.000Z","volume":4000,"label":" ","price":5.14},{"type":"B","date":"2018-03-20T01:49:21.000Z","volume":4000,"label":" ","price":5.13},{"type":"B","date":"2018-03-20T01:52:23.000Z","volume":20000,"label":" ","price":5.15},{"type":"A","date":"2018-03-20T01:53:07.000Z","volume":8000,"label":"Y","price":5.15},{"type":"A","date":"2018-03-20T01:53:07.000Z","volume":12000,"label":" ","price":5.15},{"type":"B","date":"2018-03-20T01:53:08.000Z","volume":4000,"label":" ","price":5.13},{"type":"B","date":"2018-03-20T01:54:01.000Z","volume":40000,"label":" ","price":5.13},{"type":"B","date":"2018-03-20T01:54:01.000Z","volume":4000,"label":" ","price":5.13},{"type":"A","date":"2018-03-20T01:56:27.000Z","volume":12000,"label":" ","price":5.15},{"type":"A","date":"2018-03-20T01:56:57.000Z","volume":36000,"label":" ","price":5.15},{"type":"A","date":"2018-03-20T01:56:57.000Z","volume":12000,"label":" ","price":5.16},{"type":"A","date":"2018-03-20T01:56:57.000Z","volume":12000,"label":" ","price":5.17},{"type":"U","date":"2018-03-20T01:56:57.000Z","volume":4000,"label":" ","price":5.14},{"type":"A","date":"2018-03-20T01:57:45.000Z","volume":8000,"label":" ","price":5.18},{"type":"A","date":"2018-03-20T01:59:18.000Z","volume":20000,"label":" ","price":5.18},{"type":"B","date":"2018-03-20T01:59:18.000Z","volume":4000,"label":" ","price":5.16},{"type":"B","date":"2018-03-20T01:59:37.000Z","volume":12000,"label":" ","price":5.18},{"type":"B","date":"2018-03-20T01:59:37.000Z","volume":8000,"label":" ","price":5.18},{"type":"B","date":"2018-03-20T02:00:00.000Z","volume":4000,"label":" ","price":5.18},{"type":"A","date":"2018-03-20T02:00:22.000Z","volume":12000,"label":" ","price":5.19},{"type":"A","date":"2018-03-20T02:00:22.000Z","volume":12000,"label":" ","price":5.2},{"type":"B","date":"2018-03-20T02:00:22.000Z","volume":4000,"label":" ","price":5.2},{"type":"B","date":"2018-03-20T02:00:27.000Z","volume":24000,"label":" ","price":5.2},{"type":"B","date":"2018-03-20T02:00:32.000Z","volume":4000,"label":" ","price":5.17},{"type":"A","date":"2018-03-20T02:00:56.000Z","volume":8000,"label":" ","price":5.21},{"type":"A","date":"2018-03-20T02:01:58.000Z","volume":4000,"label":" ","price":5.21},{"type":"A","date":"2018-03-20T02:02:00.000Z","volume":4000,"label":" ","price":5.21},{"type":"A","date":"2018-03-20T02:02:31.000Z","volume":4000,"label":" ","price":5.21},{"type":"A","date":"2018-03-20T02:03:17.000Z","volume":12000,"label":" ","price":5.21},{"type":"B","date":"2018-03-20T02:03:19.000Z","volume":4000,"label":" ","price":5.19},{"type":"A","date":"2018-03-20T02:03:46.000Z","volume":20000,"label":" ","price":5.21},{"type":"A","date":"2018-03-20T02:03:46.000Z","volume":4000,"label":" ","price":5.22},{"type":"A","date":"2018-03-20T02:04:31.000Z","volume":12000,"label":" ","price":5.23},{"type":"B","date":"2018-03-20T02:04:32.000Z","volume":8000,"label":" ","price":5.23},{"type":"B","date":"2018-03-20T02:06:45.000Z","volume":24000,"label":" ","price":5.23},{"type":"B","date":"2018-03-20T02:06:45.000Z","volume":8000,"label":" ","price":5.22},{"type":"B","date":"2018-03-20T02:06:46.000Z","volume":4000,"label":" ","price":5.22},{"type":"B","date":"2018-03-20T02:07:00.000Z","volume":4000,"label":" ","price":5.22},{"type":"B","date":"2018-03-20T02:07:01.000Z","volume":20000,"label":" ","price":5.22},{"type":"B","date":"2018-03-20T02:07:35.000Z","volume":32000,"label":" ","price":5.21},{"type":"B","date":"2018-03-20T02:07:37.000Z","volume":4000,"label":" ","price":5.2},{"type":"B","date":"2018-03-20T02:08:37.000Z","volume":24000,"label":" ","price":5.19},{"type":"B","date":"2018-03-20T02:08:37.000Z","volume":4000,"label":" ","price":5.17},{"type":"A","date":"2018-03-20T02:09:15.000Z","volume":4000,"label":"Y","price":5.21},{"type":"B","date":"2018-03-20T02:09:27.000Z","volume":16000,"label":" ","price":5.17},{"type":"B","date":"2018-03-20T02:09:32.000Z","volume":4000,"label":" ","price":5.17},{"type":"B","date":"2018-03-20T02:09:32.000Z","volume":4000,"label":" ","price":5.17},{"type":"B","date":"2018-03-20T02:09:32.000Z","volume":4000,"label":" ","price":5.16},{"type":"A","date":"2018-03-20T02:09:32.000Z","volume":4000,"label":" ","price":5.17},{"type":"A","date":"2018-03-20T02:09:54.000Z","volume":8000,"label":"Y","price":5.21},{"type":"A","date":"2018-03-20T02:10:32.000Z","volume":4000,"label":"Y","price":5.21},{"type":"A","date":"2018-03-20T02:11:27.000Z","volume":4000,"label":" ","price":5.2},{"type":"A","date":"2018-03-20T02:12:42.000Z","volume":20000,"label":" ","price":5.2},{"type":"B","date":"2018-03-20T02:12:42.000Z","volume":4000,"label":" ","price":5.18},{"type":"A","date":"2018-03-20T02:12:55.000Z","volume":8000,"label":" ","price":5.2},{"type":"A","date":"2018-03-20T02:13:10.000Z","volume":8000,"label":" ","price":5.2},{"type":"A","date":"2018-03-20T02:13:19.000Z","volume":12000,"label":" ","price":5.2},{"type":"B","date":"2018-03-20T02:13:19.000Z","volume":4000,"label":" ","price":5.2},{"type":"A","date":"2018-03-20T02:13:51.000Z","volume":4000,"label":" ","price":5.21},{"type":"B","date":"2018-03-20T02:13:56.000Z","volume":20000,"label":" ","price":5.2},{"type":"B","date":"2018-03-20T02:14:13.000Z","volume":20000,"label":" ","price":5.2},{"type":"B","date":"2018-03-20T02:14:13.000Z","volume":4000,"label":" ","price":5.2},{"type":"A","date":"2018-03-20T02:14:29.000Z","volume":8000,"label":" ","price":5.21},{"type":"A","date":"2018-03-20T02:14:29.000Z","volume":12000,"label":" ","price":5.21},{"type":"A","date":"2018-03-20T02:15:09.000Z","volume":4000,"label":" ","price":5.21},{"type":"A","date":"2018-03-20T02:15:31.000Z","volume":24000,"label":" ","price":5.21},{"type":"B","date":"2018-03-20T02:15:31.000Z","volume":4000,"label":" ","price":5.21},{"type":"A","date":"2018-03-20T02:15:48.000Z","volume":4000,"label":" ","price":5.22},{"type":"A","date":"2018-03-20T02:15:48.000Z","volume":32000,"label":" ","price":5.22},{"type":"B","date":"2018-03-20T02:16:29.000Z","volume":20000,"label":" ","price":5.22},{"type":"B","date":"2018-03-20T02:16:29.000Z","volume":4000,"label":" ","price":5.21},{"type":"A","date":"2018-03-20T02:16:29.000Z","volume":4000,"label":" ","price":5.23},{"type":"A","date":"2018-03-20T02:16:29.000Z","volume":4000,"label":" ","price":5.23},{"type":"B","date":"2018-03-20T02:17:03.000Z","volume":4000,"label":" ","price":5.22},{"type":"A","date":"2018-03-20T02:17:05.000Z","volume":8000,"label":" ","price":5.24},{"type":"A","date":"2018-03-20T02:17:12.000Z","volume":4000,"label":" ","price":5.24},{"type":"A","date":"2018-03-20T02:17:52.000Z","volume":4000,"label":" ","price":5.24},{"type":"B","date":"2018-03-20T02:18:22.000Z","volume":16000,"label":" ","price":5.22},{"type":"B","date":"2018-03-20T02:18:22.000Z","volume":4000,"label":" ","price":5.21},{"type":"A","date":"2018-03-20T02:18:43.000Z","volume":8000,"label":"Y","price":5.23},{"type":"A","date":"2018-03-20T02:18:43.000Z","volume":12000,"label":" ","price":5.23},{"type":"A","date":"2018-03-20T02:19:17.000Z","volume":8000,"label":" ","price":5.23},{"type":"B","date":"2018-03-20T02:19:17.000Z","volume":4000,"label":" ","price":5.21},{"type":"A","date":"2018-03-20T02:19:59.000Z","volume":4000,"label":" ","price":5.23},{"type":"B","date":"2018-03-20T02:21:18.000Z","volume":44000,"label":" ","price":5.21},{"type":"B","date":"2018-03-20T02:21:21.000Z","volume":4000,"label":" ","price":5.21},{"type":"B","date":"2018-03-20T02:21:35.000Z","volume":72000,"label":" ","price":5.21},{"type":"B","date":"2018-03-20T02:21:35.000Z","volume":8000,"label":" ","price":5.19},{"type":"A","date":"2018-03-20T02:21:57.000Z","volume":28000,"label":" ","price":5.22},{"type":"B","date":"2018-03-20T02:22:01.000Z","volume":4000,"label":" ","price":5.18},{"type":"U","date":"2018-03-20T02:22:05.000Z","volume":4000,"label":" ","price":5.21},{"type":"A","date":"2018-03-20T02:22:37.000Z","volume":8000,"label":" ","price":5.22},{"type":"B","date":"2018-03-20T02:25:30.000Z","volume":8000,"label":" ","price":5.18},{"type":"B","date":"2018-03-20T02:27:17.000Z","volume":4000,"label":" ","price":5.19},{"type":"B","date":"2018-03-20T02:27:17.000Z","volume":4000,"label":" ","price":5.19},{"type":"B","date":"2018-03-20T02:27:17.000Z","volume":4000,"label":" ","price":5.19},{"type":"B","date":"2018-03-20T02:27:17.000Z","volume":4000,"label":" ","price":5.19},{"type":"A","date":"2018-03-20T02:27:54.000Z","volume":4000,"label":" ","price":5.21},{"type":"A","date":"2018-03-20T02:28:15.000Z","volume":24000,"label":" ","price":5.21},{"type":"A","date":"2018-03-20T02:28:35.000Z","volume":4000,"label":" ","price":5.22},{"type":"B","date":"2018-03-20T02:30:52.000Z","volume":8000,"label":" ","price":5.21},{"type":"B","date":"2018-03-20T02:30:53.000Z","volume":4000,"label":" ","price":5.21},{"type":"A","date":"2018-03-20T02:31:19.000Z","volume":4000,"label":" ","price":5.22},{"type":"A","date":"2018-03-20T02:31:28.000Z","volume":4000,"label":" ","price":5.22},{"type":"A","date":"2018-03-20T02:31:50.000Z","volume":8000,"label":" ","price":5.22},{"type":"A","date":"2018-03-20T02:31:59.000Z","volume":80000,"label":" ","price":5.23},{"type":"B","date":"2018-03-20T02:31:59.000Z","volume":8000,"label":" ","price":5.23},{"type":"A","date":"2018-03-20T02:32:40.000Z","volume":20000,"label":" ","price":5.24},{"type":"A","date":"2018-03-20T02:32:40.000Z","volume":4000,"label":" ","price":5.24},{"type":"A","date":"2018-03-20T02:32:45.000Z","volume":4000,"label":" ","price":5.24},{"type":"A","date":"2018-03-20T02:32:49.000Z","volume":8000,"label":" ","price":5.24},{"type":"A","date":"2018-03-20T02:33:20.000Z","volume":8000,"label":" ","price":5.25},{"type":"A","date":"2018-03-20T02:33:32.000Z","volume":4000,"label":" ","price":5.25},{"type":"A","date":"2018-03-20T02:34:00.000Z","volume":4000,"label":" ","price":5.25},{"type":"A","date":"2018-03-20T02:34:15.000Z","volume":4000,"label":" ","price":5.25},{"type":"A","date":"2018-03-20T02:37:30.000Z","volume":16000,"label":" ","price":5.25},{"type":"U","date":"2018-03-20T02:37:42.000Z","volume":28000,"label":" ","price":5.25},{"type":"B","date":"2018-03-20T02:37:43.000Z","volume":4000,"label":" ","price":5.23},{"type":"A","date":"2018-03-20T02:38:00.000Z","volume":12000,"label":" ","price":5.25},{"type":"B","date":"2018-03-20T02:38:02.000Z","volume":4000,"label":" ","price":5.24},{"type":"A","date":"2018-03-20T02:38:06.000Z","volume":8000,"label":" ","price":5.25},{"type":"B","date":"2018-03-20T02:38:06.000Z","volume":4000,"label":" ","price":5.23},{"type":"A","date":"2018-03-20T02:38:41.000Z","volume":4000,"label":" ","price":5.25},{"type":"A","date":"2018-03-20T02:38:48.000Z","volume":32000,"label":" ","price":5.25},{"type":"B","date":"2018-03-20T02:38:48.000Z","volume":4000,"label":" ","price":5.23},{"type":"A","date":"2018-03-20T02:39:01.000Z","volume":12000,"label":" ","price":5.25},{"type":"B","date":"2018-03-20T02:39:03.000Z","volume":28000,"label":" ","price":5.25},{"type":"B","date":"2018-03-20T02:39:05.000Z","volume":4000,"label":" ","price":5.23},{"type":"A","date":"2018-03-20T02:39:20.000Z","volume":8000,"label":" ","price":5.26},{"type":"U","date":"2018-03-20T02:39:38.000Z","volume":4000,"label":" ","price":5.25},{"type":"A","date":"2018-03-20T02:40:00.000Z","volume":4000,"label":" ","price":5.26},{"type":"B","date":"2018-03-20T02:40:16.000Z","volume":20000,"label":" ","price":5.24},{"type":"B","date":"2018-03-20T02:40:16.000Z","volume":4000,"label":" ","price":5.23},{"type":"A","date":"2018-03-20T02:40:40.000Z","volume":4000,"label":" ","price":5.26},{"type":"A","date":"2018-03-20T02:42:17.000Z","volume":8000,"label":" ","price":5.26},{"type":"B","date":"2018-03-20T02:42:32.000Z","volume":4000,"label":" ","price":5.24},{"type":"A","date":"2018-03-20T02:42:40.000Z","volume":4000,"label":" ","price":5.24},{"type":"B","date":"2018-03-20T02:43:43.000Z","volume":32000,"label":" ","price":5.23},{"type":"B","date":"2018-03-20T02:43:43.000Z","volume":20000,"label":" ","price":5.23},{"type":"B","date":"2018-03-20T02:43:45.000Z","volume":4000,"label":" ","price":5.22},{"type":"B","date":"2018-03-20T02:43:46.000Z","volume":4000,"label":" ","price":5.21},{"type":"B","date":"2018-03-20T02:43:58.000Z","volume":4000,"label":" ","price":5.21},{"type":"A","date":"2018-03-20T02:44:00.000Z","volume":12000,"label":" ","price":5.23},{"type":"B","date":"2018-03-20T02:44:03.000Z","volume":4000,"label":" ","price":5.21},{"type":"A","date":"2018-03-20T02:44:40.000Z","volume":4000,"label":" ","price":5.23},{"type":"A","date":"2018-03-20T02:45:20.000Z","volume":4000,"label":" ","price":5.23},{"type":"A","date":"2018-03-20T02:45:20.000Z","volume":8000,"label":" ","price":5.23},{"type":"B","date":"2018-03-20T02:45:20.000Z","volume":4000,"label":" ","price":5.21},{"type":"B","date":"2018-03-20T02:46:05.000Z","volume":4000,"label":" ","price":5.22},{"type":"A","date":"2018-03-20T02:46:43.000Z","volume":4000,"label":" ","price":5.23},{"type":"B","date":"2018-03-20T02:48:02.000Z","volume":20000,"label":" ","price":5.22},{"type":"B","date":"2018-03-20T02:48:31.000Z","volume":60000,"label":" ","price":5.21},{"type":"B","date":"2018-03-20T02:48:31.000Z","volume":8000,"label":" ","price":5.2},{"type":"A","date":"2018-03-20T02:48:46.000Z","volume":16000,"label":" ","price":5.23},{"type":"B","date":"2018-03-20T02:48:49.000Z","volume":4000,"label":" ","price":5.2},{"type":"B","date":"2018-03-20T02:49:05.000Z","volume":8000,"label":" ","price":5.2},{"type":"B","date":"2018-03-20T02:49:26.000Z","volume":12000,"label":" ","price":5.2},{"type":"A","date":"2018-03-20T02:49:28.000Z","volume":8000,"label":" ","price":5.21},{"type":"A","date":"2018-03-20T02:49:31.000Z","volume":8000,"label":" ","price":5.21},{"type":"B","date":"2018-03-20T02:49:33.000Z","volume":4000,"label":" ","price":5.18},{"type":"A","date":"2018-03-20T02:50:02.000Z","volume":8000,"label":" ","price":5.21},{"type":"A","date":"2018-03-20T02:50:02.000Z","volume":4000,"label":" ","price":5.21},{"type":"A","date":"2018-03-20T02:50:10.000Z","volume":8000,"label":" ","price":5.22},{"type":"B","date":"2018-03-20T02:50:45.000Z","volume":12000,"label":" ","price":5.19},{"type":"A","date":"2018-03-20T02:50:51.000Z","volume":4000,"label":" ","price":5.21},{"type":"B","date":"2018-03-20T02:50:52.000Z","volume":4000,"label":" ","price":5.18},{"type":"A","date":"2018-03-20T02:51:32.000Z","volume":4000,"label":" ","price":5.21},{"type":"A","date":"2018-03-20T02:55:08.000Z","volume":12000,"label":" ","price":5.21},{"type":"A","date":"2018-03-20T02:56:04.000Z","volume":4000,"label":" ","price":5.21},{"type":"A","date":"2018-03-20T02:56:35.000Z","volume":4000,"label":" ","price":5.21},{"type":"B","date":"2018-03-20T03:00:35.000Z","volume":12000,"label":" ","price":5.21},{"type":"B","date":"2018-03-20T03:00:35.000Z","volume":4000,"label":" ","price":5.2},{"type":"U","date":"2018-03-20T03:00:57.000Z","volume":4000,"label":" ","price":5.2},{"type":"A","date":"2018-03-20T03:00:59.000Z","volume":4000,"label":" ","price":5.2},{"type":"A","date":"2018-03-20T03:01:01.000Z","volume":16000,"label":" ","price":5.2},{"type":"A","date":"2018-03-20T03:01:42.000Z","volume":4000,"label":" ","price":5.21},{"type":"B","date":"2018-03-20T03:01:43.000Z","volume":4000,"label":" ","price":5.19},{"type":"B","date":"2018-03-20T03:02:19.000Z","volume":16000,"label":" ","price":5.19},{"type":"B","date":"2018-03-20T03:02:19.000Z","volume":4000,"label":" ","price":5.18},{"type":"A","date":"2018-03-20T03:03:04.000Z","volume":8000,"label":" ","price":5.21},{"type":"B","date":"2018-03-20T03:04:53.000Z","volume":4000,"label":" ","price":5.19},{"type":"B","date":"2018-03-20T03:07:11.000Z","volume":100000,"label":" ","price":5.18},{"type":"B","date":"2018-03-20T03:07:11.000Z","volume":8000,"label":" ","price":5.18},{"type":"B","date":"2018-03-20T03:07:12.000Z","volume":8000,"label":" ","price":5.16},{"type":"U","date":"2018-03-20T03:07:12.000Z","volume":4000,"label":" ","price":5.17},{"type":"B","date":"2018-03-20T03:07:12.000Z","volume":12000,"label":" ","price":5.15},{"type":"B","date":"2018-03-20T03:07:13.000Z","volume":4000,"label":" ","price":5.15},{"type":"A","date":"2018-03-20T03:07:53.000Z","volume":24000,"label":" ","price":5.18},{"type":"B","date":"2018-03-20T03:07:54.000Z","volume":4000,"label":" ","price":5.15},{"type":"A","date":"2018-03-20T03:08:34.000Z","volume":4000,"label":" ","price":5.18},{"type":"A","date":"2018-03-20T03:09:19.000Z","volume":4000,"label":" ","price":5.18},{"type":"B","date":"2018-03-20T03:09:20.000Z","volume":4000,"label":" ","price":5.15},{"type":"B","date":"2018-03-20T03:13:49.000Z","volume":12000,"label":" ","price":5.15},{"type":"A","date":"2018-03-20T03:14:14.000Z","volume":4000,"label":" ","price":5.18},{"type":"A","date":"2018-03-20T03:16:40.000Z","volume":4000,"label":" ","price":5.18},{"type":"B","date":"2018-03-20T03:16:43.000Z","volume":4000,"label":" ","price":5.16},{"type":"B","date":"2018-03-20T03:21:16.000Z","volume":4000,"label":" ","price":5.16},{"type":"A","date":"2018-03-20T03:21:46.000Z","volume":4000,"label":" ","price":5.18},{"type":"B","date":"2018-03-20T03:21:47.000Z","volume":4000,"label":" ","price":5.16},{"type":"B","date":"2018-03-20T03:21:47.000Z","volume":4000,"label":" ","price":5.15},{"type":"B","date":"2018-03-20T03:24:47.000Z","volume":4000,"label":" ","price":5.17},{"type":"B","date":"2018-03-20T03:26:06.000Z","volume":4000,"label":" ","price":5.17},{"type":"A","date":"2018-03-20T03:26:07.000Z","volume":4000,"label":" ","price":5.18},{"type":"B","date":"2018-03-20T03:26:10.000Z","volume":4000,"label":" ","price":5.17},{"type":"A","date":"2018-03-20T03:26:55.000Z","volume":4000,"label":" ","price":5.18},{"type":"A","date":"2018-03-20T03:27:17.000Z","volume":4000,"label":" ","price":5.18},{"type":"A","date":"2018-03-20T03:28:22.000Z","volume":8000,"label":" ","price":5.18},{"type":"A","date":"2018-03-20T03:28:47.000Z","volume":4000,"label":" ","price":5.18},{"type":"A","date":"2018-03-20T03:28:49.000Z","volume":80000,"label":" ","price":5.18},{"type":"A","date":"2018-03-20T03:28:49.000Z","volume":20000,"label":" ","price":5.18},{"type":"A","date":"2018-03-20T03:29:46.000Z","volume":20000,"label":" ","price":5.19},{"type":"A","date":"2018-03-20T03:29:46.000Z","volume":40000,"label":" ","price":5.19},{"type":"B","date":"2018-03-20T03:29:46.000Z","volume":4000,"label":" ","price":5.18},{"type":"B","date":"2018-03-20T03:29:46.000Z","volume":4000,"label":" ","price":5.18},{"type":"A","date":"2018-03-20T03:30:03.000Z","volume":60000,"label":" ","price":5.2},{"type":"A","date":"2018-03-20T03:30:12.000Z","volume":8000,"label":" ","price":5.2},{"type":"A","date":"2018-03-20T03:30:44.000Z","volume":16000,"label":" ","price":5.2},{"type":"B","date":"2018-03-20T03:30:45.000Z","volume":4000,"label":" ","price":5.18},{"type":"B","date":"2018-03-20T03:30:45.000Z","volume":4000,"label":" ","price":5.18},{"type":"A","date":"2018-03-20T03:30:48.000Z","volume":20000,"label":" ","price":5.2},{"type":"B","date":"2018-03-20T03:30:48.000Z","volume":4000,"label":" ","price":5.2},{"type":"B","date":"2018-03-20T03:30:48.000Z","volume":16000,"label":" ","price":5.2},{"type":"A","date":"2018-03-20T03:30:55.000Z","volume":4000,"label":" ","price":5.21},{"type":"A","date":"2018-03-20T03:31:00.000Z","volume":4000,"label":" ","price":5.21},{"type":"B","date":"2018-03-20T03:31:00.000Z","volume":4000,"label":" ","price":5.2},{"type":"A","date":"2018-03-20T03:31:01.000Z","volume":20000,"label":" ","price":5.21},{"type":"B","date":"2018-03-20T03:31:02.000Z","volume":28000,"label":" ","price":5.2},{"type":"B","date":"2018-03-20T03:31:02.000Z","volume":4000,"label":" ","price":5.2},{"type":"B","date":"2018-03-20T03:31:03.000Z","volume":4000,"label":" ","price":5.2},{"type":"A","date":"2018-03-20T03:31:39.000Z","volume":20000,"label":" ","price":5.21},{"type":"A","date":"2018-03-20T03:35:11.000Z","volume":4000,"label":" ","price":5.21},{"type":"A","date":"2018-03-20T03:36:27.000Z","volume":20000,"label":" ","price":5.21},{"type":"A","date":"2018-03-20T03:37:50.000Z","volume":8000,"label":" ","price":5.21},{"type":"B","date":"2018-03-20T03:40:37.000Z","volume":16000,"label":" ","price":5.2},{"type":"A","date":"2018-03-20T03:41:30.000Z","volume":4000,"label":"Y","price":5.21},{"type":"B","date":"2018-03-20T03:41:30.000Z","volume":4000,"label":" ","price":5.2},{"type":"B","date":"2018-03-20T03:48:16.000Z","volume":4000,"label":" ","price":5.2},{"type":"A","date":"2018-03-20T03:49:32.000Z","volume":48000,"label":" ","price":5.21},{"type":"B","date":"2018-03-20T03:49:32.000Z","volume":4000,"label":" ","price":5.2},{"type":"U","date":"2018-03-20T03:51:17.000Z","volume":4000,"label":" ","price":5.21},{"type":"A","date":"2018-03-20T03:52:59.000Z","volume":100000,"label":" ","price":5.22},{"type":"B","date":"2018-03-20T03:52:59.000Z","volume":4000,"label":" ","price":5.19},{"type":"B","date":"2018-03-20T03:52:59.000Z","volume":4000,"label":" ","price":5.19},{"type":"A","date":"2018-03-20T03:56:10.000Z","volume":8000,"label":" ","price":5.21},{"type":"B","date":"2018-03-20T03:56:10.000Z","volume":4000,"label":" ","price":5.21},{"type":"B","date":"2018-03-20T03:56:12.000Z","volume":4000,"label":" ","price":5.21},{"type":"A","date":"2018-03-20T03:56:33.000Z","volume":4000,"label":" ","price":5.22},{"type":"A","date":"2018-03-20T05:00:00.000Z","volume":4000,"label":" ","price":5.22},{"type":"A","date":"2018-03-20T05:00:03.000Z","volume":12000,"label":" ","price":5.22},{"type":"B","date":"2018-03-20T05:00:03.000Z","volume":4000,"label":" ","price":5.21},{"type":"B","date":"2018-03-20T05:00:05.000Z","volume":4000,"label":" ","price":5.21},{"type":"B","date":"2018-03-20T05:00:07.000Z","volume":8000,"label":" ","price":5.22},{"type":"B","date":"2018-03-20T05:00:08.000Z","volume":4000,"label":" ","price":5.21},{"type":"B","date":"2018-03-20T05:00:11.000Z","volume":4000,"label":" ","price":5.22},{"type":"A","date":"2018-03-20T05:01:22.000Z","volume":72000,"label":" ","price":5.23},{"type":"A","date":"2018-03-20T05:01:22.000Z","volume":8000,"label":" ","price":5.23},{"type":"B","date":"2018-03-20T05:01:22.000Z","volume":4000,"label":" ","price":5.22},{"type":"B","date":"2018-03-20T05:01:23.000Z","volume":4000,"label":" ","price":5.22},{"type":"B","date":"2018-03-20T05:01:24.000Z","volume":4000,"label":" ","price":5.22},{"type":"A","date":"2018-03-20T05:01:30.000Z","volume":24000,"label":" ","price":5.24},{"type":"A","date":"2018-03-20T05:01:50.000Z","volume":8000,"label":"Y","price":5.24},{"type":"A","date":"2018-03-20T05:06:07.000Z","volume":4000,"label":" ","price":5.24},{"type":"B","date":"2018-03-20T05:06:07.000Z","volume":4000,"label":" ","price":5.22},{"type":"B","date":"2018-03-20T05:06:10.000Z","volume":4000,"label":" ","price":5.22},{"type":"B","date":"2018-03-20T05:06:11.000Z","volume":4000,"label":" ","price":5.22},{"type":"A","date":"2018-03-20T05:06:16.000Z","volume":4000,"label":" ","price":5.24},{"type":"A","date":"2018-03-20T05:06:28.000Z","volume":4000,"label":" ","price":5.24},{"type":"B","date":"2018-03-20T05:06:28.000Z","volume":4000,"label":" ","price":5.23},{"type":"A","date":"2018-03-20T05:08:28.000Z","volume":12000,"label":" ","price":5.23},{"type":"A","date":"2018-03-20T05:08:34.000Z","volume":8000,"label":" ","price":5.23},{"type":"B","date":"2018-03-20T05:08:34.000Z","volume":4000,"label":" ","price":5.22},{"type":"B","date":"2018-03-20T05:08:35.000Z","volume":4000,"label":" ","price":5.22},{"type":"A","date":"2018-03-20T05:11:16.000Z","volume":8000,"label":" ","price":5.23},{"type":"A","date":"2018-03-20T05:12:40.000Z","volume":24000,"label":" ","price":5.23},{"type":"A","date":"2018-03-20T05:12:41.000Z","volume":28000,"label":" ","price":5.24},{"type":"B","date":"2018-03-20T05:12:43.000Z","volume":4000,"label":" ","price":5.23},{"type":"A","date":"2018-03-20T05:12:48.000Z","volume":8000,"label":" ","price":5.25},{"type":"A","date":"2018-03-20T05:12:49.000Z","volume":8000,"label":" ","price":5.25},{"type":"A","date":"2018-03-20T05:12:50.000Z","volume":48000,"label":" ","price":5.25},{"type":"A","date":"2018-03-20T05:12:50.000Z","volume":16000,"label":"Y","price":5.26},{"type":"A","date":"2018-03-20T05:12:50.000Z","volume":36000,"label":" ","price":5.26},{"type":"B","date":"2018-03-20T05:12:50.000Z","volume":4000,"label":" ","price":5.23},{"type":"B","date":"2018-03-20T05:12:51.000Z","volume":4000,"label":" ","price":5.22},{"type":"B","date":"2018-03-20T05:12:51.000Z","volume":8000,"label":" ","price":5.22},{"type":"B","date":"2018-03-20T05:12:53.000Z","volume":4000,"label":" ","price":5.23},{"type":"A","date":"2018-03-20T05:12:59.000Z","volume":4000,"label":" ","price":5.26},{"type":"A","date":"2018-03-20T05:13:03.000Z","volume":12000,"label":" ","price":5.27},{"type":"B","date":"2018-03-20T05:13:05.000Z","volume":4000,"label":" ","price":5.26},{"type":"B","date":"2018-03-20T05:13:26.000Z","volume":4000,"label":" ","price":5.26},{"type":"A","date":"2018-03-20T05:16:12.000Z","volume":72000,"label":" ","price":5.26},{"type":"A","date":"2018-03-20T05:16:12.000Z","volume":4000,"label":" ","price":5.26},{"type":"B","date":"2018-03-20T05:16:12.000Z","volume":8000,"label":" ","price":5.26},{"type":"A","date":"2018-03-20T05:16:34.000Z","volume":56000,"label":" ","price":5.27},{"type":"B","date":"2018-03-20T05:16:34.000Z","volume":4000,"label":" ","price":5.26},{"type":"B","date":"2018-03-20T05:16:36.000Z","volume":4000,"label":" ","price":5.26},{"type":"A","date":"2018-03-20T05:16:38.000Z","volume":8000,"label":" ","price":5.27},{"type":"B","date":"2018-03-20T05:16:45.000Z","volume":8000,"label":" ","price":5.26},{"type":"B","date":"2018-03-20T05:16:45.000Z","volume":4000,"label":" ","price":5.23},{"type":"A","date":"2018-03-20T05:19:42.000Z","volume":12000,"label":" ","price":5.27},{"type":"A","date":"2018-03-20T05:19:42.000Z","volume":88000,"label":" ","price":5.28},{"type":"B","date":"2018-03-20T05:19:44.000Z","volume":8000,"label":" ","price":5.25},{"type":"A","date":"2018-03-20T05:19:53.000Z","volume":8000,"label":" ","price":5.29},{"type":"B","date":"2018-03-20T05:19:53.000Z","volume":4000,"label":" ","price":5.25},{"type":"B","date":"2018-03-20T05:20:02.000Z","volume":4000,"label":" ","price":5.25},{"type":"A","date":"2018-03-20T05:21:11.000Z","volume":20000,"label":" ","price":5.28},{"type":"A","date":"2018-03-20T05:21:20.000Z","volume":4000,"label":" ","price":5.28},{"type":"A","date":"2018-03-20T05:21:23.000Z","volume":4000,"label":" ","price":5.28},{"type":"A","date":"2018-03-20T05:21:59.000Z","volume":4000,"label":" ","price":5.28},{"type":"B","date":"2018-03-20T05:21:59.000Z","volume":4000,"label":" ","price":5.25},{"type":"A","date":"2018-03-20T05:22:15.000Z","volume":4000,"label":" ","price":5.28},{"type":"A","date":"2018-03-20T05:22:20.000Z","volume":4000,"label":" ","price":5.29},{"type":"A","date":"2018-03-20T05:22:25.000Z","volume":4000,"label":" ","price":5.29},{"type":"A","date":"2018-03-20T05:22:27.000Z","volume":12000,"label":" ","price":5.29},{"type":"B","date":"2018-03-20T05:24:44.000Z","volume":12000,"label":" ","price":5.29},{"type":"B","date":"2018-03-20T05:24:44.000Z","volume":4000,"label":" ","price":5.28},{"type":"A","date":"2018-03-20T05:24:48.000Z","volume":4000,"label":" ","price":5.3},{"type":"B","date":"2018-03-20T05:24:52.000Z","volume":4000,"label":" ","price":5.29},{"type":"B","date":"2018-03-20T05:25:02.000Z","volume":4000,"label":" ","price":5.29},{"type":"B","date":"2018-03-20T05:25:17.000Z","volume":4000,"label":"Y","price":5.29},{"type":"A","date":"2018-03-20T05:25:25.000Z","volume":4000,"label":" ","price":5.3},{"type":"A","date":"2018-03-20T05:26:22.000Z","volume":36000,"label":"Y","price":5.3},{"type":"A","date":"2018-03-20T05:26:22.000Z","volume":48000,"label":" ","price":5.3},{"type":"A","date":"2018-03-20T05:26:22.000Z","volume":4000,"label":" ","price":5.3},{"type":"A","date":"2018-03-20T05:26:30.000Z","volume":20000,"label":" ","price":5.31},{"type":"B","date":"2018-03-20T05:26:30.000Z","volume":4000,"label":" ","price":5.29},{"type":"A","date":"2018-03-20T05:26:32.000Z","volume":4000,"label":" ","price":5.31},{"type":"A","date":"2018-03-20T05:27:30.000Z","volume":12000,"label":" ","price":5.31},{"type":"A","date":"2018-03-20T05:27:30.000Z","volume":32000,"label":" ","price":5.31},{"type":"A","date":"2018-03-20T05:27:38.000Z","volume":12000,"label":" ","price":5.32},{"type":"A","date":"2018-03-20T05:29:08.000Z","volume":8000,"label":" ","price":5.31},{"type":"B","date":"2018-03-20T05:29:11.000Z","volume":4000,"label":" ","price":5.29},{"type":"B","date":"2018-03-20T05:29:37.000Z","volume":12000,"label":" ","price":5.29},{"type":"A","date":"2018-03-20T05:29:42.000Z","volume":4000,"label":" ","price":5.29},{"type":"A","date":"2018-03-20T05:29:42.000Z","volume":8000,"label":" ","price":5.29},{"type":"B","date":"2018-03-20T05:29:44.000Z","volume":20000,"label":" ","price":5.28},{"type":"B","date":"2018-03-20T05:29:44.000Z","volume":4000,"label":" ","price":5.26},{"type":"A","date":"2018-03-20T05:29:48.000Z","volume":44000,"label":" ","price":5.28},{"type":"A","date":"2018-03-20T05:29:52.000Z","volume":8000,"label":" ","price":5.3},{"type":"A","date":"2018-03-20T05:29:57.000Z","volume":8000,"label":" ","price":5.3},{"type":"A","date":"2018-03-20T05:29:59.000Z","volume":4000,"label":" ","price":5.29},{"type":"B","date":"2018-03-20T05:30:00.000Z","volume":4000,"label":" ","price":5.26},{"type":"A","date":"2018-03-20T05:31:49.000Z","volume":16000,"label":" ","price":5.3},{"type":"A","date":"2018-03-20T05:31:49.000Z","volume":8000,"label":" ","price":5.3},{"type":"B","date":"2018-03-20T05:31:50.000Z","volume":8000,"label":" ","price":5.28},{"type":"B","date":"2018-03-20T05:31:50.000Z","volume":8000,"label":" ","price":5.27},{"type":"B","date":"2018-03-20T05:31:50.000Z","volume":16000,"label":" ","price":5.26},{"type":"B","date":"2018-03-20T05:31:51.000Z","volume":4000,"label":" ","price":5.26},{"type":"A","date":"2018-03-20T05:31:58.000Z","volume":16000,"label":" ","price":5.3},{"type":"A","date":"2018-03-20T05:31:58.000Z","volume":8000,"label":" ","price":5.31},{"type":"A","date":"2018-03-20T05:31:58.000Z","volume":4000,"label":" ","price":5.31},{"type":"B","date":"2018-03-20T05:31:58.000Z","volume":4000,"label":" ","price":5.3},{"type":"A","date":"2018-03-20T05:32:27.000Z","volume":12000,"label":" ","price":5.31},{"type":"A","date":"2018-03-20T05:32:35.000Z","volume":4000,"label":" ","price":5.32},{"type":"A","date":"2018-03-20T05:33:02.000Z","volume":12000,"label":" ","price":5.31},{"type":"B","date":"2018-03-20T05:33:04.000Z","volume":4000,"label":" ","price":5.3},{"type":"A","date":"2018-03-20T05:33:07.000Z","volume":4000,"label":" ","price":5.31},{"type":"A","date":"2018-03-20T05:33:12.000Z","volume":8000,"label":" ","price":5.31},{"type":"A","date":"2018-03-20T05:34:01.000Z","volume":40000,"label":" ","price":5.32},{"type":"A","date":"2018-03-20T05:34:02.000Z","volume":4000,"label":" ","price":5.32},{"type":"A","date":"2018-03-20T05:34:09.000Z","volume":8000,"label":" ","price":5.33},{"type":"A","date":"2018-03-20T05:34:31.000Z","volume":16000,"label":"Y","price":5.33},{"type":"A","date":"2018-03-20T05:34:31.000Z","volume":8000,"label":" ","price":5.33},{"type":"A","date":"2018-03-20T05:34:36.000Z","volume":8000,"label":" ","price":5.34},{"type":"A","date":"2018-03-20T05:34:38.000Z","volume":40000,"label":" ","price":5.34},{"type":"A","date":"2018-03-20T05:34:38.000Z","volume":8000,"label":" ","price":5.35},{"type":"A","date":"2018-03-20T05:34:43.000Z","volume":8000,"label":" ","price":5.36},{"type":"A","date":"2018-03-20T05:35:01.000Z","volume":8000,"label":" ","price":5.36},{"type":"A","date":"2018-03-20T05:35:03.000Z","volume":4000,"label":" ","price":5.36},{"type":"A","date":"2018-03-20T05:35:13.000Z","volume":16000,"label":" ","price":5.37},{"type":"B","date":"2018-03-20T05:35:13.000Z","volume":20000,"label":" ","price":5.37},{"type":"B","date":"2018-03-20T05:35:14.000Z","volume":4000,"label":" ","price":5.35},{"type":"B","date":"2018-03-20T05:35:18.000Z","volume":8000,"label":" ","price":5.36},{"type":"B","date":"2018-03-20T05:35:25.000Z","volume":16000,"label":" ","price":5.35},{"type":"A","date":"2018-03-20T05:35:33.000Z","volume":4000,"label":" ","price":5.36},{"type":"B","date":"2018-03-20T05:35:35.000Z","volume":4000,"label":" ","price":5.33},{"type":"A","date":"2018-03-20T05:35:41.000Z","volume":8000,"label":" ","price":5.36},{"type":"A","date":"2018-03-20T05:35:46.000Z","volume":4000,"label":" ","price":5.36},{"type":"B","date":"2018-03-20T05:35:50.000Z","volume":4000,"label":" ","price":5.35},{"type":"A","date":"2018-03-20T05:36:03.000Z","volume":8000,"label":" ","price":5.36},{"type":"A","date":"2018-03-20T05:36:15.000Z","volume":4000,"label":" ","price":5.36},{"type":"A","date":"2018-03-20T05:36:16.000Z","volume":20000,"label":" ","price":5.38},{"type":"B","date":"2018-03-20T05:36:16.000Z","volume":4000,"label":" ","price":5.34},{"type":"A","date":"2018-03-20T05:36:30.000Z","volume":8000,"label":" ","price":5.35},{"type":"A","date":"2018-03-20T05:37:01.000Z","volume":24000,"label":" ","price":5.35},{"type":"B","date":"2018-03-20T05:37:20.000Z","volume":8000,"label":" ","price":5.35},{"type":"A","date":"2018-03-20T05:38:58.000Z","volume":8000,"label":" ","price":5.36},{"type":"A","date":"2018-03-20T05:39:57.000Z","volume":12000,"label":" ","price":5.36},{"type":"B","date":"2018-03-20T05:40:17.000Z","volume":4000,"label":" ","price":5.35},{"type":"B","date":"2018-03-20T05:40:17.000Z","volume":4000,"label":" ","price":5.34},{"type":"A","date":"2018-03-20T05:40:18.000Z","volume":4000,"label":" ","price":5.37},{"type":"A","date":"2018-03-20T05:40:20.000Z","volume":20000,"label":" ","price":5.37},{"type":"A","date":"2018-03-20T05:40:20.000Z","volume":4000,"label":" ","price":5.38},{"type":"A","date":"2018-03-20T05:40:20.000Z","volume":4000,"label":" ","price":5.38},{"type":"B","date":"2018-03-20T05:40:20.000Z","volume":4000,"label":" ","price":5.38},{"type":"B","date":"2018-03-20T05:40:20.000Z","volume":8000,"label":" ","price":5.38},{"type":"B","date":"2018-03-20T05:40:21.000Z","volume":36000,"label":" ","price":5.38},{"type":"B","date":"2018-03-20T05:40:22.000Z","volume":4000,"label":" ","price":5.38},{"type":"A","date":"2018-03-20T05:41:43.000Z","volume":20000,"label":" ","price":5.39},{"type":"B","date":"2018-03-20T05:42:31.000Z","volume":4000,"label":" ","price":5.36},{"type":"A","date":"2018-03-20T05:42:41.000Z","volume":20000,"label":" ","price":5.39},{"type":"B","date":"2018-03-20T05:42:45.000Z","volume":4000,"label":" ","price":5.36},{"type":"B","date":"2018-03-20T05:43:10.000Z","volume":4000,"label":" ","price":5.36},{"type":"B","date":"2018-03-20T05:43:13.000Z","volume":4000,"label":" ","price":5.36},{"type":"B","date":"2018-03-20T05:43:58.000Z","volume":20000,"label":" ","price":5.36},{"type":"B","date":"2018-03-20T05:43:58.000Z","volume":4000,"label":" ","price":5.36},{"type":"B","date":"2018-03-20T05:44:01.000Z","volume":8000,"label":" ","price":5.36},{"type":"B","date":"2018-03-20T05:44:02.000Z","volume":4000,"label":" ","price":5.36},{"type":"A","date":"2018-03-20T05:44:04.000Z","volume":4000,"label":" ","price":5.38},{"type":"B","date":"2018-03-20T05:44:46.000Z","volume":4000,"label":" ","price":5.35},{"type":"A","date":"2018-03-20T05:45:08.000Z","volume":8000,"label":" ","price":5.37},{"type":"B","date":"2018-03-20T05:45:43.000Z","volume":4000,"label":" ","price":5.36},{"type":"B","date":"2018-03-20T05:45:43.000Z","volume":4000,"label":" ","price":5.35},{"type":"A","date":"2018-03-20T05:45:46.000Z","volume":4000,"label":" ","price":5.37},{"type":"B","date":"2018-03-20T05:46:08.000Z","volume":8000,"label":" ","price":5.36},{"type":"A","date":"2018-03-20T05:46:51.000Z","volume":40000,"label":" ","price":5.37},{"type":"A","date":"2018-03-20T05:46:51.000Z","volume":4000,"label":" ","price":5.37},{"type":"A","date":"2018-03-20T05:46:54.000Z","volume":12000,"label":" ","price":5.38},{"type":"A","date":"2018-03-20T05:47:30.000Z","volume":28000,"label":" ","price":5.38},{"type":"A","date":"2018-03-20T05:47:30.000Z","volume":124000,"label":" ","price":5.39},{"type":"A","date":"2018-03-20T05:47:30.000Z","volume":4000,"label":" ","price":5.4},{"type":"B","date":"2018-03-20T05:47:30.000Z","volume":8000,"label":" ","price":5.35},{"type":"A","date":"2018-03-20T05:47:34.000Z","volume":32000,"label":" ","price":5.4},{"type":"B","date":"2018-03-20T05:47:34.000Z","volume":4000,"label":" ","price":5.35},{"type":"A","date":"2018-03-20T05:47:38.000Z","volume":4000,"label":" ","price":5.4},{"type":"B","date":"2018-03-20T05:48:36.000Z","volume":4000,"label":" ","price":5.38},{"type":"B","date":"2018-03-20T05:48:36.000Z","volume":4000,"label":" ","price":5.36},{"type":"B","date":"2018-03-20T05:48:36.000Z","volume":4000,"label":" ","price":5.36},{"type":"A","date":"2018-03-20T05:48:47.000Z","volume":4000,"label":" ","price":5.38},{"type":"A","date":"2018-03-20T05:50:11.000Z","volume":40000,"label":" ","price":5.38},{"type":"A","date":"2018-03-20T05:50:14.000Z","volume":8000,"label":" ","price":5.39},{"type":"B","date":"2018-03-20T05:50:33.000Z","volume":4000,"label":" ","price":5.39},{"type":"B","date":"2018-03-20T05:51:12.000Z","volume":4000,"label":" ","price":5.38},{"type":"A","date":"2018-03-20T05:51:17.000Z","volume":4000,"label":" ","price":5.39},{"type":"A","date":"2018-03-20T05:52:17.000Z","volume":4000,"label":" ","price":5.39},{"type":"B","date":"2018-03-20T05:53:11.000Z","volume":4000,"label":" ","price":5.37},{"type":"B","date":"2018-03-20T05:53:11.000Z","volume":4000,"label":" ","price":5.37},{"type":"B","date":"2018-03-20T05:53:11.000Z","volume":4000,"label":" ","price":5.36},{"type":"A","date":"2018-03-20T05:53:15.000Z","volume":4000,"label":" ","price":5.4},{"type":"A","date":"2018-03-20T05:53:30.000Z","volume":4000,"label":" ","price":5.4},{"type":"A","date":"2018-03-20T05:56:41.000Z","volume":8000,"label":"Y","price":5.4},{"type":"A","date":"2018-03-20T05:56:41.000Z","volume":4000,"label":" ","price":5.4},{"type":"A","date":"2018-03-20T05:56:44.000Z","volume":4000,"label":" ","price":5.4},{"type":"A","date":"2018-03-20T05:58:17.000Z","volume":88000,"label":" ","price":5.4},{"type":"B","date":"2018-03-20T05:58:18.000Z","volume":12000,"label":" ","price":5.38},{"type":"B","date":"2018-03-20T05:58:32.000Z","volume":4000,"label":" ","price":5.38},{"type":"A","date":"2018-03-20T05:58:46.000Z","volume":4000,"label":" ","price":5.39},{"type":"A","date":"2018-03-20T05:58:49.000Z","volume":16000,"label":" ","price":5.39},{"type":"B","date":"2018-03-20T06:01:22.000Z","volume":48000,"label":" ","price":5.37},{"type":"B","date":"2018-03-20T06:01:22.000Z","volume":8000,"label":" ","price":5.36},{"type":"B","date":"2018-03-20T06:02:54.000Z","volume":4000,"label":" ","price":5.36},{"type":"B","date":"2018-03-20T06:03:02.000Z","volume":8000,"label":" ","price":5.36},{"type":"B","date":"2018-03-20T06:03:02.000Z","volume":4000,"label":" ","price":5.36},{"type":"B","date":"2018-03-20T06:06:23.000Z","volume":8000,"label":" ","price":5.36},{"type":"B","date":"2018-03-20T06:07:44.000Z","volume":4000,"label":" ","price":5.36},{"type":"B","date":"2018-03-20T06:07:45.000Z","volume":4000,"label":" ","price":5.35},{"type":"A","date":"2018-03-20T06:07:47.000Z","volume":4000,"label":" ","price":5.37},{"type":"B","date":"2018-03-20T06:08:10.000Z","volume":4000,"label":" ","price":5.35},{"type":"A","date":"2018-03-20T06:08:26.000Z","volume":4000,"label":" ","price":5.36},{"type":"U","date":"2018-03-20T06:08:26.000Z","volume":4000,"label":" ","price":5.36},{"type":"U","date":"2018-03-20T06:08:26.000Z","volume":4000,"label":" ","price":5.36},{"type":"A","date":"2018-03-20T06:08:29.000Z","volume":4000,"label":" ","price":5.37},{"type":"B","date":"2018-03-20T06:09:17.000Z","volume":4000,"label":" ","price":5.34},{"type":"B","date":"2018-03-20T06:09:53.000Z","volume":4000,"label":" ","price":5.34},{"type":"B","date":"2018-03-20T06:09:53.000Z","volume":4000,"label":" ","price":5.34},{"type":"B","date":"2018-03-20T06:09:54.000Z","volume":4000,"label":" ","price":5.34},{"type":"A","date":"2018-03-20T06:10:06.000Z","volume":12000,"label":" ","price":5.37},{"type":"A","date":"2018-03-20T06:10:07.000Z","volume":48000,"label":" ","price":5.37},{"type":"A","date":"2018-03-20T06:10:07.000Z","volume":16000,"label":" ","price":5.38},{"type":"A","date":"2018-03-20T06:10:09.000Z","volume":8000,"label":" ","price":5.39},{"type":"A","date":"2018-03-20T06:10:10.000Z","volume":20000,"label":" ","price":5.4},{"type":"A","date":"2018-03-20T06:11:25.000Z","volume":4000,"label":" ","price":5.39},{"type":"A","date":"2018-03-20T06:12:12.000Z","volume":32000,"label":" ","price":5.39},{"type":"A","date":"2018-03-20T06:12:15.000Z","volume":12000,"label":" ","price":5.39},{"type":"B","date":"2018-03-20T06:12:49.000Z","volume":8000,"label":" ","price":5.37},{"type":"A","date":"2018-03-20T06:13:26.000Z","volume":100000,"label":" ","price":5.4},{"type":"B","date":"2018-03-20T06:13:26.000Z","volume":4000,"label":" ","price":5.37},{"type":"B","date":"2018-03-20T06:13:27.000Z","volume":16000,"label":" ","price":5.37},{"type":"B","date":"2018-03-20T06:13:28.000Z","volume":4000,"label":" ","price":5.38},{"type":"B","date":"2018-03-20T06:14:38.000Z","volume":4000,"label":" ","price":5.38},{"type":"A","date":"2018-03-20T06:19:49.000Z","volume":28000,"label":" ","price":5.39},{"type":"B","date":"2018-03-20T06:19:50.000Z","volume":4000,"label":" ","price":5.37},{"type":"B","date":"2018-03-20T06:22:15.000Z","volume":4000,"label":" ","price":5.37},{"type":"B","date":"2018-03-20T06:23:17.000Z","volume":4000,"label":" ","price":5.38},{"type":"B","date":"2018-03-20T06:26:21.000Z","volume":120000,"label":" ","price":5.37},{"type":"B","date":"2018-03-20T06:26:21.000Z","volume":4000,"label":" ","price":5.35},{"type":"B","date":"2018-03-20T06:26:22.000Z","volume":8000,"label":" ","price":5.34},{"type":"A","date":"2018-03-20T06:26:26.000Z","volume":4000,"label":" ","price":5.37},{"type":"B","date":"2018-03-20T06:26:41.000Z","volume":40000,"label":" ","price":5.33},{"type":"B","date":"2018-03-20T06:26:42.000Z","volume":4000,"label":" ","price":5.34},{"type":"A","date":"2018-03-20T06:26:44.000Z","volume":4000,"label":" ","price":5.36},{"type":"B","date":"2018-03-20T06:26:47.000Z","volume":4000,"label":" ","price":5.33},{"type":"B","date":"2018-03-20T06:26:47.000Z","volume":8000,"label":" ","price":5.33},{"type":"A","date":"2018-03-20T06:26:47.000Z","volume":8000,"label":" ","price":5.33},{"type":"B","date":"2018-03-20T06:26:48.000Z","volume":4000,"label":"Y","price":5.33},{"type":"U","date":"2018-03-20T06:27:53.000Z","volume":4000,"label":" ","price":5.33},{"type":"B","date":"2018-03-20T06:31:56.000Z","volume":4000,"label":" ","price":5.31},{"type":"B","date":"2018-03-20T06:32:02.000Z","volume":4000,"label":" ","price":5.31},{"type":"B","date":"2018-03-20T06:32:02.000Z","volume":4000,"label":" ","price":5.31},{"type":"A","date":"2018-03-20T06:32:02.000Z","volume":8000,"label":" ","price":5.31},{"type":"B","date":"2018-03-20T06:32:02.000Z","volume":4000,"label":"Y","price":5.31},{"type":"B","date":"2018-03-20T06:33:28.000Z","volume":4000,"label":" ","price":5.3},{"type":"A","date":"2018-03-20T06:34:29.000Z","volume":64000,"label":" ","price":5.32},{"type":"A","date":"2018-03-20T06:34:29.000Z","volume":12000,"label":" ","price":5.33},{"type":"A","date":"2018-03-20T06:34:29.000Z","volume":12000,"label":" ","price":5.34},{"type":"A","date":"2018-03-20T06:34:29.000Z","volume":4000,"label":" ","price":5.35},{"type":"A","date":"2018-03-20T06:34:31.000Z","volume":8000,"label":" ","price":5.35},{"type":"A","date":"2018-03-20T06:36:18.000Z","volume":4000,"label":" ","price":5.35},{"type":"A","date":"2018-03-20T06:37:05.000Z","volume":32000,"label":" ","price":5.35},{"type":"A","date":"2018-03-20T06:37:07.000Z","volume":8000,"label":" ","price":5.35},{"type":"A","date":"2018-03-20T06:37:59.000Z","volume":24000,"label":" ","price":5.35},{"type":"B","date":"2018-03-20T06:37:59.000Z","volume":4000,"label":" ","price":5.34},{"type":"A","date":"2018-03-20T06:38:01.000Z","volume":4000,"label":" ","price":5.35},{"type":"A","date":"2018-03-20T06:38:44.000Z","volume":28000,"label":" ","price":5.35},{"type":"A","date":"2018-03-20T06:38:47.000Z","volume":8000,"label":" ","price":5.36},{"type":"A","date":"2018-03-20T06:40:12.000Z","volume":12000,"label":" ","price":5.36},{"type":"A","date":"2018-03-20T06:40:48.000Z","volume":28000,"label":" ","price":5.37},{"type":"B","date":"2018-03-20T06:40:49.000Z","volume":4000,"label":" ","price":5.36},{"type":"A","date":"2018-03-20T06:40:49.000Z","volume":12000,"label":" ","price":5.37},{"type":"B","date":"2018-03-20T06:40:52.000Z","volume":4000,"label":" ","price":5.36},{"type":"B","date":"2018-03-20T06:41:44.000Z","volume":20000,"label":" ","price":5.36},{"type":"B","date":"2018-03-20T06:42:39.000Z","volume":12000,"label":" ","price":5.36},{"type":"A","date":"2018-03-20T06:44:20.000Z","volume":16000,"label":" ","price":5.37},{"type":"A","date":"2018-03-20T06:44:20.000Z","volume":8000,"label":" ","price":5.37},{"type":"B","date":"2018-03-20T06:44:22.000Z","volume":4000,"label":" ","price":5.36},{"type":"B","date":"2018-03-20T06:49:29.000Z","volume":12000,"label":" ","price":5.36},{"type":"B","date":"2018-03-20T06:50:23.000Z","volume":16000,"label":" ","price":5.36},{"type":"B","date":"2018-03-20T06:50:23.000Z","volume":8000,"label":" ","price":5.36},{"type":"B","date":"2018-03-20T06:50:25.000Z","volume":4000,"label":" ","price":5.34},{"type":"B","date":"2018-03-20T06:53:52.000Z","volume":4000,"label":" ","price":5.34},{"type":"B","date":"2018-03-20T06:53:58.000Z","volume":80000,"label":" ","price":5.34},{"type":"B","date":"2018-03-20T06:53:58.000Z","volume":8000,"label":" ","price":5.34},{"type":"B","date":"2018-03-20T06:53:58.000Z","volume":8000,"label":" ","price":5.34},{"type":"B","date":"2018-03-20T06:54:00.000Z","volume":4000,"label":" ","price":5.34},{"type":"B","date":"2018-03-20T06:54:17.000Z","volume":4000,"label":"Y","price":5.33},{"type":"A","date":"2018-03-20T06:54:17.000Z","volume":20000,"label":" ","price":5.33},{"type":"U","date":"2018-03-20T06:54:17.000Z","volume":4000,"label":" ","price":5.33},{"type":"A","date":"2018-03-20T06:56:20.000Z","volume":4000,"label":" ","price":5.33},{"type":"B","date":"2018-03-20T06:56:24.000Z","volume":4000,"label":" ","price":5.31},{"type":"A","date":"2018-03-20T06:56:35.000Z","volume":4000,"label":" ","price":5.33},{"type":"A","date":"2018-03-20T06:58:16.000Z","volume":4000,"label":" ","price":5.33},{"type":"A","date":"2018-03-20T06:59:00.000Z","volume":36000,"label":" ","price":5.33},{"type":"B","date":"2018-03-20T06:59:03.000Z","volume":4000,"label":" ","price":5.31},{"type":"B","date":"2018-03-20T06:59:17.000Z","volume":4000,"label":" ","price":5.32},{"type":"B","date":"2018-03-20T06:59:17.000Z","volume":4000,"label":" ","price":5.32},{"type":"A","date":"2018-03-20T06:59:30.000Z","volume":4000,"label":" ","price":5.33},{"type":"A","date":"2018-03-20T07:00:58.000Z","volume":12000,"label":" ","price":5.33},{"type":"A","date":"2018-03-20T07:00:59.000Z","volume":4000,"label":" ","price":5.33},{"type":"A","date":"2018-03-20T07:05:46.000Z","volume":8000,"label":" ","price":5.33},{"type":"B","date":"2018-03-20T07:09:15.000Z","volume":8000,"label":" ","price":5.32},{"type":"B","date":"2018-03-20T07:09:16.000Z","volume":16000,"label":" ","price":5.32},{"type":"B","date":"2018-03-20T07:10:52.000Z","volume":4000,"label":" ","price":5.32},{"type":"B","date":"2018-03-20T07:12:56.000Z","volume":28000,"label":" ","price":5.32},{"type":"B","date":"2018-03-20T07:12:56.000Z","volume":4000,"label":" ","price":5.32},{"type":"B","date":"2018-03-20T07:13:02.000Z","volume":4000,"label":" ","price":5.32},{"type":"B","date":"2018-03-20T07:13:27.000Z","volume":4000,"label":" ","price":5.31},{"type":"B","date":"2018-03-20T07:14:24.000Z","volume":8000,"label":" ","price":5.31},{"type":"B","date":"2018-03-20T07:14:28.000Z","volume":4000,"label":" ","price":5.31},{"type":"B","date":"2018-03-20T07:15:28.000Z","volume":4000,"label":" ","price":5.31},{"type":"B","date":"2018-03-20T07:18:47.000Z","volume":24000,"label":" ","price":5.31},{"type":"B","date":"2018-03-20T07:19:04.000Z","volume":64000,"label":" ","price":5.3},{"type":"B","date":"2018-03-20T07:19:04.000Z","volume":8000,"label":" ","price":5.3},{"type":"B","date":"2018-03-20T07:19:09.000Z","volume":20000,"label":" ","price":5.3},{"type":"B","date":"2018-03-20T07:19:09.000Z","volume":4000,"label":" ","price":5.28},{"type":"A","date":"2018-03-20T07:19:37.000Z","volume":4000,"label":" ","price":5.29},{"type":"A","date":"2018-03-20T07:19:49.000Z","volume":4000,"label":" ","price":5.29},{"type":"A","date":"2018-03-20T07:20:26.000Z","volume":4000,"label":" ","price":5.29},{"type":"A","date":"2018-03-20T07:20:36.000Z","volume":8000,"label":" ","price":5.29},{"type":"A","date":"2018-03-20T07:21:53.000Z","volume":52000,"label":" ","price":5.29},{"type":"B","date":"2018-03-20T07:21:53.000Z","volume":4000,"label":" ","price":5.28},{"type":"A","date":"2018-03-20T07:21:57.000Z","volume":12000,"label":" ","price":5.29},{"type":"B","date":"2018-03-20T07:21:57.000Z","volume":4000,"label":" ","price":5.28},{"type":"U","date":"2018-03-20T07:21:57.000Z","volume":4000,"label":" ","price":5.28},{"type":"B","date":"2018-03-20T07:23:10.000Z","volume":4000,"label":" ","price":5.28},{"type":"B","date":"2018-03-20T07:23:17.000Z","volume":4000,"label":" ","price":5.28},{"type":"A","date":"2018-03-20T07:24:06.000Z","volume":12000,"label":" ","price":5.28},{"type":"B","date":"2018-03-20T07:24:06.000Z","volume":4000,"label":" ","price":5.27},{"type":"B","date":"2018-03-20T07:24:24.000Z","volume":12000,"label":" ","price":5.27},{"type":"A","date":"2018-03-20T07:25:34.000Z","volume":4000,"label":" ","price":5.28},{"type":"A","date":"2018-03-20T07:25:49.000Z","volume":4000,"label":" ","price":5.28},{"type":"A","date":"2018-03-20T07:28:06.000Z","volume":4000,"label":" ","price":5.28},{"type":"A","date":"2018-03-20T07:28:17.000Z","volume":12000,"label":" ","price":5.28},{"type":"A","date":"2018-03-20T07:29:13.000Z","volume":4000,"label":"Y","price":5.28},{"type":"A","date":"2018-03-20T07:30:19.000Z","volume":4000,"label":" ","price":5.28},{"type":"A","date":"2018-03-20T07:30:26.000Z","volume":4000,"label":" ","price":5.28},{"type":"A","date":"2018-03-20T07:32:01.000Z","volume":12000,"label":" ","price":5.28},{"type":"A","date":"2018-03-20T07:32:01.000Z","volume":4000,"label":" ","price":5.28},{"type":"B","date":"2018-03-20T07:32:53.000Z","volume":4000,"label":"Y","price":5.29},{"type":"B","date":"2018-03-20T07:32:53.000Z","volume":4000,"label":" ","price":5.29},{"type":"B","date":"2018-03-20T07:35:08.000Z","volume":8000,"label":" ","price":5.29},{"type":"B","date":"2018-03-20T07:36:37.000Z","volume":4000,"label":" ","price":5.29},{"type":"A","date":"2018-03-20T07:39:13.000Z","volume":12000,"label":" ","price":5.3},{"type":"A","date":"2018-03-20T07:39:51.000Z","volume":4000,"label":" ","price":5.3},{"type":"A","date":"2018-03-20T07:40:08.000Z","volume":60000,"label":" ","price":5.3},{"type":"A","date":"2018-03-20T07:40:12.000Z","volume":36000,"label":" ","price":5.3},{"type":"A","date":"2018-03-20T07:40:12.000Z","volume":44000,"label":" ","price":5.31},{"type":"B","date":"2018-03-20T07:40:12.000Z","volume":8000,"label":" ","price":5.31},{"type":"A","date":"2018-03-20T07:41:07.000Z","volume":12000,"label":" ","price":5.32},{"type":"A","date":"2018-03-20T07:41:07.000Z","volume":36000,"label":" ","price":5.32},{"type":"A","date":"2018-03-20T07:41:45.000Z","volume":56000,"label":" ","price":5.32},{"type":"B","date":"2018-03-20T07:41:46.000Z","volume":4000,"label":" ","price":5.32},{"type":"B","date":"2018-03-20T07:44:28.000Z","volume":8000,"label":" ","price":5.32},{"type":"B","date":"2018-03-20T07:44:36.000Z","volume":20000,"label":" ","price":5.32},{"type":"B","date":"2018-03-20T07:44:43.000Z","volume":12000,"label":" ","price":5.32},{"type":"B","date":"2018-03-20T07:44:43.000Z","volume":12000,"label":" ","price":5.31},{"type":"B","date":"2018-03-20T07:47:53.000Z","volume":8000,"label":" ","price":5.31},{"type":"B","date":"2018-03-20T07:49:06.000Z","volume":60000,"label":" ","price":5.31},{"type":"B","date":"2018-03-20T07:49:06.000Z","volume":8000,"label":" ","price":5.31},{"type":"B","date":"2018-03-20T07:49:20.000Z","volume":36000,"label":" ","price":5.31},{"type":"B","date":"2018-03-20T07:49:20.000Z","volume":4000,"label":" ","price":5.31},{"type":"B","date":"2018-03-20T07:49:24.000Z","volume":68000,"label":" ","price":5.31},{"type":"B","date":"2018-03-20T07:49:24.000Z","volume":8000,"label":" ","price":5.3},{"type":"B","date":"2018-03-20T07:49:24.000Z","volume":4000,"label":" ","price":5.3},{"type":"B","date":"2018-03-20T07:49:46.000Z","volume":4000,"label":" ","price":5.3},{"type":"A","date":"2018-03-20T07:51:38.000Z","volume":20000,"label":" ","price":5.31},{"type":"B","date":"2018-03-20T07:51:38.000Z","volume":4000,"label":" ","price":5.29},{"type":"A","date":"2018-03-20T07:52:06.000Z","volume":12000,"label":" ","price":5.3},{"type":"B","date":"2018-03-20T07:52:32.000Z","volume":8000,"label":" ","price":5.29},{"type":"B","date":"2018-03-20T07:52:32.000Z","volume":8000,"label":" ","price":5.29},{"type":"A","date":"2018-03-20T07:52:38.000Z","volume":20000,"label":" ","price":5.3},{"type":"B","date":"2018-03-20T07:52:38.000Z","volume":4000,"label":" ","price":5.29},{"type":"B","date":"2018-03-20T07:54:38.000Z","volume":4000,"label":" ","price":5.29},{"type":"A","date":"2018-03-20T07:55:35.000Z","volume":52000,"label":" ","price":5.3},{"type":"A","date":"2018-03-20T07:55:35.000Z","volume":48000,"label":" ","price":5.31},{"type":"B","date":"2018-03-20T07:55:35.000Z","volume":4000,"label":" ","price":5.29},{"type":"B","date":"2018-03-20T07:56:08.000Z","volume":4000,"label":" ","price":5.3},{"type":"A","date":"2018-03-20T07:57:08.000Z","volume":20000,"label":" ","price":5.33},{"type":"A","date":"2018-03-20T07:57:08.000Z","volume":8000,"label":" ","price":5.34},{"type":"A","date":"2018-03-20T07:57:08.000Z","volume":52000,"label":" ","price":5.35},{"type":"A","date":"2018-03-20T07:57:08.000Z","volume":20000,"label":" ","price":5.36},{"type":"A","date":"2018-03-20T07:57:41.000Z","volume":44000,"label":" ","price":5.35},{"type":"A","date":"2018-03-20T07:57:41.000Z","volume":4000,"label":" ","price":5.35},{"type":"A","date":"2018-03-20T07:57:41.000Z","volume":4000,"label":" ","price":5.35},{"type":"B","date":"2018-03-20T07:57:41.000Z","volume":8000,"label":" ","price":5.35},{"type":"B","date":"2018-03-20T07:57:43.000Z","volume":4000,"label":" ","price":5.31},{"type":"B","date":"2018-03-20T07:57:45.000Z","volume":4000,"label":" ","price":5.3},{"type":"B","date":"2018-03-20T07:58:32.000Z","volume":4000,"label":" ","price":5.31},{"type":"B","date":"2018-03-20T07:59:11.000Z","volume":4000,"label":" ","price":5.32},{"type":"B","date":"2018-03-20T07:59:24.000Z","volume":4000,"label":" ","price":5.31},{"type":"B","date":"2018-03-20T07:59:32.000Z","volume":4000,"label":" ","price":5.3},{"type":"B","date":"2018-03-20T07:59:33.000Z","volume":4000,"label":" ","price":5.3},{"type":"B","date":"2018-03-20T07:59:40.000Z","volume":4000,"label":" ","price":5.3},{"type":"B","date":"2018-03-20T07:59:40.000Z","volume":4000,"label":" ","price":5.3},{"type":"U","date":"2018-03-20T08:08:31.000Z","volume":40000,"label":"U","price":5.31}]