[{"type":"U","date":"2018-04-16T01:20:00.000Z","volume":80000,"label":"U","price":8.03},{"type":"B","date":"2018-04-16T01:30:02.000Z","volume":4000,"label":" ","price":8.03},{"type":"U","date":"2018-04-16T01:30:05.000Z","volume":10000,"label":" ","price":8.07},{"type":"B","date":"2018-04-16T01:30:05.000Z","volume":2000,"label":" ","price":8.02},{"type":"B","date":"2018-04-16T01:30:05.000Z","volume":2000,"label":" ","price":8.02},{"type":"B","date":"2018-04-16T01:30:05.000Z","volume":2000,"label":"Y","price":8.02},{"type":"B","date":"2018-04-16T01:30:05.000Z","volume":2000,"label":" ","price":8.01},{"type":"B","date":"2018-04-16T01:30:54.000Z","volume":2000,"label":" ","price":8.02},{"type":"B","date":"2018-04-16T01:30:54.000Z","volume":2000,"label":" ","price":8.02},{"type":"B","date":"2018-04-16T01:30:59.000Z","volume":2000,"label":" ","price":8.02},{"type":"B","date":"2018-04-16T01:31:00.000Z","volume":2000,"label":" ","price":8.02},{"type":"B","date":"2018-04-16T01:31:01.000Z","volume":2000,"label":" ","price":8.02},{"type":"B","date":"2018-04-16T01:31:01.000Z","volume":2000,"label":"Y","price":8.02},{"type":"B","date":"2018-04-16T01:31:02.000Z","volume":2000,"label":" ","price":8.01},{"type":"B","date":"2018-04-16T01:31:15.000Z","volume":2000,"label":" ","price":8.01},{"type":"B","date":"2018-04-16T01:31:29.000Z","volume":2000,"label":" ","price":8.01},{"type":"B","date":"2018-04-16T01:31:29.000Z","volume":2000,"label":" ","price":8.01},{"type":"B","date":"2018-04-16T01:32:09.000Z","volume":2000,"label":" ","price":8.01},{"type":"B","date":"2018-04-16T01:32:49.000Z","volume":2000,"label":" ","price":8.01},{"type":"A","date":"2018-04-16T01:33:00.000Z","volume":2000,"label":" ","price":8.02},{"type":"B","date":"2018-04-16T01:33:00.000Z","volume":2000,"label":" ","price":8.01},{"type":"B","date":"2018-04-16T01:33:01.000Z","volume":2000,"label":" ","price":8.01},{"type":"B","date":"2018-04-16T01:33:57.000Z","volume":2000,"label":" ","price":8.01},{"type":"B","date":"2018-04-16T01:34:03.000Z","volume":2000,"label":" ","price":8.01},{"type":"B","date":"2018-04-16T01:34:03.000Z","volume":16000,"label":" ","price":8.01},{"type":"B","date":"2018-04-16T01:34:03.000Z","volume":6000,"label":" ","price":8},{"type":"B","date":"2018-04-16T01:34:03.000Z","volume":2000,"label":" ","price":8},{"type":"B","date":"2018-04-16T01:34:03.000Z","volume":2000,"label":" ","price":8},{"type":"B","date":"2018-04-16T01:34:03.000Z","volume":60000,"label":" ","price":8},{"type":"B","date":"2018-04-16T01:34:03.000Z","volume":2000,"label":" ","price":7.99},{"type":"B","date":"2018-04-16T01:34:03.000Z","volume":8000,"label":" ","price":7.99},{"type":"B","date":"2018-04-16T01:34:03.000Z","volume":2000,"label":" ","price":7.98},{"type":"B","date":"2018-04-16T01:34:03.000Z","volume":2000,"label":" ","price":8},{"type":"B","date":"2018-04-16T01:34:03.000Z","volume":2000,"label":"Y","price":8},{"type":"B","date":"2018-04-16T01:34:04.000Z","volume":10000,"label":" ","price":7.98},{"type":"B","date":"2018-04-16T01:34:04.000Z","volume":2000,"label":" ","price":7.98},{"type":"B","date":"2018-04-16T01:34:04.000Z","volume":2000,"label":" ","price":7.96},{"type":"B","date":"2018-04-16T01:34:05.000Z","volume":14000,"label":" ","price":7.96},{"type":"B","date":"2018-04-16T01:34:05.000Z","volume":2000,"label":" ","price":7.96},{"type":"U","date":"2018-04-16T01:34:12.000Z","volume":2000,"label":" ","price":7.97},{"type":"B","date":"2018-04-16T01:34:13.000Z","volume":2000,"label":" ","price":7.95},{"type":"B","date":"2018-04-16T01:34:13.000Z","volume":22000,"label":" ","price":7.95},{"type":"B","date":"2018-04-16T01:34:13.000Z","volume":2000,"label":" ","price":7.95},{"type":"B","date":"2018-04-16T01:34:13.000Z","volume":2000,"label":" ","price":7.95},{"type":"B","date":"2018-04-16T01:34:13.000Z","volume":2000,"label":" ","price":7.95},{"type":"B","date":"2018-04-16T01:34:15.000Z","volume":8000,"label":" ","price":7.95},{"type":"B","date":"2018-04-16T01:34:15.000Z","volume":2000,"label":" ","price":7.95},{"type":"B","date":"2018-04-16T01:34:15.000Z","volume":2000,"label":" ","price":7.94},{"type":"B","date":"2018-04-16T01:34:16.000Z","volume":2000,"label":" ","price":7.94},{"type":"B","date":"2018-04-16T01:34:35.000Z","volume":8000,"label":" ","price":7.94},{"type":"B","date":"2018-04-16T01:34:35.000Z","volume":2000,"label":" ","price":7.94},{"type":"B","date":"2018-04-16T01:34:37.000Z","volume":2000,"label":" ","price":7.94},{"type":"B","date":"2018-04-16T01:35:03.000Z","volume":2000,"label":" ","price":7.94},{"type":"B","date":"2018-04-16T01:35:04.000Z","volume":2000,"label":" ","price":7.94},{"type":"B","date":"2018-04-16T01:35:39.000Z","volume":2000,"label":" ","price":7.94},{"type":"B","date":"2018-04-16T01:35:59.000Z","volume":2000,"label":" ","price":7.94},{"type":"B","date":"2018-04-16T01:35:59.000Z","volume":2000,"label":"Y","price":7.94},{"type":"B","date":"2018-04-16T01:36:00.000Z","volume":2000,"label":" ","price":7.94},{"type":"B","date":"2018-04-16T01:36:38.000Z","volume":2000,"label":" ","price":7.94},{"type":"B","date":"2018-04-16T01:37:28.000Z","volume":2000,"label":" ","price":7.94},{"type":"B","date":"2018-04-16T01:38:34.000Z","volume":2000,"label":" ","price":7.95},{"type":"B","date":"2018-04-16T01:38:34.000Z","volume":2000,"label":" ","price":7.95},{"type":"B","date":"2018-04-16T01:38:34.000Z","volume":2000,"label":"Y","price":7.95},{"type":"B","date":"2018-04-16T01:39:34.000Z","volume":2000,"label":" ","price":7.95},{"type":"B","date":"2018-04-16T01:40:00.000Z","volume":2000,"label":"Y","price":7.95},{"type":"B","date":"2018-04-16T01:40:00.000Z","volume":8000,"label":" ","price":7.95},{"type":"B","date":"2018-04-16T01:40:00.000Z","volume":4000,"label":" ","price":7.95},{"type":"B","date":"2018-04-16T01:40:00.000Z","volume":4000,"label":" ","price":7.94},{"type":"U","date":"2018-04-16T01:40:03.000Z","volume":2000,"label":" ","price":7.95},{"type":"B","date":"2018-04-16T01:40:03.000Z","volume":2000,"label":" ","price":7.94},{"type":"B","date":"2018-04-16T01:40:19.000Z","volume":2000,"label":" ","price":7.94},{"type":"B","date":"2018-04-16T01:40:30.000Z","volume":2000,"label":" ","price":7.94},{"type":"B","date":"2018-04-16T01:40:30.000Z","volume":2000,"label":"Y","price":7.94},{"type":"B","date":"2018-04-16T01:40:30.000Z","volume":8000,"label":" ","price":7.94},{"type":"B","date":"2018-04-16T01:40:30.000Z","volume":2000,"label":"Y","price":7.94},{"type":"B","date":"2018-04-16T01:40:31.000Z","volume":4000,"label":" ","price":7.94},{"type":"B","date":"2018-04-16T01:40:59.000Z","volume":2000,"label":" ","price":7.94},{"type":"B","date":"2018-04-16T01:40:59.000Z","volume":2000,"label":" ","price":7.94},{"type":"B","date":"2018-04-16T01:40:59.000Z","volume":2000,"label":"Y","price":7.94},{"type":"B","date":"2018-04-16T01:40:59.000Z","volume":2000,"label":" ","price":7.94},{"type":"B","date":"2018-04-16T01:41:01.000Z","volume":4000,"label":" ","price":7.93},{"type":"B","date":"2018-04-16T01:43:03.000Z","volume":2000,"label":" ","price":7.93},{"type":"B","date":"2018-04-16T01:43:13.000Z","volume":4000,"label":" ","price":7.93},{"type":"B","date":"2018-04-16T01:43:13.000Z","volume":2000,"label":" ","price":7.93},{"type":"B","date":"2018-04-16T01:43:13.000Z","volume":2000,"label":" ","price":7.93},{"type":"B","date":"2018-04-16T01:43:14.000Z","volume":2000,"label":" ","price":7.93},{"type":"B","date":"2018-04-16T01:43:14.000Z","volume":4000,"label":" ","price":7.93},{"type":"B","date":"2018-04-16T01:43:15.000Z","volume":2000,"label":" ","price":7.92},{"type":"B","date":"2018-04-16T01:44:04.000Z","volume":2000,"label":" ","price":7.92},{"type":"B","date":"2018-04-16T01:44:18.000Z","volume":2000,"label":" ","price":7.92},{"type":"U","date":"2018-04-16T01:44:26.000Z","volume":2000,"label":" ","price":7.93},{"type":"U","date":"2018-04-16T01:44:26.000Z","volume":4000,"label":" ","price":7.93},{"type":"B","date":"2018-04-16T01:44:27.000Z","volume":2000,"label":" ","price":7.93},{"type":"B","date":"2018-04-16T01:45:09.000Z","volume":2000,"label":" ","price":7.93},{"type":"B","date":"2018-04-16T01:45:09.000Z","volume":2000,"label":" ","price":7.93},{"type":"B","date":"2018-04-16T01:45:09.000Z","volume":2000,"label":" ","price":7.93},{"type":"A","date":"2018-04-16T01:45:09.000Z","volume":2000,"label":"Y","price":7.94},{"type":"B","date":"2018-04-16T01:45:33.000Z","volume":4000,"label":" ","price":7.93},{"type":"B","date":"2018-04-16T01:45:33.000Z","volume":2000,"label":" ","price":7.93},{"type":"B","date":"2018-04-16T01:45:33.000Z","volume":4000,"label":" ","price":7.93},{"type":"B","date":"2018-04-16T01:45:34.000Z","volume":2000,"label":" ","price":7.92},{"type":"B","date":"2018-04-16T01:47:28.000Z","volume":4000,"label":" ","price":7.93},{"type":"B","date":"2018-04-16T01:47:28.000Z","volume":2000,"label":" ","price":7.93},{"type":"B","date":"2018-04-16T01:47:34.000Z","volume":2000,"label":" ","price":7.93},{"type":"B","date":"2018-04-16T01:47:34.000Z","volume":2000,"label":" ","price":7.93},{"type":"A","date":"2018-04-16T01:47:34.000Z","volume":2000,"label":"Y","price":7.94},{"type":"B","date":"2018-04-16T01:47:42.000Z","volume":2000,"label":" ","price":7.93},{"type":"B","date":"2018-04-16T01:47:42.000Z","volume":2000,"label":" ","price":7.93},{"type":"B","date":"2018-04-16T01:47:48.000Z","volume":2000,"label":" ","price":7.93},{"type":"B","date":"2018-04-16T01:47:48.000Z","volume":2000,"label":" ","price":7.93},{"type":"B","date":"2018-04-16T01:47:48.000Z","volume":2000,"label":" ","price":7.92},{"type":"B","date":"2018-04-16T01:47:48.000Z","volume":2000,"label":" ","price":7.93},{"type":"B","date":"2018-04-16T01:47:49.000Z","volume":2000,"label":" ","price":7.92},{"type":"A","date":"2018-04-16T01:49:52.000Z","volume":2000,"label":" ","price":7.93},{"type":"B","date":"2018-04-16T01:50:19.000Z","volume":2000,"label":" ","price":7.92},{"type":"B","date":"2018-04-16T01:50:54.000Z","volume":2000,"label":" ","price":7.92},{"type":"B","date":"2018-04-16T01:50:54.000Z","volume":2000,"label":" ","price":7.92},{"type":"B","date":"2018-04-16T01:51:26.000Z","volume":4000,"label":" ","price":7.92},{"type":"A","date":"2018-04-16T01:51:52.000Z","volume":2000,"label":" ","price":7.93},{"type":"B","date":"2018-04-16T01:51:53.000Z","volume":2000,"label":" ","price":7.92},{"type":"B","date":"2018-04-16T01:52:04.000Z","volume":2000,"label":" ","price":7.92},{"type":"A","date":"2018-04-16T01:52:25.000Z","volume":2000,"label":" ","price":7.93},{"type":"B","date":"2018-04-16T01:53:24.000Z","volume":2000,"label":" ","price":7.92},{"type":"B","date":"2018-04-16T01:53:24.000Z","volume":2000,"label":" ","price":7.92},{"type":"A","date":"2018-04-16T01:53:52.000Z","volume":2000,"label":" ","price":7.93},{"type":"B","date":"2018-04-16T01:54:17.000Z","volume":10000,"label":" ","price":7.92},{"type":"B","date":"2018-04-16T01:54:26.000Z","volume":2000,"label":" ","price":7.92},{"type":"A","date":"2018-04-16T01:54:26.000Z","volume":2000,"label":" ","price":7.93},{"type":"A","date":"2018-04-16T01:54:33.000Z","volume":2000,"label":" ","price":7.93},{"type":"B","date":"2018-04-16T01:55:10.000Z","volume":2000,"label":"Y","price":7.92},{"type":"B","date":"2018-04-16T01:55:10.000Z","volume":4000,"label":" ","price":7.92},{"type":"B","date":"2018-04-16T01:55:10.000Z","volume":22000,"label":" ","price":7.92},{"type":"B","date":"2018-04-16T01:55:10.000Z","volume":2000,"label":" ","price":7.91},{"type":"B","date":"2018-04-16T01:55:11.000Z","volume":4000,"label":" ","price":7.91},{"type":"B","date":"2018-04-16T01:55:11.000Z","volume":2000,"label":" ","price":7.91},{"type":"B","date":"2018-04-16T01:55:14.000Z","volume":4000,"label":" ","price":7.91},{"type":"B","date":"2018-04-16T01:55:14.000Z","volume":2000,"label":" ","price":7.91},{"type":"B","date":"2018-04-16T01:55:23.000Z","volume":2000,"label":" ","price":7.91},{"type":"B","date":"2018-04-16T01:55:23.000Z","volume":6000,"label":" ","price":7.91},{"type":"B","date":"2018-04-16T01:55:23.000Z","volume":2000,"label":" ","price":7.91},{"type":"B","date":"2018-04-16T01:56:19.000Z","volume":2000,"label":" ","price":7.9},{"type":"A","date":"2018-04-16T01:57:00.000Z","volume":2000,"label":" ","price":7.91},{"type":"B","date":"2018-04-16T01:57:01.000Z","volume":2000,"label":" ","price":7.9},{"type":"B","date":"2018-04-16T01:57:01.000Z","volume":18000,"label":" ","price":7.9},{"type":"B","date":"2018-04-16T01:57:01.000Z","volume":2000,"label":"Y","price":7.9},{"type":"B","date":"2018-04-16T01:57:01.000Z","volume":2000,"label":" ","price":7.9},{"type":"A","date":"2018-04-16T01:57:01.000Z","volume":2000,"label":" ","price":7.91},{"type":"B","date":"2018-04-16T01:57:03.000Z","volume":12000,"label":" ","price":7.9},{"type":"A","date":"2018-04-16T01:57:09.000Z","volume":2000,"label":" ","price":7.9},{"type":"B","date":"2018-04-16T01:57:23.000Z","volume":2000,"label":" ","price":7.89},{"type":"A","date":"2018-04-16T01:57:38.000Z","volume":4000,"label":" ","price":7.9},{"type":"A","date":"2018-04-16T01:57:44.000Z","volume":38000,"label":" ","price":7.9},{"type":"A","date":"2018-04-16T01:57:44.000Z","volume":18000,"label":" ","price":7.9},{"type":"A","date":"2018-04-16T01:57:44.000Z","volume":36000,"label":" ","price":7.91},{"type":"A","date":"2018-04-16T01:57:45.000Z","volume":6000,"label":"Y","price":7.91},{"type":"A","date":"2018-04-16T01:57:45.000Z","volume":4000,"label":" ","price":7.93},{"type":"B","date":"2018-04-16T01:57:46.000Z","volume":6000,"label":" ","price":7.9},{"type":"A","date":"2018-04-16T01:58:25.000Z","volume":10000,"label":" ","price":7.91},{"type":"A","date":"2018-04-16T01:58:25.000Z","volume":10000,"label":" ","price":7.91},{"type":"A","date":"2018-04-16T01:58:25.000Z","volume":4000,"label":" ","price":7.91},{"type":"A","date":"2018-04-16T01:58:25.000Z","volume":2000,"label":" ","price":7.92},{"type":"A","date":"2018-04-16T01:58:25.000Z","volume":2000,"label":" ","price":7.92},{"type":"B","date":"2018-04-16T01:58:26.000Z","volume":14000,"label":" ","price":7.91},{"type":"B","date":"2018-04-16T01:58:34.000Z","volume":10000,"label":" ","price":7.9},{"type":"A","date":"2018-04-16T01:58:34.000Z","volume":2000,"label":" ","price":7.9},{"type":"U","date":"2018-04-16T02:00:21.000Z","volume":2000,"label":" ","price":7.9},{"type":"A","date":"2018-04-16T02:00:40.000Z","volume":10000,"label":" ","price":7.9},{"type":"A","date":"2018-04-16T02:00:40.000Z","volume":2000,"label":"Y","price":7.9},{"type":"A","date":"2018-04-16T02:00:47.000Z","volume":2000,"label":" ","price":7.9},{"type":"A","date":"2018-04-16T02:01:07.000Z","volume":2000,"label":" ","price":7.9},{"type":"U","date":"2018-04-16T02:01:28.000Z","volume":2000,"label":"X","price":7.904},{"type":"A","date":"2018-04-16T02:01:28.000Z","volume":10000,"label":" ","price":7.9},{"type":"A","date":"2018-04-16T02:01:28.000Z","volume":2000,"label":" ","price":7.9},{"type":"A","date":"2018-04-16T02:01:55.000Z","volume":12000,"label":" ","price":7.9},{"type":"U","date":"2018-04-16T02:01:56.000Z","volume":4000,"label":" ","price":7.9},{"type":"A","date":"2018-04-16T02:01:56.000Z","volume":2000,"label":" ","price":7.91},{"type":"B","date":"2018-04-16T02:02:51.000Z","volume":2000,"label":" ","price":7.9},{"type":"A","date":"2018-04-16T02:03:30.000Z","volume":4000,"label":" ","price":7.91},{"type":"A","date":"2018-04-16T02:03:30.000Z","volume":2000,"label":" ","price":7.91},{"type":"B","date":"2018-04-16T02:05:24.000Z","volume":2000,"label":" ","price":7.9},{"type":"B","date":"2018-04-16T02:05:24.000Z","volume":2000,"label":" ","price":7.9},{"type":"B","date":"2018-04-16T02:05:24.000Z","volume":2000,"label":" ","price":7.9},{"type":"A","date":"2018-04-16T02:05:24.000Z","volume":2000,"label":" ","price":7.9},{"type":"A","date":"2018-04-16T02:05:44.000Z","volume":20000,"label":" ","price":7.9},{"type":"A","date":"2018-04-16T02:05:44.000Z","volume":2000,"label":" ","price":7.9},{"type":"A","date":"2018-04-16T02:06:51.000Z","volume":10000,"label":" ","price":7.9},{"type":"A","date":"2018-04-16T02:06:51.000Z","volume":2000,"label":" ","price":7.9},{"type":"A","date":"2018-04-16T02:07:13.000Z","volume":6000,"label":" ","price":7.9},{"type":"A","date":"2018-04-16T02:07:13.000Z","volume":2000,"label":" ","price":7.9},{"type":"B","date":"2018-04-16T02:07:14.000Z","volume":4000,"label":" ","price":7.9},{"type":"B","date":"2018-04-16T02:07:16.000Z","volume":2000,"label":" ","price":7.9},{"type":"A","date":"2018-04-16T02:07:24.000Z","volume":2000,"label":"Y","price":7.91},{"type":"B","date":"2018-04-16T02:10:48.000Z","volume":12000,"label":" ","price":7.9},{"type":"B","date":"2018-04-16T02:10:49.000Z","volume":4000,"label":" ","price":7.9},{"type":"B","date":"2018-04-16T02:10:49.000Z","volume":6000,"label":" ","price":7.9},{"type":"A","date":"2018-04-16T02:11:04.000Z","volume":4000,"label":" ","price":7.91},{"type":"A","date":"2018-04-16T02:11:04.000Z","volume":2000,"label":" ","price":7.91},{"type":"U","date":"2018-04-16T02:11:28.000Z","volume":2000,"label":"X","price":7.901},{"type":"A","date":"2018-04-16T02:13:04.000Z","volume":2000,"label":" ","price":7.91},{"type":"A","date":"2018-04-16T02:14:15.000Z","volume":2000,"label":" ","price":7.91},{"type":"B","date":"2018-04-16T02:14:39.000Z","volume":2000,"label":" ","price":7.9},{"type":"B","date":"2018-04-16T02:15:01.000Z","volume":4000,"label":" ","price":7.9},{"type":"B","date":"2018-04-16T02:15:01.000Z","volume":2000,"label":" ","price":7.9},{"type":"A","date":"2018-04-16T02:15:35.000Z","volume":2000,"label":" ","price":7.91},{"type":"B","date":"2018-04-16T02:15:54.000Z","volume":2000,"label":" ","price":7.9},{"type":"A","date":"2018-04-16T02:16:15.000Z","volume":2000,"label":"Y","price":7.91},{"type":"B","date":"2018-04-16T02:17:14.000Z","volume":2000,"label":" ","price":7.9},{"type":"A","date":"2018-04-16T02:17:35.000Z","volume":2000,"label":" ","price":7.91},{"type":"A","date":"2018-04-16T02:17:49.000Z","volume":4000,"label":" ","price":7.91},{"type":"A","date":"2018-04-16T02:17:55.000Z","volume":2000,"label":" ","price":7.91},{"type":"A","date":"2018-04-16T02:18:55.000Z","volume":2000,"label":" ","price":7.91},{"type":"B","date":"2018-04-16T02:19:13.000Z","volume":4000,"label":" ","price":7.9},{"type":"B","date":"2018-04-16T02:19:13.000Z","volume":2000,"label":" ","price":7.9},{"type":"B","date":"2018-04-16T02:19:24.000Z","volume":2000,"label":" ","price":7.9},{"type":"A","date":"2018-04-16T02:19:35.000Z","volume":2000,"label":" ","price":7.91},{"type":"A","date":"2018-04-16T02:19:56.000Z","volume":2000,"label":" ","price":7.91},{"type":"A","date":"2018-04-16T02:21:34.000Z","volume":2000,"label":" ","price":7.91},{"type":"A","date":"2018-04-16T02:22:15.000Z","volume":2000,"label":" ","price":7.91},{"type":"B","date":"2018-04-16T02:22:18.000Z","volume":6000,"label":" ","price":7.9},{"type":"B","date":"2018-04-16T02:22:18.000Z","volume":4000,"label":" ","price":7.9},{"type":"A","date":"2018-04-16T02:22:45.000Z","volume":2000,"label":" ","price":7.91},{"type":"B","date":"2018-04-16T02:23:25.000Z","volume":4000,"label":" ","price":7.9},{"type":"B","date":"2018-04-16T02:24:19.000Z","volume":2000,"label":" ","price":7.9},{"type":"B","date":"2018-04-16T02:24:19.000Z","volume":2000,"label":" ","price":7.9},{"type":"U","date":"2018-04-16T02:24:29.000Z","volume":2000,"label":"X","price":7.904},{"type":"B","date":"2018-04-16T02:24:54.000Z","volume":2000,"label":" ","price":7.9},{"type":"A","date":"2018-04-16T02:25:15.000Z","volume":2000,"label":" ","price":7.91},{"type":"A","date":"2018-04-16T02:25:22.000Z","volume":2000,"label":" ","price":7.91},{"type":"A","date":"2018-04-16T02:26:35.000Z","volume":2000,"label":" ","price":7.91},{"type":"B","date":"2018-04-16T02:26:54.000Z","volume":2000,"label":" ","price":7.9},{"type":"B","date":"2018-04-16T02:26:54.000Z","volume":2000,"label":" ","price":7.9},{"type":"A","date":"2018-04-16T02:27:15.000Z","volume":2000,"label":"Y","price":7.91},{"type":"B","date":"2018-04-16T02:27:37.000Z","volume":4000,"label":" ","price":7.9},{"type":"B","date":"2018-04-16T02:28:02.000Z","volume":2000,"label":" ","price":7.9},{"type":"B","date":"2018-04-16T02:28:02.000Z","volume":2000,"label":" ","price":7.9},{"type":"B","date":"2018-04-16T02:29:04.000Z","volume":2000,"label":" ","price":7.9},{"type":"A","date":"2018-04-16T02:29:33.000Z","volume":2000,"label":" ","price":7.91},{"type":"A","date":"2018-04-16T02:30:13.000Z","volume":4000,"label":"Y","price":7.91},{"type":"A","date":"2018-04-16T02:30:13.000Z","volume":60000,"label":" ","price":7.91},{"type":"A","date":"2018-04-16T02:30:13.000Z","volume":6000,"label":" ","price":7.91},{"type":"A","date":"2018-04-16T02:31:04.000Z","volume":2000,"label":" ","price":7.91},{"type":"A","date":"2018-04-16T02:32:20.000Z","volume":10000,"label":" ","price":7.91},{"type":"A","date":"2018-04-16T02:32:55.000Z","volume":2000,"label":" ","price":7.91},{"type":"B","date":"2018-04-16T02:34:07.000Z","volume":4000,"label":" ","price":7.9},{"type":"B","date":"2018-04-16T02:34:15.000Z","volume":10000,"label":" ","price":7.9},{"type":"B","date":"2018-04-16T02:34:15.000Z","volume":4000,"label":" ","price":7.9},{"type":"B","date":"2018-04-16T02:34:23.000Z","volume":20000,"label":" ","price":7.9},{"type":"B","date":"2018-04-16T02:34:23.000Z","volume":8000,"label":" ","price":7.9},{"type":"A","date":"2018-04-16T02:34:23.000Z","volume":2000,"label":" ","price":7.91},{"type":"B","date":"2018-04-16T02:35:13.000Z","volume":14000,"label":" ","price":7.9},{"type":"B","date":"2018-04-16T02:35:13.000Z","volume":38000,"label":" ","price":7.89},{"type":"B","date":"2018-04-16T02:35:15.000Z","volume":2000,"label":" ","price":7.89},{"type":"B","date":"2018-04-16T02:35:16.000Z","volume":54000,"label":" ","price":7.88},{"type":"A","date":"2018-04-16T02:35:18.000Z","volume":2000,"label":" ","price":7.88},{"type":"U","date":"2018-04-16T02:36:31.000Z","volume":2000,"label":"X","price":7.892},{"type":"A","date":"2018-04-16T02:37:33.000Z","volume":2000,"label":" ","price":7.88},{"type":"A","date":"2018-04-16T02:37:40.000Z","volume":10000,"label":" ","price":7.88},{"type":"A","date":"2018-04-16T02:37:40.000Z","volume":12000,"label":"Y","price":7.88},{"type":"A","date":"2018-04-16T02:37:40.000Z","volume":14000,"label":" ","price":7.88},{"type":"A","date":"2018-04-16T02:37:40.000Z","volume":16000,"label":" ","price":7.88},{"type":"A","date":"2018-04-16T02:37:40.000Z","volume":4000,"label":" ","price":7.89},{"type":"A","date":"2018-04-16T02:37:40.000Z","volume":2000,"label":" ","price":7.89},{"type":"B","date":"2018-04-16T02:37:41.000Z","volume":8000,"label":" ","price":7.88},{"type":"B","date":"2018-04-16T02:41:46.000Z","volume":4000,"label":" ","price":7.88},{"type":"B","date":"2018-04-16T02:41:46.000Z","volume":2000,"label":" ","price":7.88},{"type":"B","date":"2018-04-16T02:43:20.000Z","volume":2000,"label":" ","price":7.88},{"type":"B","date":"2018-04-16T02:43:45.000Z","volume":18000,"label":" ","price":7.88},{"type":"B","date":"2018-04-16T02:43:45.000Z","volume":2000,"label":" ","price":7.88},{"type":"A","date":"2018-04-16T02:44:05.000Z","volume":2000,"label":" ","price":7.88},{"type":"B","date":"2018-04-16T02:45:59.000Z","volume":4000,"label":" ","price":7.87},{"type":"B","date":"2018-04-16T02:46:34.000Z","volume":2000,"label":" ","price":7.87},{"type":"B","date":"2018-04-16T02:46:34.000Z","volume":38000,"label":" ","price":7.87},{"type":"B","date":"2018-04-16T02:46:34.000Z","volume":6000,"label":" ","price":7.87},{"type":"A","date":"2018-04-16T02:46:49.000Z","volume":20000,"label":" ","price":7.87},{"type":"A","date":"2018-04-16T02:46:49.000Z","volume":2000,"label":"Y","price":7.87},{"type":"A","date":"2018-04-16T02:46:52.000Z","volume":2000,"label":" ","price":7.87},{"type":"A","date":"2018-04-16T02:48:07.000Z","volume":2000,"label":" ","price":7.87},{"type":"B","date":"2018-04-16T02:48:48.000Z","volume":2000,"label":"Y","price":7.86},{"type":"B","date":"2018-04-16T02:49:04.000Z","volume":10000,"label":" ","price":7.86},{"type":"B","date":"2018-04-16T02:49:04.000Z","volume":4000,"label":" ","price":7.86},{"type":"A","date":"2018-04-16T02:49:04.000Z","volume":2000,"label":" ","price":7.87},{"type":"B","date":"2018-04-16T02:49:14.000Z","volume":24000,"label":" ","price":7.86},{"type":"B","date":"2018-04-16T02:50:12.000Z","volume":4000,"label":" ","price":7.85},{"type":"B","date":"2018-04-16T02:50:17.000Z","volume":2000,"label":" ","price":7.85},{"type":"B","date":"2018-04-16T02:50:17.000Z","volume":2000,"label":" ","price":7.85},{"type":"B","date":"2018-04-16T02:50:28.000Z","volume":32000,"label":" ","price":7.85},{"type":"A","date":"2018-04-16T02:50:28.000Z","volume":4000,"label":" ","price":7.86},{"type":"B","date":"2018-04-16T02:50:54.000Z","volume":2000,"label":" ","price":7.84},{"type":"B","date":"2018-04-16T02:52:18.000Z","volume":2000,"label":" ","price":7.84},{"type":"B","date":"2018-04-16T02:52:18.000Z","volume":2000,"label":" ","price":7.84},{"type":"B","date":"2018-04-16T02:52:18.000Z","volume":2000,"label":" ","price":7.84},{"type":"B","date":"2018-04-16T02:53:51.000Z","volume":2000,"label":" ","price":7.84},{"type":"A","date":"2018-04-16T02:53:51.000Z","volume":16000,"label":" ","price":7.85},{"type":"B","date":"2018-04-16T02:53:52.000Z","volume":2000,"label":"Y","price":7.84},{"type":"B","date":"2018-04-16T02:53:52.000Z","volume":4000,"label":" ","price":7.84},{"type":"B","date":"2018-04-16T02:54:23.000Z","volume":4000,"label":" ","price":7.84},{"type":"B","date":"2018-04-16T02:54:23.000Z","volume":2000,"label":" ","price":7.84},{"type":"A","date":"2018-04-16T02:54:26.000Z","volume":2000,"label":" ","price":7.85},{"type":"A","date":"2018-04-16T02:54:49.000Z","volume":2000,"label":" ","price":7.85},{"type":"A","date":"2018-04-16T02:55:11.000Z","volume":2000,"label":" ","price":7.85},{"type":"B","date":"2018-04-16T02:55:18.000Z","volume":2000,"label":" ","price":7.84},{"type":"B","date":"2018-04-16T02:55:24.000Z","volume":4000,"label":" ","price":7.84},{"type":"B","date":"2018-04-16T02:55:24.000Z","volume":2000,"label":" ","price":7.84},{"type":"B","date":"2018-04-16T02:56:18.000Z","volume":2000,"label":" ","price":7.84},{"type":"B","date":"2018-04-16T02:56:18.000Z","volume":2000,"label":" ","price":7.84},{"type":"A","date":"2018-04-16T02:57:19.000Z","volume":2000,"label":" ","price":7.85},{"type":"A","date":"2018-04-16T02:57:42.000Z","volume":38000,"label":" ","price":7.85},{"type":"A","date":"2018-04-16T02:57:42.000Z","volume":4000,"label":"Y","price":7.85},{"type":"B","date":"2018-04-16T02:58:34.000Z","volume":4000,"label":" ","price":7.84},{"type":"B","date":"2018-04-16T02:59:30.000Z","volume":8000,"label":" ","price":7.84},{"type":"A","date":"2018-04-16T03:01:19.000Z","volume":50000,"label":" ","price":7.84},{"type":"A","date":"2018-04-16T03:01:19.000Z","volume":2000,"label":" ","price":7.84},{"type":"A","date":"2018-04-16T03:01:19.000Z","volume":2000,"label":" ","price":7.84},{"type":"A","date":"2018-04-16T03:01:19.000Z","volume":2000,"label":" ","price":7.84},{"type":"A","date":"2018-04-16T03:01:19.000Z","volume":6000,"label":"Y","price":7.85},{"type":"B","date":"2018-04-16T03:01:21.000Z","volume":10000,"label":" ","price":7.84},{"type":"B","date":"2018-04-16T03:01:22.000Z","volume":10000,"label":" ","price":7.84},{"type":"A","date":"2018-04-16T03:03:24.000Z","volume":2000,"label":" ","price":7.85},{"type":"A","date":"2018-04-16T03:04:15.000Z","volume":2000,"label":" ","price":7.85},{"type":"B","date":"2018-04-16T03:05:24.000Z","volume":4000,"label":" ","price":7.84},{"type":"B","date":"2018-04-16T03:05:33.000Z","volume":2000,"label":" ","price":7.84},{"type":"A","date":"2018-04-16T03:05:34.000Z","volume":2000,"label":" ","price":7.84},{"type":"A","date":"2018-04-16T03:07:02.000Z","volume":2000,"label":" ","price":7.84},{"type":"A","date":"2018-04-16T03:08:00.000Z","volume":20000,"label":" ","price":7.84},{"type":"A","date":"2018-04-16T03:08:00.000Z","volume":12000,"label":" ","price":7.84},{"type":"A","date":"2018-04-16T03:08:00.000Z","volume":10000,"label":" ","price":7.84},{"type":"A","date":"2018-04-16T03:08:00.000Z","volume":28000,"label":" ","price":7.84},{"type":"A","date":"2018-04-16T03:08:00.000Z","volume":2000,"label":" ","price":7.84},{"type":"A","date":"2018-04-16T03:08:00.000Z","volume":2000,"label":" ","price":7.85},{"type":"U","date":"2018-04-16T03:08:01.000Z","volume":12000,"label":" ","price":7.84},{"type":"A","date":"2018-04-16T03:08:02.000Z","volume":6000,"label":" ","price":7.85},{"type":"A","date":"2018-04-16T03:08:07.000Z","volume":2000,"label":" ","price":7.85},{"type":"B","date":"2018-04-16T03:09:18.000Z","volume":2000,"label":" ","price":7.84},{"type":"B","date":"2018-04-16T03:09:51.000Z","volume":2000,"label":" ","price":7.84},{"type":"A","date":"2018-04-16T03:09:56.000Z","volume":6000,"label":" ","price":7.85},{"type":"B","date":"2018-04-16T03:11:54.000Z","volume":4000,"label":" ","price":7.84},{"type":"U","date":"2018-04-16T03:12:22.000Z","volume":2000,"label":"X","price":7.842},{"type":"A","date":"2018-04-16T03:13:21.000Z","volume":2000,"label":" ","price":7.85},{"type":"A","date":"2018-04-16T03:14:14.000Z","volume":2000,"label":" ","price":7.85},{"type":"A","date":"2018-04-16T03:14:25.000Z","volume":6000,"label":" ","price":7.85},{"type":"B","date":"2018-04-16T03:16:05.000Z","volume":4000,"label":" ","price":7.84},{"type":"A","date":"2018-04-16T03:18:55.000Z","volume":2000,"label":" ","price":7.85},{"type":"B","date":"2018-04-16T03:20:17.000Z","volume":4000,"label":" ","price":7.84},{"type":"A","date":"2018-04-16T03:20:19.000Z","volume":2000,"label":" ","price":7.85},{"type":"A","date":"2018-04-16T03:20:35.000Z","volume":2000,"label":" ","price":7.85},{"type":"U","date":"2018-04-16T03:20:52.000Z","volume":2000,"label":"X","price":7.844},{"type":"B","date":"2018-04-16T03:20:52.000Z","volume":2000,"label":" ","price":7.84},{"type":"A","date":"2018-04-16T03:22:55.000Z","volume":2000,"label":" ","price":7.85},{"type":"B","date":"2018-04-16T03:23:04.000Z","volume":2000,"label":" ","price":7.84},{"type":"B","date":"2018-04-16T03:23:41.000Z","volume":2000,"label":" ","price":7.84},{"type":"B","date":"2018-04-16T03:23:43.000Z","volume":2000,"label":" ","price":7.84},{"type":"B","date":"2018-04-16T03:23:44.000Z","volume":2000,"label":" ","price":7.84},{"type":"A","date":"2018-04-16T03:23:56.000Z","volume":20000,"label":" ","price":7.85},{"type":"A","date":"2018-04-16T03:23:56.000Z","volume":2000,"label":" ","price":7.85},{"type":"A","date":"2018-04-16T03:26:55.000Z","volume":2000,"label":" ","price":7.85},{"type":"A","date":"2018-04-16T03:27:26.000Z","volume":2000,"label":" ","price":7.85},{"type":"B","date":"2018-04-16T03:27:39.000Z","volume":4000,"label":" ","price":7.84},{"type":"B","date":"2018-04-16T03:27:40.000Z","volume":2000,"label":" ","price":7.84},{"type":"A","date":"2018-04-16T03:28:52.000Z","volume":4000,"label":" ","price":7.85},{"type":"A","date":"2018-04-16T03:28:55.000Z","volume":2000,"label":" ","price":7.85},{"type":"B","date":"2018-04-16T03:31:34.000Z","volume":2000,"label":" ","price":7.84},{"type":"B","date":"2018-04-16T03:31:48.000Z","volume":4000,"label":" ","price":7.84},{"type":"B","date":"2018-04-16T03:31:49.000Z","volume":2000,"label":" ","price":7.84},{"type":"A","date":"2018-04-16T03:31:55.000Z","volume":2000,"label":" ","price":7.85},{"type":"A","date":"2018-04-16T03:32:11.000Z","volume":2000,"label":" ","price":7.85},{"type":"A","date":"2018-04-16T03:32:47.000Z","volume":2000,"label":" ","price":7.85},{"type":"B","date":"2018-04-16T03:33:34.000Z","volume":2000,"label":" ","price":7.84},{"type":"A","date":"2018-04-16T03:33:39.000Z","volume":2000,"label":" ","price":7.85},{"type":"A","date":"2018-04-16T03:33:55.000Z","volume":2000,"label":" ","price":7.85},{"type":"A","date":"2018-04-16T03:34:55.000Z","volume":10000,"label":" ","price":7.85},{"type":"A","date":"2018-04-16T03:34:55.000Z","volume":86000,"label":" ","price":7.85},{"type":"U","date":"2018-04-16T03:34:55.000Z","volume":2000,"label":" ","price":7.85},{"type":"A","date":"2018-04-16T03:34:56.000Z","volume":2000,"label":" ","price":7.85},{"type":"B","date":"2018-04-16T03:34:57.000Z","volume":24000,"label":" ","price":7.85},{"type":"A","date":"2018-04-16T03:35:03.000Z","volume":2000,"label":" ","price":7.85},{"type":"B","date":"2018-04-16T03:36:24.000Z","volume":42000,"label":" ","price":7.85},{"type":"B","date":"2018-04-16T03:36:25.000Z","volume":4000,"label":" ","price":7.85},{"type":"A","date":"2018-04-16T03:36:57.000Z","volume":4000,"label":" ","price":7.85},{"type":"B","date":"2018-04-16T03:37:06.000Z","volume":2000,"label":" ","price":7.84},{"type":"A","date":"2018-04-16T03:40:11.000Z","volume":2000,"label":" ","price":7.85},{"type":"B","date":"2018-04-16T03:41:03.000Z","volume":4000,"label":" ","price":7.84},{"type":"A","date":"2018-04-16T03:41:30.000Z","volume":2000,"label":" ","price":7.85},{"type":"A","date":"2018-04-16T03:41:58.000Z","volume":2000,"label":"Y","price":7.85},{"type":"A","date":"2018-04-16T03:41:58.000Z","volume":98000,"label":" ","price":7.85},{"type":"A","date":"2018-04-16T03:41:58.000Z","volume":8000,"label":" ","price":7.85},{"type":"B","date":"2018-04-16T03:41:59.000Z","volume":8000,"label":" ","price":7.85},{"type":"B","date":"2018-04-16T03:46:03.000Z","volume":4000,"label":" ","price":7.85},{"type":"B","date":"2018-04-16T03:46:04.000Z","volume":2000,"label":" ","price":7.85},{"type":"A","date":"2018-04-16T03:48:23.000Z","volume":6000,"label":" ","price":7.86},{"type":"B","date":"2018-04-16T03:49:20.000Z","volume":2000,"label":" ","price":7.85},{"type":"B","date":"2018-04-16T03:50:13.000Z","volume":4000,"label":" ","price":7.85},{"type":"B","date":"2018-04-16T03:50:15.000Z","volume":2000,"label":" ","price":7.85},{"type":"U","date":"2018-04-16T03:52:10.000Z","volume":2000,"label":"X","price":7.853},{"type":"B","date":"2018-04-16T03:52:47.000Z","volume":4000,"label":" ","price":7.85},{"type":"A","date":"2018-04-16T03:52:55.000Z","volume":2000,"label":" ","price":7.86},{"type":"A","date":"2018-04-16T03:53:15.000Z","volume":2000,"label":" ","price":7.86},{"type":"B","date":"2018-04-16T03:53:18.000Z","volume":2000,"label":" ","price":7.85},{"type":"B","date":"2018-04-16T03:53:19.000Z","volume":2000,"label":" ","price":7.85},{"type":"A","date":"2018-04-16T03:53:25.000Z","volume":20000,"label":" ","price":7.86},{"type":"B","date":"2018-04-16T03:54:24.000Z","volume":4000,"label":" ","price":7.85},{"type":"B","date":"2018-04-16T03:54:25.000Z","volume":2000,"label":" ","price":7.85},{"type":"A","date":"2018-04-16T03:55:23.000Z","volume":10000,"label":" ","price":7.86},{"type":"A","date":"2018-04-16T03:57:52.000Z","volume":2000,"label":" ","price":7.86},{"type":"B","date":"2018-04-16T03:58:33.000Z","volume":4000,"label":" ","price":7.85},{"type":"B","date":"2018-04-16T05:00:00.000Z","volume":2000,"label":" ","price":7.85},{"type":"A","date":"2018-04-16T05:00:00.000Z","volume":6000,"label":" ","price":7.86},{"type":"B","date":"2018-04-16T05:00:01.000Z","volume":2000,"label":" ","price":7.85},{"type":"A","date":"2018-04-16T05:00:02.000Z","volume":10000,"label":" ","price":7.86},{"type":"A","date":"2018-04-16T05:00:05.000Z","volume":10000,"label":" ","price":7.86},{"type":"A","date":"2018-04-16T05:00:05.000Z","volume":6000,"label":" ","price":7.86},{"type":"A","date":"2018-04-16T05:00:20.000Z","volume":4000,"label":" ","price":7.86},{"type":"A","date":"2018-04-16T05:00:20.000Z","volume":28000,"label":" ","price":7.86},{"type":"A","date":"2018-04-16T05:00:37.000Z","volume":2000,"label":" ","price":7.86},{"type":"A","date":"2018-04-16T05:00:40.000Z","volume":6000,"label":"Y","price":7.86},{"type":"A","date":"2018-04-16T05:00:40.000Z","volume":6000,"label":" ","price":7.86},{"type":"U","date":"2018-04-16T05:00:42.000Z","volume":2000,"label":" ","price":7.86},{"type":"U","date":"2018-04-16T05:00:55.000Z","volume":2000,"label":"X","price":7.86},{"type":"A","date":"2018-04-16T05:01:16.000Z","volume":4000,"label":" ","price":7.86},{"type":"A","date":"2018-04-16T05:01:16.000Z","volume":30000,"label":" ","price":7.87},{"type":"B","date":"2018-04-16T05:01:22.000Z","volume":30000,"label":" ","price":7.86},{"type":"A","date":"2018-04-16T05:01:23.000Z","volume":2000,"label":" ","price":7.86},{"type":"A","date":"2018-04-16T05:01:29.000Z","volume":2000,"label":" ","price":7.86},{"type":"A","date":"2018-04-16T05:01:38.000Z","volume":2000,"label":" ","price":7.86},{"type":"A","date":"2018-04-16T05:01:47.000Z","volume":2000,"label":" ","price":7.86},{"type":"A","date":"2018-04-16T05:01:47.000Z","volume":2000,"label":" ","price":7.86},{"type":"U","date":"2018-04-16T05:02:05.000Z","volume":2000,"label":" ","price":7.86},{"type":"A","date":"2018-04-16T05:05:13.000Z","volume":2000,"label":" ","price":7.86},{"type":"B","date":"2018-04-16T05:09:30.000Z","volume":2000,"label":" ","price":7.85},{"type":"A","date":"2018-04-16T05:09:40.000Z","volume":2000,"label":" ","price":7.86},{"type":"A","date":"2018-04-16T05:10:39.000Z","volume":2000,"label":" ","price":7.86},{"type":"A","date":"2018-04-16T05:10:39.000Z","volume":2000,"label":" ","price":7.86},{"type":"A","date":"2018-04-16T05:10:40.000Z","volume":2000,"label":"Y","price":7.86},{"type":"A","date":"2018-04-16T05:11:12.000Z","volume":2000,"label":" ","price":7.86},{"type":"A","date":"2018-04-16T05:12:26.000Z","volume":2000,"label":" ","price":7.86},{"type":"A","date":"2018-04-16T05:13:00.000Z","volume":2000,"label":"Y","price":7.86},{"type":"B","date":"2018-04-16T05:13:21.000Z","volume":2000,"label":" ","price":7.85},{"type":"A","date":"2018-04-16T05:13:29.000Z","volume":2000,"label":" ","price":7.86},{"type":"B","date":"2018-04-16T05:13:33.000Z","volume":4000,"label":" ","price":7.85},{"type":"B","date":"2018-04-16T05:13:34.000Z","volume":2000,"label":" ","price":7.85},{"type":"A","date":"2018-04-16T05:13:40.000Z","volume":2000,"label":"Y","price":7.86},{"type":"A","date":"2018-04-16T05:13:56.000Z","volume":6000,"label":" ","price":7.86},{"type":"A","date":"2018-04-16T05:13:56.000Z","volume":2000,"label":" ","price":7.86},{"type":"A","date":"2018-04-16T05:15:12.000Z","volume":2000,"label":" ","price":7.86},{"type":"A","date":"2018-04-16T05:15:20.000Z","volume":2000,"label":" ","price":7.86},{"type":"A","date":"2018-04-16T05:16:24.000Z","volume":10000,"label":" ","price":7.86},{"type":"A","date":"2018-04-16T05:16:24.000Z","volume":2000,"label":" ","price":7.86},{"type":"A","date":"2018-04-16T05:17:00.000Z","volume":2000,"label":" ","price":7.86},{"type":"A","date":"2018-04-16T05:17:07.000Z","volume":2000,"label":" ","price":7.86},{"type":"B","date":"2018-04-16T05:17:46.000Z","volume":4000,"label":" ","price":7.85},{"type":"B","date":"2018-04-16T05:18:17.000Z","volume":20000,"label":"Y","price":7.85},{"type":"B","date":"2018-04-16T05:18:17.000Z","volume":110000,"label":" ","price":7.85},{"type":"A","date":"2018-04-16T05:18:17.000Z","volume":4000,"label":" ","price":7.86},{"type":"B","date":"2018-04-16T05:18:18.000Z","volume":2000,"label":" ","price":7.85},{"type":"A","date":"2018-04-16T05:18:24.000Z","volume":2000,"label":" ","price":7.85},{"type":"U","date":"2018-04-16T05:19:29.000Z","volume":2000,"label":"X","price":7.852},{"type":"A","date":"2018-04-16T05:19:55.000Z","volume":4000,"label":" ","price":7.85},{"type":"B","date":"2018-04-16T05:20:46.000Z","volume":118000,"label":" ","price":7.84},{"type":"B","date":"2018-04-16T05:21:06.000Z","volume":26000,"label":" ","price":7.83},{"type":"A","date":"2018-04-16T05:21:54.000Z","volume":2000,"label":" ","price":7.83},{"type":"B","date":"2018-04-16T05:22:01.000Z","volume":4000,"label":" ","price":7.82},{"type":"B","date":"2018-04-16T05:22:46.000Z","volume":16000,"label":"Y","price":7.82},{"type":"B","date":"2018-04-16T05:22:46.000Z","volume":114000,"label":" ","price":7.82},{"type":"B","date":"2018-04-16T05:22:46.000Z","volume":6000,"label":" ","price":7.82},{"type":"A","date":"2018-04-16T05:25:22.000Z","volume":36000,"label":" ","price":7.82},{"type":"A","date":"2018-04-16T05:25:23.000Z","volume":4000,"label":" ","price":7.82},{"type":"A","date":"2018-04-16T05:25:36.000Z","volume":10000,"label":" ","price":7.82},{"type":"A","date":"2018-04-16T05:25:36.000Z","volume":30000,"label":" ","price":7.82},{"type":"A","date":"2018-04-16T05:25:36.000Z","volume":4000,"label":" ","price":7.82},{"type":"A","date":"2018-04-16T05:25:36.000Z","volume":4000,"label":" ","price":7.82},{"type":"A","date":"2018-04-16T05:25:36.000Z","volume":10000,"label":" ","price":7.82},{"type":"A","date":"2018-04-16T05:25:36.000Z","volume":34000,"label":" ","price":7.82},{"type":"A","date":"2018-04-16T05:25:37.000Z","volume":4000,"label":" ","price":7.82},{"type":"B","date":"2018-04-16T05:25:37.000Z","volume":14000,"label":" ","price":7.82},{"type":"B","date":"2018-04-16T05:25:39.000Z","volume":2000,"label":" ","price":7.82},{"type":"B","date":"2018-04-16T05:27:08.000Z","volume":2000,"label":" ","price":7.82},{"type":"B","date":"2018-04-16T05:27:09.000Z","volume":2000,"label":" ","price":7.82},{"type":"A","date":"2018-04-16T05:27:23.000Z","volume":20000,"label":" ","price":7.83},{"type":"A","date":"2018-04-16T05:27:59.000Z","volume":10000,"label":" ","price":7.83},{"type":"A","date":"2018-04-16T05:27:59.000Z","volume":4000,"label":" ","price":7.83},{"type":"A","date":"2018-04-16T05:27:59.000Z","volume":2000,"label":" ","price":7.83},{"type":"B","date":"2018-04-16T05:30:02.000Z","volume":2000,"label":" ","price":7.83},{"type":"B","date":"2018-04-16T05:30:13.000Z","volume":4000,"label":"Y","price":7.83},{"type":"B","date":"2018-04-16T05:30:13.000Z","volume":6000,"label":" ","price":7.83},{"type":"A","date":"2018-04-16T05:30:39.000Z","volume":2000,"label":" ","price":7.83},{"type":"A","date":"2018-04-16T05:31:13.000Z","volume":2000,"label":" ","price":7.83},{"type":"B","date":"2018-04-16T05:32:00.000Z","volume":4000,"label":" ","price":7.82},{"type":"A","date":"2018-04-16T05:32:30.000Z","volume":4000,"label":" ","price":7.83},{"type":"A","date":"2018-04-16T05:32:43.000Z","volume":4000,"label":" ","price":7.83},{"type":"B","date":"2018-04-16T05:32:43.000Z","volume":2000,"label":" ","price":7.83},{"type":"B","date":"2018-04-16T05:33:53.000Z","volume":2000,"label":" ","price":7.83},{"type":"B","date":"2018-04-16T05:34:18.000Z","volume":6000,"label":" ","price":7.83},{"type":"A","date":"2018-04-16T05:34:47.000Z","volume":2000,"label":" ","price":7.83},{"type":"U","date":"2018-04-16T05:35:39.000Z","volume":2000,"label":"X","price":7.828},{"type":"B","date":"2018-04-16T05:36:14.000Z","volume":4000,"label":" ","price":7.82},{"type":"A","date":"2018-04-16T05:36:30.000Z","volume":6000,"label":" ","price":7.83},{"type":"A","date":"2018-04-16T05:36:30.000Z","volume":2000,"label":" ","price":7.83},{"type":"A","date":"2018-04-16T05:37:16.000Z","volume":6000,"label":" ","price":7.83},{"type":"A","date":"2018-04-16T05:38:40.000Z","volume":2000,"label":"Y","price":7.83},{"type":"A","date":"2018-04-16T05:38:40.000Z","volume":6000,"label":" ","price":7.83},{"type":"A","date":"2018-04-16T05:39:02.000Z","volume":2000,"label":" ","price":7.84},{"type":"A","date":"2018-04-16T05:40:50.000Z","volume":10000,"label":" ","price":7.84},{"type":"A","date":"2018-04-16T05:41:45.000Z","volume":2000,"label":" ","price":7.84},{"type":"B","date":"2018-04-16T05:42:47.000Z","volume":4000,"label":" ","price":7.83},{"type":"A","date":"2018-04-16T05:43:30.000Z","volume":2000,"label":" ","price":7.84},{"type":"A","date":"2018-04-16T05:43:36.000Z","volume":2000,"label":" ","price":7.84},{"type":"B","date":"2018-04-16T05:47:02.000Z","volume":4000,"label":" ","price":7.83},{"type":"A","date":"2018-04-16T05:47:37.000Z","volume":20000,"label":" ","price":7.84},{"type":"A","date":"2018-04-16T05:48:39.000Z","volume":2000,"label":" ","price":7.84},{"type":"A","date":"2018-04-16T05:49:31.000Z","volume":2000,"label":" ","price":7.84},{"type":"A","date":"2018-04-16T05:49:36.000Z","volume":10000,"label":" ","price":7.84},{"type":"A","date":"2018-04-16T05:49:36.000Z","volume":2000,"label":" ","price":7.84},{"type":"A","date":"2018-04-16T05:50:24.000Z","volume":2000,"label":" ","price":7.84},{"type":"B","date":"2018-04-16T05:51:16.000Z","volume":4000,"label":" ","price":7.83},{"type":"B","date":"2018-04-16T05:51:23.000Z","volume":2000,"label":" ","price":7.83},{"type":"B","date":"2018-04-16T05:51:24.000Z","volume":2000,"label":" ","price":7.83},{"type":"B","date":"2018-04-16T05:52:14.000Z","volume":2000,"label":" ","price":7.83},{"type":"B","date":"2018-04-16T05:53:13.000Z","volume":6000,"label":"Y","price":7.83},{"type":"B","date":"2018-04-16T05:53:13.000Z","volume":24000,"label":" ","price":7.83},{"type":"B","date":"2018-04-16T05:53:13.000Z","volume":6000,"label":" ","price":7.83},{"type":"A","date":"2018-04-16T05:53:13.000Z","volume":4000,"label":" ","price":7.84},{"type":"B","date":"2018-04-16T05:55:19.000Z","volume":2000,"label":" ","price":7.82},{"type":"A","date":"2018-04-16T05:55:29.000Z","volume":6000,"label":"Y","price":7.83},{"type":"A","date":"2018-04-16T05:55:29.000Z","volume":8000,"label":" ","price":7.83},{"type":"B","date":"2018-04-16T05:55:30.000Z","volume":4000,"label":" ","price":7.82},{"type":"U","date":"2018-04-16T05:57:19.000Z","volume":2000,"label":"X","price":7.833},{"type":"A","date":"2018-04-16T05:58:31.000Z","volume":2000,"label":" ","price":7.83},{"type":"A","date":"2018-04-16T05:58:36.000Z","volume":10000,"label":" ","price":7.83},{"type":"A","date":"2018-04-16T05:58:36.000Z","volume":26000,"label":" ","price":7.83},{"type":"U","date":"2018-04-16T05:58:37.000Z","volume":2000,"label":" ","price":7.83},{"type":"U","date":"2018-04-16T05:58:37.000Z","volume":2000,"label":"Y","price":7.83},{"type":"A","date":"2018-04-16T05:58:42.000Z","volume":4000,"label":" ","price":7.83},{"type":"A","date":"2018-04-16T05:58:42.000Z","volume":2000,"label":" ","price":7.84},{"type":"A","date":"2018-04-16T06:01:42.000Z","volume":10000,"label":" ","price":7.84},{"type":"B","date":"2018-04-16T06:02:47.000Z","volume":4000,"label":" ","price":7.83},{"type":"B","date":"2018-04-16T06:04:05.000Z","volume":4000,"label":"Y","price":7.83},{"type":"B","date":"2018-04-16T06:04:05.000Z","volume":26000,"label":" ","price":7.83},{"type":"A","date":"2018-04-16T06:04:06.000Z","volume":2000,"label":" ","price":7.83},{"type":"A","date":"2018-04-16T06:04:06.000Z","volume":2000,"label":"Y","price":7.83},{"type":"A","date":"2018-04-16T06:04:14.000Z","volume":10000,"label":" ","price":7.83},{"type":"A","date":"2018-04-16T06:04:14.000Z","volume":2000,"label":" ","price":7.83},{"type":"A","date":"2018-04-16T06:04:14.000Z","volume":2000,"label":" ","price":7.84},{"type":"B","date":"2018-04-16T06:04:15.000Z","volume":2000,"label":" ","price":7.83},{"type":"B","date":"2018-04-16T06:05:12.000Z","volume":2000,"label":" ","price":7.83},{"type":"B","date":"2018-04-16T06:06:59.000Z","volume":4000,"label":" ","price":7.83},{"type":"B","date":"2018-04-16T06:07:01.000Z","volume":2000,"label":" ","price":7.83},{"type":"A","date":"2018-04-16T06:07:02.000Z","volume":2000,"label":" ","price":7.84},{"type":"U","date":"2018-04-16T06:07:19.000Z","volume":2000,"label":"X","price":7.831},{"type":"B","date":"2018-04-16T06:10:12.000Z","volume":40000,"label":" ","price":7.83},{"type":"A","date":"2018-04-16T06:10:12.000Z","volume":4000,"label":" ","price":7.84},{"type":"B","date":"2018-04-16T06:10:14.000Z","volume":4000,"label":" ","price":7.83},{"type":"U","date":"2018-04-16T06:10:15.000Z","volume":2000,"label":" ","price":7.83},{"type":"A","date":"2018-04-16T06:10:15.000Z","volume":4000,"label":" ","price":7.83},{"type":"A","date":"2018-04-16T06:10:58.000Z","volume":8000,"label":" ","price":7.83},{"type":"A","date":"2018-04-16T06:10:58.000Z","volume":6000,"label":" ","price":7.83},{"type":"B","date":"2018-04-16T06:10:58.000Z","volume":2000,"label":" ","price":7.83},{"type":"B","date":"2018-04-16T06:10:59.000Z","volume":6000,"label":" ","price":7.83},{"type":"A","date":"2018-04-16T06:10:59.000Z","volume":2000,"label":" ","price":7.84},{"type":"A","date":"2018-04-16T06:12:56.000Z","volume":2000,"label":" ","price":7.83},{"type":"B","date":"2018-04-16T06:14:23.000Z","volume":2000,"label":" ","price":7.82},{"type":"A","date":"2018-04-16T06:14:33.000Z","volume":2000,"label":" ","price":7.83},{"type":"A","date":"2018-04-16T06:14:33.000Z","volume":2000,"label":" ","price":7.83},{"type":"A","date":"2018-04-16T06:15:36.000Z","volume":2000,"label":" ","price":7.83},{"type":"A","date":"2018-04-16T06:16:44.000Z","volume":2000,"label":" ","price":7.83},{"type":"B","date":"2018-04-16T06:16:55.000Z","volume":4000,"label":" ","price":7.82},{"type":"A","date":"2018-04-16T06:17:32.000Z","volume":8000,"label":" ","price":7.83},{"type":"A","date":"2018-04-16T06:17:43.000Z","volume":2000,"label":"Y","price":7.83},{"type":"A","date":"2018-04-16T06:17:43.000Z","volume":4000,"label":" ","price":7.83},{"type":"A","date":"2018-04-16T06:17:43.000Z","volume":2000,"label":" ","price":7.84},{"type":"B","date":"2018-04-16T06:17:43.000Z","volume":2000,"label":" ","price":7.83},{"type":"A","date":"2018-04-16T06:19:31.000Z","volume":4000,"label":"Y","price":7.84},{"type":"A","date":"2018-04-16T06:19:31.000Z","volume":6000,"label":" ","price":7.84},{"type":"A","date":"2018-04-16T06:19:31.000Z","volume":4000,"label":" ","price":7.84},{"type":"A","date":"2018-04-16T06:19:32.000Z","volume":2000,"label":" ","price":7.84},{"type":"A","date":"2018-04-16T06:19:32.000Z","volume":2000,"label":" ","price":7.84},{"type":"A","date":"2018-04-16T06:19:32.000Z","volume":2000,"label":" ","price":7.84},{"type":"U","date":"2018-04-16T06:19:33.000Z","volume":6000,"label":" ","price":7.84},{"type":"B","date":"2018-04-16T06:22:47.000Z","volume":6000,"label":"Y","price":7.84},{"type":"B","date":"2018-04-16T06:22:47.000Z","volume":24000,"label":" ","price":7.84},{"type":"B","date":"2018-04-16T06:22:49.000Z","volume":4000,"label":" ","price":7.84},{"type":"A","date":"2018-04-16T06:22:50.000Z","volume":4000,"label":" ","price":7.84},{"type":"B","date":"2018-04-16T06:23:26.000Z","volume":4000,"label":" ","price":7.83},{"type":"U","date":"2018-04-16T06:24:18.000Z","volume":2000,"label":"X","price":7.836},{"type":"A","date":"2018-04-16T06:25:29.000Z","volume":2000,"label":" ","price":7.84},{"type":"A","date":"2018-04-16T06:27:25.000Z","volume":2000,"label":" ","price":7.84},{"type":"B","date":"2018-04-16T06:27:39.000Z","volume":4000,"label":" ","price":7.83},{"type":"A","date":"2018-04-16T06:27:41.000Z","volume":2000,"label":" ","price":7.84},{"type":"A","date":"2018-04-16T06:28:49.000Z","volume":12000,"label":" ","price":7.84},{"type":"A","date":"2018-04-16T06:28:49.000Z","volume":6000,"label":" ","price":7.84},{"type":"A","date":"2018-04-16T06:28:51.000Z","volume":2000,"label":" ","price":7.84},{"type":"A","date":"2018-04-16T06:30:22.000Z","volume":4000,"label":" ","price":7.84},{"type":"A","date":"2018-04-16T06:30:33.000Z","volume":2000,"label":" ","price":7.84},{"type":"A","date":"2018-04-16T06:30:55.000Z","volume":2000,"label":" ","price":7.84},{"type":"B","date":"2018-04-16T06:32:46.000Z","volume":4000,"label":" ","price":7.83},{"type":"A","date":"2018-04-16T06:32:49.000Z","volume":2000,"label":" ","price":7.84},{"type":"A","date":"2018-04-16T06:33:08.000Z","volume":2000,"label":" ","price":7.84},{"type":"A","date":"2018-04-16T06:33:08.000Z","volume":2000,"label":" ","price":7.84},{"type":"A","date":"2018-04-16T06:34:03.000Z","volume":2000,"label":" ","price":7.84},{"type":"A","date":"2018-04-16T06:34:44.000Z","volume":2000,"label":" ","price":7.84},{"type":"A","date":"2018-04-16T06:37:03.000Z","volume":2000,"label":" ","price":7.84},{"type":"B","date":"2018-04-16T06:37:03.000Z","volume":4000,"label":" ","price":7.83},{"type":"A","date":"2018-04-16T06:37:04.000Z","volume":2000,"label":" ","price":7.84},{"type":"B","date":"2018-04-16T06:39:08.000Z","volume":2000,"label":" ","price":7.83},{"type":"B","date":"2018-04-16T06:39:09.000Z","volume":2000,"label":" ","price":7.83},{"type":"A","date":"2018-04-16T06:40:21.000Z","volume":2000,"label":" ","price":7.84},{"type":"A","date":"2018-04-16T06:40:33.000Z","volume":2000,"label":" ","price":7.84},{"type":"A","date":"2018-04-16T06:40:33.000Z","volume":2000,"label":" ","price":7.84},{"type":"U","date":"2018-04-16T06:40:52.000Z","volume":2000,"label":"X","price":7.836},{"type":"A","date":"2018-04-16T06:41:00.000Z","volume":2000,"label":" ","price":7.84},{"type":"B","date":"2018-04-16T06:41:20.000Z","volume":4000,"label":" ","price":7.83},{"type":"A","date":"2018-04-16T06:41:45.000Z","volume":2000,"label":" ","price":7.84},{"type":"A","date":"2018-04-16T06:42:20.000Z","volume":2000,"label":" ","price":7.84},{"type":"A","date":"2018-04-16T06:42:20.000Z","volume":2000,"label":" ","price":7.84},{"type":"A","date":"2018-04-16T06:42:26.000Z","volume":4000,"label":" ","price":7.84},{"type":"A","date":"2018-04-16T06:43:08.000Z","volume":2000,"label":" ","price":7.84},{"type":"A","date":"2018-04-16T06:43:33.000Z","volume":2000,"label":" ","price":7.84},{"type":"A","date":"2018-04-16T06:44:00.000Z","volume":2000,"label":" ","price":7.84},{"type":"B","date":"2018-04-16T06:45:35.000Z","volume":4000,"label":" ","price":7.83},{"type":"A","date":"2018-04-16T06:45:36.000Z","volume":2000,"label":" ","price":7.84},{"type":"A","date":"2018-04-16T06:46:03.000Z","volume":10000,"label":" ","price":7.84},{"type":"A","date":"2018-04-16T06:46:14.000Z","volume":14000,"label":" ","price":7.84},{"type":"A","date":"2018-04-16T06:46:14.000Z","volume":2000,"label":" ","price":7.85},{"type":"B","date":"2018-04-16T06:46:15.000Z","volume":6000,"label":" ","price":7.84},{"type":"A","date":"2018-04-16T06:46:16.000Z","volume":4000,"label":" ","price":7.85},{"type":"A","date":"2018-04-16T06:46:30.000Z","volume":2000,"label":" ","price":7.85},{"type":"A","date":"2018-04-16T06:48:05.000Z","volume":10000,"label":" ","price":7.85},{"type":"A","date":"2018-04-16T06:48:23.000Z","volume":2000,"label":" ","price":7.85},{"type":"A","date":"2018-04-16T06:48:24.000Z","volume":2000,"label":" ","price":7.85},{"type":"A","date":"2018-04-16T06:48:24.000Z","volume":2000,"label":" ","price":7.85},{"type":"A","date":"2018-04-16T06:48:25.000Z","volume":2000,"label":" ","price":7.85},{"type":"U","date":"2018-04-16T06:48:33.000Z","volume":2000,"label":"X","price":7.85},{"type":"B","date":"2018-04-16T06:49:49.000Z","volume":4000,"label":" ","price":7.84},{"type":"A","date":"2018-04-16T06:50:11.000Z","volume":20000,"label":" ","price":7.85},{"type":"A","date":"2018-04-16T06:50:11.000Z","volume":4000,"label":" ","price":7.85},{"type":"A","date":"2018-04-16T06:50:11.000Z","volume":2000,"label":" ","price":7.85},{"type":"A","date":"2018-04-16T06:50:11.000Z","volume":8000,"label":" ","price":7.85},{"type":"A","date":"2018-04-16T06:50:11.000Z","volume":2000,"label":" ","price":7.86},{"type":"A","date":"2018-04-16T06:50:11.000Z","volume":2000,"label":" ","price":7.86},{"type":"A","date":"2018-04-16T06:50:11.000Z","volume":8000,"label":" ","price":7.86},{"type":"B","date":"2018-04-16T06:50:11.000Z","volume":10000,"label":" ","price":7.85},{"type":"B","date":"2018-04-16T06:50:11.000Z","volume":12000,"label":" ","price":7.85},{"type":"B","date":"2018-04-16T06:50:11.000Z","volume":14000,"label":" ","price":7.85},{"type":"A","date":"2018-04-16T06:50:12.000Z","volume":4000,"label":" ","price":7.88},{"type":"A","date":"2018-04-16T06:50:12.000Z","volume":2000,"label":" ","price":7.87},{"type":"U","date":"2018-04-16T06:50:52.000Z","volume":2000,"label":"X","price":7.848},{"type":"A","date":"2018-04-16T06:52:18.000Z","volume":2000,"label":" ","price":7.85},{"type":"B","date":"2018-04-16T06:54:02.000Z","volume":4000,"label":" ","price":7.84},{"type":"A","date":"2018-04-16T06:55:04.000Z","volume":6000,"label":" ","price":7.85},{"type":"A","date":"2018-04-16T06:55:45.000Z","volume":2000,"label":" ","price":7.85},{"type":"A","date":"2018-04-16T06:56:04.000Z","volume":10000,"label":" ","price":7.85},{"type":"A","date":"2018-04-16T06:56:04.000Z","volume":2000,"label":" ","price":7.85},{"type":"A","date":"2018-04-16T06:57:34.000Z","volume":2000,"label":" ","price":7.85},{"type":"B","date":"2018-04-16T06:57:50.000Z","volume":4000,"label":" ","price":7.84},{"type":"B","date":"2018-04-16T06:58:53.000Z","volume":2000,"label":" ","price":7.84},{"type":"B","date":"2018-04-16T06:58:54.000Z","volume":2000,"label":" ","price":7.84},{"type":"A","date":"2018-04-16T06:59:33.000Z","volume":2000,"label":" ","price":7.85},{"type":"A","date":"2018-04-16T06:59:57.000Z","volume":2000,"label":" ","price":7.85},{"type":"A","date":"2018-04-16T07:01:04.000Z","volume":2000,"label":" ","price":7.85},{"type":"B","date":"2018-04-16T07:01:38.000Z","volume":4000,"label":" ","price":7.84},{"type":"A","date":"2018-04-16T07:01:45.000Z","volume":2000,"label":" ","price":7.85},{"type":"A","date":"2018-04-16T07:02:16.000Z","volume":2000,"label":" ","price":7.85},{"type":"A","date":"2018-04-16T07:02:39.000Z","volume":2000,"label":"Y","price":7.85},{"type":"A","date":"2018-04-16T07:02:54.000Z","volume":2000,"label":" ","price":7.85},{"type":"A","date":"2018-04-16T07:03:26.000Z","volume":2000,"label":" ","price":7.85},{"type":"A","date":"2018-04-16T07:04:04.000Z","volume":28000,"label":" ","price":7.85},{"type":"A","date":"2018-04-16T07:04:04.000Z","volume":4000,"label":" ","price":7.86},{"type":"B","date":"2018-04-16T07:04:06.000Z","volume":4000,"label":" ","price":7.85},{"type":"B","date":"2018-04-16T07:04:21.000Z","volume":48000,"label":" ","price":7.85},{"type":"A","date":"2018-04-16T07:04:21.000Z","volume":6000,"label":" ","price":7.85},{"type":"A","date":"2018-04-16T07:04:34.000Z","volume":2000,"label":" ","price":7.85},{"type":"A","date":"2018-04-16T07:04:40.000Z","volume":30000,"label":" ","price":7.85},{"type":"A","date":"2018-04-16T07:04:41.000Z","volume":4000,"label":" ","price":7.86},{"type":"B","date":"2018-04-16T07:05:57.000Z","volume":14000,"label":" ","price":7.85},{"type":"B","date":"2018-04-16T07:05:58.000Z","volume":4000,"label":" ","price":7.85},{"type":"B","date":"2018-04-16T07:06:57.000Z","volume":24000,"label":" ","price":7.85},{"type":"B","date":"2018-04-16T07:06:59.000Z","volume":10000,"label":" ","price":7.85},{"type":"B","date":"2018-04-16T07:07:02.000Z","volume":2000,"label":" ","price":7.85},{"type":"A","date":"2018-04-16T07:07:56.000Z","volume":2000,"label":" ","price":7.85},{"type":"A","date":"2018-04-16T07:08:04.000Z","volume":8000,"label":" ","price":7.85},{"type":"A","date":"2018-04-16T07:08:04.000Z","volume":4000,"label":" ","price":7.86},{"type":"B","date":"2018-04-16T07:08:06.000Z","volume":2000,"label":" ","price":7.85},{"type":"B","date":"2018-04-16T07:10:47.000Z","volume":106000,"label":" ","price":7.85},{"type":"B","date":"2018-04-16T07:12:03.000Z","volume":4000,"label":" ","price":7.84},{"type":"B","date":"2018-04-16T07:12:08.000Z","volume":2000,"label":" ","price":7.84},{"type":"B","date":"2018-04-16T07:12:09.000Z","volume":2000,"label":" ","price":7.84},{"type":"A","date":"2018-04-16T07:12:23.000Z","volume":2000,"label":" ","price":7.85},{"type":"A","date":"2018-04-16T07:12:56.000Z","volume":6000,"label":" ","price":7.85},{"type":"A","date":"2018-04-16T07:13:04.000Z","volume":30000,"label":" ","price":7.85},{"type":"A","date":"2018-04-16T07:13:04.000Z","volume":4000,"label":" ","price":7.85},{"type":"B","date":"2018-04-16T07:14:53.000Z","volume":2000,"label":" ","price":7.84},{"type":"B","date":"2018-04-16T07:14:58.000Z","volume":22000,"label":" ","price":7.84},{"type":"B","date":"2018-04-16T07:14:58.000Z","volume":6000,"label":" ","price":7.84},{"type":"B","date":"2018-04-16T07:14:59.000Z","volume":10000,"label":" ","price":7.84},{"type":"A","date":"2018-04-16T07:15:21.000Z","volume":6000,"label":" ","price":7.85},{"type":"B","date":"2018-04-16T07:15:54.000Z","volume":4000,"label":" ","price":7.84},{"type":"B","date":"2018-04-16T07:15:55.000Z","volume":2000,"label":" ","price":7.84},{"type":"B","date":"2018-04-16T07:18:13.000Z","volume":2000,"label":" ","price":7.84},{"type":"B","date":"2018-04-16T07:18:14.000Z","volume":2000,"label":" ","price":7.84},{"type":"U","date":"2018-04-16T07:19:30.000Z","volume":2000,"label":"X","price":7.85},{"type":"B","date":"2018-04-16T07:20:58.000Z","volume":2000,"label":" ","price":7.84},{"type":"B","date":"2018-04-16T07:21:48.000Z","volume":12000,"label":"Y","price":7.84},{"type":"B","date":"2018-04-16T07:21:48.000Z","volume":108000,"label":" ","price":7.84},{"type":"B","date":"2018-04-16T07:21:49.000Z","volume":2000,"label":" ","price":7.84},{"type":"B","date":"2018-04-16T07:21:49.000Z","volume":8000,"label":" ","price":7.84},{"type":"B","date":"2018-04-16T07:22:13.000Z","volume":4000,"label":" ","price":7.83},{"type":"A","date":"2018-04-16T07:23:06.000Z","volume":10000,"label":" ","price":7.84},{"type":"B","date":"2018-04-16T07:23:14.000Z","volume":2000,"label":" ","price":7.83},{"type":"B","date":"2018-04-16T07:24:32.000Z","volume":2000,"label":" ","price":7.83},{"type":"B","date":"2018-04-16T07:25:06.000Z","volume":2000,"label":" ","price":7.83},{"type":"B","date":"2018-04-16T07:25:07.000Z","volume":2000,"label":" ","price":7.83},{"type":"B","date":"2018-04-16T07:25:37.000Z","volume":4000,"label":" ","price":7.83},{"type":"B","date":"2018-04-16T07:25:49.000Z","volume":22000,"label":"Y","price":7.83},{"type":"B","date":"2018-04-16T07:25:49.000Z","volume":128000,"label":" ","price":7.83},{"type":"B","date":"2018-04-16T07:25:50.000Z","volume":42000,"label":" ","price":7.83},{"type":"A","date":"2018-04-16T07:25:52.000Z","volume":4000,"label":" ","price":7.83},{"type":"B","date":"2018-04-16T07:26:17.000Z","volume":2000,"label":" ","price":7.82},{"type":"A","date":"2018-04-16T07:26:32.000Z","volume":10000,"label":" ","price":7.83},{"type":"B","date":"2018-04-16T07:26:47.000Z","volume":2000,"label":" ","price":7.82},{"type":"U","date":"2018-04-16T07:27:07.000Z","volume":4000,"label":"X","price":7.84},{"type":"B","date":"2018-04-16T07:27:24.000Z","volume":2000,"label":" ","price":7.82},{"type":"B","date":"2018-04-16T07:28:47.000Z","volume":2000,"label":" ","price":7.82},{"type":"B","date":"2018-04-16T07:28:47.000Z","volume":2000,"label":" ","price":7.82},{"type":"B","date":"2018-04-16T07:28:54.000Z","volume":2000,"label":" ","price":7.82},{"type":"B","date":"2018-04-16T07:29:03.000Z","volume":4000,"label":" ","price":7.82},{"type":"B","date":"2018-04-16T07:29:03.000Z","volume":2000,"label":" ","price":7.82},{"type":"B","date":"2018-04-16T07:29:04.000Z","volume":2000,"label":" ","price":7.82},{"type":"A","date":"2018-04-16T07:29:28.000Z","volume":8000,"label":" ","price":7.83},{"type":"B","date":"2018-04-16T07:31:47.000Z","volume":2000,"label":" ","price":7.82},{"type":"B","date":"2018-04-16T07:31:54.000Z","volume":2000,"label":" ","price":7.82},{"type":"A","date":"2018-04-16T07:32:15.000Z","volume":2000,"label":" ","price":7.83},{"type":"B","date":"2018-04-16T07:32:29.000Z","volume":2000,"label":" ","price":7.82},{"type":"B","date":"2018-04-16T07:32:30.000Z","volume":4000,"label":" ","price":7.82},{"type":"B","date":"2018-04-16T07:32:30.000Z","volume":2000,"label":" ","price":7.82},{"type":"A","date":"2018-04-16T07:33:05.000Z","volume":10000,"label":" ","price":7.83},{"type":"A","date":"2018-04-16T07:34:07.000Z","volume":14000,"label":" ","price":7.83},{"type":"A","date":"2018-04-16T07:35:13.000Z","volume":10000,"label":" ","price":7.83},{"type":"A","date":"2018-04-16T07:35:20.000Z","volume":2000,"label":" ","price":7.83},{"type":"B","date":"2018-04-16T07:35:34.000Z","volume":2000,"label":" ","price":7.82},{"type":"B","date":"2018-04-16T07:35:34.000Z","volume":2000,"label":" ","price":7.82},{"type":"A","date":"2018-04-16T07:35:45.000Z","volume":8000,"label":" ","price":7.83},{"type":"B","date":"2018-04-16T07:35:58.000Z","volume":4000,"label":" ","price":7.82},{"type":"B","date":"2018-04-16T07:35:58.000Z","volume":2000,"label":" ","price":7.82},{"type":"B","date":"2018-04-16T07:36:39.000Z","volume":2000,"label":" ","price":7.82},{"type":"B","date":"2018-04-16T07:37:44.000Z","volume":2000,"label":" ","price":7.82},{"type":"A","date":"2018-04-16T07:38:31.000Z","volume":8000,"label":" ","price":7.83},{"type":"B","date":"2018-04-16T07:38:32.000Z","volume":2000,"label":" ","price":7.82},{"type":"B","date":"2018-04-16T07:38:32.000Z","volume":2000,"label":" ","price":7.82},{"type":"A","date":"2018-04-16T07:38:33.000Z","volume":8000,"label":" ","price":7.83},{"type":"B","date":"2018-04-16T07:38:54.000Z","volume":2000,"label":" ","price":7.82},{"type":"A","date":"2018-04-16T07:39:14.000Z","volume":4000,"label":" ","price":7.83},{"type":"B","date":"2018-04-16T07:39:29.000Z","volume":4000,"label":" ","price":7.82},{"type":"B","date":"2018-04-16T07:39:29.000Z","volume":2000,"label":" ","price":7.82},{"type":"B","date":"2018-04-16T07:39:59.000Z","volume":2000,"label":" ","price":7.82},{"type":"B","date":"2018-04-16T07:40:02.000Z","volume":2000,"label":" ","price":7.82},{"type":"B","date":"2018-04-16T07:40:02.000Z","volume":2000,"label":" ","price":7.82},{"type":"B","date":"2018-04-16T07:40:08.000Z","volume":2000,"label":" ","price":7.82},{"type":"A","date":"2018-04-16T07:40:17.000Z","volume":2000,"label":" ","price":7.83},{"type":"A","date":"2018-04-16T07:40:24.000Z","volume":2000,"label":" ","price":7.83},{"type":"B","date":"2018-04-16T07:40:58.000Z","volume":2000,"label":" ","price":7.82},{"type":"B","date":"2018-04-16T07:40:58.000Z","volume":2000,"label":" ","price":7.82},{"type":"A","date":"2018-04-16T07:41:28.000Z","volume":8000,"label":" ","price":7.83},{"type":"U","date":"2018-04-16T07:41:37.000Z","volume":2000,"label":"X","price":7.83},{"type":"B","date":"2018-04-16T07:41:47.000Z","volume":2000,"label":" ","price":7.82},{"type":"B","date":"2018-04-16T07:41:53.000Z","volume":2000,"label":" ","price":7.82},{"type":"B","date":"2018-04-16T07:41:58.000Z","volume":26000,"label":"Y","price":7.82},{"type":"B","date":"2018-04-16T07:41:58.000Z","volume":124000,"label":" ","price":7.82},{"type":"B","date":"2018-04-16T07:41:58.000Z","volume":2000,"label":" ","price":7.82},{"type":"B","date":"2018-04-16T07:41:58.000Z","volume":10000,"label":" ","price":7.82},{"type":"A","date":"2018-04-16T07:41:59.000Z","volume":4000,"label":" ","price":7.83},{"type":"A","date":"2018-04-16T07:42:01.000Z","volume":2000,"label":" ","price":7.82},{"type":"B","date":"2018-04-16T07:42:34.000Z","volume":2000,"label":" ","price":7.81},{"type":"B","date":"2018-04-16T07:42:57.000Z","volume":50000,"label":" ","price":7.81},{"type":"U","date":"2018-04-16T07:43:06.000Z","volume":2000,"label":"X","price":7.82},{"type":"A","date":"2018-04-16T07:43:16.000Z","volume":6000,"label":" ","price":7.82},{"type":"B","date":"2018-04-16T07:43:34.000Z","volume":2000,"label":" ","price":7.81},{"type":"B","date":"2018-04-16T07:44:02.000Z","volume":2000,"label":" ","price":7.81},{"type":"A","date":"2018-04-16T07:44:09.000Z","volume":8000,"label":" ","price":7.82},{"type":"B","date":"2018-04-16T07:44:34.000Z","volume":2000,"label":" ","price":7.81},{"type":"B","date":"2018-04-16T07:44:49.000Z","volume":4000,"label":" ","price":7.81},{"type":"A","date":"2018-04-16T07:45:15.000Z","volume":78000,"label":" ","price":7.82},{"type":"A","date":"2018-04-16T07:45:15.000Z","volume":56000,"label":" ","price":7.82},{"type":"A","date":"2018-04-16T07:45:15.000Z","volume":22000,"label":" ","price":7.82},{"type":"U","date":"2018-04-16T07:45:15.000Z","volume":2000,"label":" ","price":7.82},{"type":"U","date":"2018-04-16T07:45:15.000Z","volume":2000,"label":" ","price":7.82},{"type":"B","date":"2018-04-16T07:45:16.000Z","volume":16000,"label":" ","price":7.82},{"type":"B","date":"2018-04-16T07:45:17.000Z","volume":2000,"label":" ","price":7.82},{"type":"A","date":"2018-04-16T07:45:17.000Z","volume":8000,"label":"Y","price":7.82},{"type":"A","date":"2018-04-16T07:45:26.000Z","volume":4000,"label":" ","price":7.82},{"type":"A","date":"2018-04-16T07:45:28.000Z","volume":30000,"label":" ","price":7.82},{"type":"B","date":"2018-04-16T07:45:29.000Z","volume":10000,"label":" ","price":7.82},{"type":"A","date":"2018-04-16T07:45:31.000Z","volume":4000,"label":" ","price":7.82},{"type":"A","date":"2018-04-16T07:45:48.000Z","volume":8000,"label":" ","price":7.82},{"type":"A","date":"2018-04-16T07:46:27.000Z","volume":4000,"label":" ","price":7.82},{"type":"A","date":"2018-04-16T07:46:28.000Z","volume":16000,"label":" ","price":7.82},{"type":"A","date":"2018-04-16T07:46:29.000Z","volume":6000,"label":" ","price":7.82},{"type":"A","date":"2018-04-16T07:46:33.000Z","volume":2000,"label":" ","price":7.82},{"type":"B","date":"2018-04-16T07:46:34.000Z","volume":2000,"label":" ","price":7.82},{"type":"A","date":"2018-04-16T07:47:29.000Z","volume":10000,"label":" ","price":7.83},{"type":"B","date":"2018-04-16T07:48:38.000Z","volume":2000,"label":" ","price":7.82},{"type":"A","date":"2018-04-16T07:49:57.000Z","volume":10000,"label":" ","price":7.83},{"type":"B","date":"2018-04-16T07:49:57.000Z","volume":4000,"label":" ","price":7.82},{"type":"A","date":"2018-04-16T07:49:57.000Z","volume":4000,"label":"Y","price":7.83},{"type":"A","date":"2018-04-16T07:49:57.000Z","volume":2000,"label":" ","price":7.83},{"type":"A","date":"2018-04-16T07:50:08.000Z","volume":2000,"label":" ","price":7.83},{"type":"A","date":"2018-04-16T07:50:15.000Z","volume":8000,"label":" ","price":7.83},{"type":"A","date":"2018-04-16T07:50:16.000Z","volume":28000,"label":" ","price":7.83},{"type":"A","date":"2018-04-16T07:50:16.000Z","volume":6000,"label":" ","price":7.84},{"type":"B","date":"2018-04-16T07:50:18.000Z","volume":8000,"label":" ","price":7.84},{"type":"A","date":"2018-04-16T07:50:21.000Z","volume":2000,"label":" ","price":7.87},{"type":"U","date":"2018-04-16T07:50:40.000Z","volume":8000,"label":"X","price":7.85},{"type":"A","date":"2018-04-16T07:51:01.000Z","volume":12000,"label":" ","price":7.84},{"type":"A","date":"2018-04-16T07:51:09.000Z","volume":12000,"label":" ","price":7.84},{"type":"A","date":"2018-04-16T07:51:17.000Z","volume":6000,"label":" ","price":7.84},{"type":"B","date":"2018-04-16T07:53:03.000Z","volume":2000,"label":" ","price":7.83},{"type":"B","date":"2018-04-16T07:53:22.000Z","volume":4000,"label":" ","price":7.83},{"type":"B","date":"2018-04-16T07:53:23.000Z","volume":2000,"label":" ","price":7.83},{"type":"B","date":"2018-04-16T07:53:33.000Z","volume":2000,"label":" ","price":7.83},{"type":"B","date":"2018-04-16T07:53:58.000Z","volume":2000,"label":" ","price":7.83},{"type":"A","date":"2018-04-16T07:54:26.000Z","volume":4000,"label":" ","price":7.84},{"type":"B","date":"2018-04-16T07:54:38.000Z","volume":2000,"label":" ","price":7.83},{"type":"B","date":"2018-04-16T07:54:58.000Z","volume":2000,"label":" ","price":7.83},{"type":"A","date":"2018-04-16T07:55:26.000Z","volume":6000,"label":" ","price":7.84},{"type":"B","date":"2018-04-16T07:55:44.000Z","volume":2000,"label":" ","price":7.83},{"type":"B","date":"2018-04-16T07:55:45.000Z","volume":2000,"label":" ","price":7.83},{"type":"A","date":"2018-04-16T07:55:53.000Z","volume":30000,"label":" ","price":7.84},{"type":"B","date":"2018-04-16T07:55:53.000Z","volume":2000,"label":" ","price":7.84},{"type":"B","date":"2018-04-16T07:55:54.000Z","volume":6000,"label":" ","price":7.84},{"type":"B","date":"2018-04-16T07:56:07.000Z","volume":4000,"label":" ","price":7.84},{"type":"B","date":"2018-04-16T07:56:09.000Z","volume":2000,"label":" ","price":7.84},{"type":"B","date":"2018-04-16T07:56:22.000Z","volume":30000,"label":" ","price":7.84},{"type":"A","date":"2018-04-16T07:56:22.000Z","volume":8000,"label":" ","price":7.84},{"type":"B","date":"2018-04-16T07:56:24.000Z","volume":12000,"label":" ","price":7.83},{"type":"B","date":"2018-04-16T07:56:25.000Z","volume":4000,"label":" ","price":7.83},{"type":"B","date":"2018-04-16T07:56:45.000Z","volume":2000,"label":" ","price":7.83},{"type":"B","date":"2018-04-16T07:57:33.000Z","volume":2000,"label":" ","price":7.82},{"type":"B","date":"2018-04-16T07:57:48.000Z","volume":2000,"label":" ","price":7.82},{"type":"B","date":"2018-04-16T07:57:53.000Z","volume":2000,"label":" ","price":7.82},{"type":"B","date":"2018-04-16T07:57:53.000Z","volume":2000,"label":" ","price":7.82},{"type":"B","date":"2018-04-16T07:58:07.000Z","volume":2000,"label":" ","price":7.82},{"type":"A","date":"2018-04-16T07:58:11.000Z","volume":2000,"label":" ","price":7.83},{"type":"B","date":"2018-04-16T07:58:13.000Z","volume":2000,"label":" ","price":7.82},{"type":"B","date":"2018-04-16T07:58:33.000Z","volume":2000,"label":" ","price":7.82},{"type":"B","date":"2018-04-16T07:58:34.000Z","volume":2000,"label":" ","price":7.82},{"type":"B","date":"2018-04-16T07:58:47.000Z","volume":2000,"label":" ","price":7.82},{"type":"B","date":"2018-04-16T07:58:53.000Z","volume":2000,"label":" ","price":7.82},{"type":"B","date":"2018-04-16T07:58:54.000Z","volume":2000,"label":" ","price":7.82},{"type":"A","date":"2018-04-16T07:58:55.000Z","volume":2000,"label":" ","price":7.83},{"type":"B","date":"2018-04-16T07:58:55.000Z","volume":2000,"label":" ","price":7.82},{"type":"A","date":"2018-04-16T07:59:01.000Z","volume":2000,"label":" ","price":7.83},{"type":"A","date":"2018-04-16T07:59:03.000Z","volume":2000,"label":" ","price":7.83},{"type":"B","date":"2018-04-16T07:59:05.000Z","volume":2000,"label":" ","price":7.82},{"type":"A","date":"2018-04-16T07:59:11.000Z","volume":2000,"label":"Y","price":7.83},{"type":"A","date":"2018-04-16T07:59:15.000Z","volume":2000,"label":"Y","price":7.83},{"type":"B","date":"2018-04-16T07:59:22.000Z","volume":2000,"label":" ","price":7.82},{"type":"B","date":"2018-04-16T07:59:22.000Z","volume":2000,"label":" ","price":7.82},{"type":"A","date":"2018-04-16T07:59:22.000Z","volume":2000,"label":" ","price":7.83},{"type":"B","date":"2018-04-16T07:59:26.000Z","volume":2000,"label":" ","price":7.82},{"type":"B","date":"2018-04-16T07:59:28.000Z","volume":2000,"label":" ","price":7.82},{"type":"B","date":"2018-04-16T07:59:30.000Z","volume":2000,"label":" ","price":7.82},{"type":"B","date":"2018-04-16T07:59:30.000Z","volume":2000,"label":" ","price":7.82},{"type":"A","date":"2018-04-16T07:59:41.000Z","volume":2000,"label":" ","price":7.83},{"type":"A","date":"2018-04-16T07:59:46.000Z","volume":10000,"label":" ","price":7.83},{"type":"A","date":"2018-04-16T07:59:46.000Z","volume":4000,"label":" ","price":7.83},{"type":"B","date":"2018-04-16T07:59:47.000Z","volume":2000,"label":" ","price":7.82},{"type":"B","date":"2018-04-16T07:59:48.000Z","volume":2000,"label":" ","price":7.82},{"type":"B","date":"2018-04-16T07:59:55.000Z","volume":2000,"label":" ","price":7.82},{"type":"B","date":"2018-04-16T07:59:55.000Z","volume":2000,"label":" ","price":7.82},{"type":"B","date":"2018-04-16T07:59:56.000Z","volume":2000,"label":" ","price":7.82},{"type":"U","date":"2018-04-16T08:08:32.000Z","volume":762000,"label":"U","price":7.82}]