[{"type":"A","date":"2018-04-11T01:30:01.000Z","volume":102000,"label":" ","price":0.188},{"type":"A","date":"2018-04-11T01:30:01.000Z","volume":18000,"label":" ","price":0.188},{"type":"A","date":"2018-04-11T01:30:10.000Z","volume":600000,"label":" ","price":0.189},{"type":"A","date":"2018-04-11T01:30:26.000Z","volume":30000,"label":" ","price":0.19},{"type":"U","date":"2018-04-11T01:30:26.000Z","volume":102000,"label":" ","price":0.188},{"type":"A","date":"2018-04-11T01:31:06.000Z","volume":120000,"label":" ","price":0.188},{"type":"A","date":"2018-04-11T01:31:40.000Z","volume":96000,"label":" ","price":0.188},{"type":"A","date":"2018-04-11T01:32:34.000Z","volume":204000,"label":" ","price":0.188},{"type":"A","date":"2018-04-11T01:36:19.000Z","volume":18000,"label":" ","price":0.186},{"type":"A","date":"2018-04-11T01:36:19.000Z","volume":78000,"label":" ","price":0.186},{"type":"A","date":"2018-04-11T01:38:44.000Z","volume":54000,"label":" ","price":0.186},{"type":"A","date":"2018-04-11T01:38:44.000Z","volume":90000,"label":" ","price":0.186},{"type":"B","date":"2018-04-11T01:38:53.000Z","volume":108000,"label":" ","price":0.186},{"type":"B","date":"2018-04-11T01:39:00.000Z","volume":48000,"label":" ","price":0.186},{"type":"A","date":"2018-04-11T01:42:49.000Z","volume":48000,"label":" ","price":0.186},{"type":"A","date":"2018-04-11T01:43:11.000Z","volume":42000,"label":" ","price":0.186},{"type":"A","date":"2018-04-11T01:43:11.000Z","volume":336000,"label":" ","price":0.187},{"type":"A","date":"2018-04-11T01:43:58.000Z","volume":42000,"label":" ","price":0.187},{"type":"A","date":"2018-04-11T01:45:06.000Z","volume":150000,"label":" ","price":0.187},{"type":"A","date":"2018-04-11T01:45:06.000Z","volume":150000,"label":" ","price":0.188},{"type":"A","date":"2018-04-11T01:45:53.000Z","volume":18000,"label":" ","price":0.188},{"type":"A","date":"2018-04-11T01:46:08.000Z","volume":120000,"label":" ","price":0.187},{"type":"A","date":"2018-04-11T01:46:14.000Z","volume":18000,"label":" ","price":0.187},{"type":"A","date":"2018-04-11T01:46:23.000Z","volume":66000,"label":" ","price":0.187},{"type":"A","date":"2018-04-11T01:47:28.000Z","volume":60000,"label":" ","price":0.188},{"type":"A","date":"2018-04-11T01:47:28.000Z","volume":210000,"label":" ","price":0.189},{"type":"B","date":"2018-04-11T01:48:38.000Z","volume":30000,"label":" ","price":0.189},{"type":"A","date":"2018-04-11T01:49:15.000Z","volume":30000,"label":" ","price":0.189},{"type":"A","date":"2018-04-11T01:49:28.000Z","volume":60000,"label":" ","price":0.189},{"type":"B","date":"2018-04-11T01:49:59.000Z","volume":60000,"label":" ","price":0.188},{"type":"A","date":"2018-04-11T01:50:11.000Z","volume":6000,"label":" ","price":0.188},{"type":"B","date":"2018-04-11T01:50:13.000Z","volume":126000,"label":" ","price":0.189},{"type":"B","date":"2018-04-11T01:51:05.000Z","volume":30000,"label":" ","price":0.189},{"type":"B","date":"2018-04-11T01:51:50.000Z","volume":72000,"label":" ","price":0.189},{"type":"A","date":"2018-04-11T01:51:58.000Z","volume":30000,"label":" ","price":0.19},{"type":"A","date":"2018-04-11T01:55:45.000Z","volume":60000,"label":" ","price":0.19},{"type":"A","date":"2018-04-11T01:55:48.000Z","volume":300000,"label":" ","price":0.19},{"type":"B","date":"2018-04-11T01:55:50.000Z","volume":120000,"label":" ","price":0.189},{"type":"B","date":"2018-04-11T01:56:55.000Z","volume":12000,"label":" ","price":0.189},{"type":"A","date":"2018-04-11T01:56:59.000Z","volume":108000,"label":" ","price":0.189},{"type":"B","date":"2018-04-11T01:57:44.000Z","volume":30000,"label":" ","price":0.188},{"type":"A","date":"2018-04-11T01:57:57.000Z","volume":120000,"label":" ","price":0.189},{"type":"B","date":"2018-04-11T01:57:57.000Z","volume":72000,"label":" ","price":0.188},{"type":"A","date":"2018-04-11T01:58:04.000Z","volume":60000,"label":" ","price":0.19},{"type":"A","date":"2018-04-11T02:01:00.000Z","volume":60000,"label":" ","price":0.189},{"type":"B","date":"2018-04-11T02:01:30.000Z","volume":60000,"label":" ","price":0.188},{"type":"A","date":"2018-04-11T02:08:59.000Z","volume":12000,"label":" ","price":0.189},{"type":"A","date":"2018-04-11T02:09:04.000Z","volume":372000,"label":"Y","price":0.19},{"type":"A","date":"2018-04-11T02:09:04.000Z","volume":42000,"label":" ","price":0.19},{"type":"A","date":"2018-04-11T02:09:44.000Z","volume":600000,"label":" ","price":0.191},{"type":"A","date":"2018-04-11T02:11:24.000Z","volume":6000,"label":" ","price":0.192},{"type":"A","date":"2018-04-11T02:14:00.000Z","volume":12000,"label":" ","price":0.192},{"type":"U","date":"2018-04-11T02:15:00.000Z","volume":33,"label":"D","price":0.184},{"type":"A","date":"2018-04-11T02:16:36.000Z","volume":60000,"label":" ","price":0.192},{"type":"A","date":"2018-04-11T02:16:40.000Z","volume":600000,"label":" ","price":0.192},{"type":"A","date":"2018-04-11T02:16:51.000Z","volume":36000,"label":" ","price":0.192},{"type":"A","date":"2018-04-11T02:16:55.000Z","volume":6000,"label":" ","price":0.192},{"type":"B","date":"2018-04-11T02:17:01.000Z","volume":36000,"label":" ","price":0.192},{"type":"A","date":"2018-04-11T02:21:02.000Z","volume":246000,"label":" ","price":0.192},{"type":"A","date":"2018-04-11T02:23:47.000Z","volume":180000,"label":" ","price":0.193},{"type":"A","date":"2018-04-11T02:24:11.000Z","volume":36000,"label":" ","price":0.193},{"type":"A","date":"2018-04-11T02:24:32.000Z","volume":300000,"label":" ","price":0.193},{"type":"A","date":"2018-04-11T02:24:39.000Z","volume":78000,"label":" ","price":0.193},{"type":"A","date":"2018-04-11T02:24:43.000Z","volume":6000,"label":" ","price":0.193},{"type":"A","date":"2018-04-11T02:26:23.000Z","volume":300000,"label":" ","price":0.193},{"type":"A","date":"2018-04-11T02:29:00.000Z","volume":192000,"label":" ","price":0.193},{"type":"A","date":"2018-04-11T02:29:06.000Z","volume":42000,"label":" ","price":0.193},{"type":"A","date":"2018-04-11T02:30:14.000Z","volume":66000,"label":" ","price":0.193},{"type":"A","date":"2018-04-11T02:30:53.000Z","volume":12000,"label":" ","price":0.193},{"type":"A","date":"2018-04-11T02:31:06.000Z","volume":138000,"label":" ","price":0.193},{"type":"A","date":"2018-04-11T02:31:44.000Z","volume":30000,"label":" ","price":0.193},{"type":"B","date":"2018-04-11T02:32:06.000Z","volume":30000,"label":" ","price":0.193},{"type":"A","date":"2018-04-11T02:32:12.000Z","volume":30000,"label":" ","price":0.193},{"type":"A","date":"2018-04-11T02:33:29.000Z","volume":150000,"label":" ","price":0.193},{"type":"A","date":"2018-04-11T02:33:36.000Z","volume":750000,"label":" ","price":0.194},{"type":"A","date":"2018-04-11T02:33:36.000Z","volume":54000,"label":" ","price":0.194},{"type":"B","date":"2018-04-11T02:33:47.000Z","volume":6000,"label":" ","price":0.194},{"type":"A","date":"2018-04-11T02:33:54.000Z","volume":180000,"label":" ","price":0.195},{"type":"A","date":"2018-04-11T02:33:56.000Z","volume":660000,"label":" ","price":0.195},{"type":"A","date":"2018-04-11T02:33:56.000Z","volume":120000,"label":" ","price":0.195},{"type":"A","date":"2018-04-11T02:34:19.000Z","volume":1488000,"label":" ","price":0.196},{"type":"B","date":"2018-04-11T02:34:19.000Z","volume":12000,"label":" ","price":0.196},{"type":"A","date":"2018-04-11T02:34:24.000Z","volume":18000,"label":" ","price":0.196},{"type":"A","date":"2018-04-11T02:34:33.000Z","volume":690000,"label":" ","price":0.197},{"type":"A","date":"2018-04-11T02:34:41.000Z","volume":510000,"label":" ","price":0.198},{"type":"A","date":"2018-04-11T02:34:45.000Z","volume":60000,"label":" ","price":0.197},{"type":"A","date":"2018-04-11T02:34:47.000Z","volume":1044000,"label":" ","price":0.198},{"type":"B","date":"2018-04-11T02:34:53.000Z","volume":30000,"label":" ","price":0.197},{"type":"A","date":"2018-04-11T02:35:08.000Z","volume":30000,"label":" ","price":0.198},{"type":"A","date":"2018-04-11T02:35:17.000Z","volume":144000,"label":" ","price":0.199},{"type":"A","date":"2018-04-11T02:35:23.000Z","volume":300000,"label":" ","price":0.199},{"type":"A","date":"2018-04-11T02:35:45.000Z","volume":300000,"label":" ","price":0.199},{"type":"A","date":"2018-04-11T02:35:49.000Z","volume":36000,"label":" ","price":0.199},{"type":"A","date":"2018-04-11T02:35:52.000Z","volume":12000,"label":" ","price":0.199},{"type":"A","date":"2018-04-11T02:36:00.000Z","volume":18000,"label":" ","price":0.199},{"type":"A","date":"2018-04-11T02:36:12.000Z","volume":1200000,"label":" ","price":0.2},{"type":"A","date":"2018-04-11T02:36:12.000Z","volume":78000,"label":" ","price":0.2},{"type":"A","date":"2018-04-11T02:36:18.000Z","volume":300000,"label":" ","price":0.201},{"type":"A","date":"2018-04-11T02:36:38.000Z","volume":24000,"label":" ","price":0.201},{"type":"A","date":"2018-04-11T02:36:45.000Z","volume":24000,"label":" ","price":0.201},{"type":"A","date":"2018-04-11T02:36:46.000Z","volume":6000,"label":" ","price":0.201},{"type":"B","date":"2018-04-11T02:36:48.000Z","volume":6000,"label":" ","price":0.201},{"type":"B","date":"2018-04-11T02:36:51.000Z","volume":84000,"label":" ","price":0.2},{"type":"B","date":"2018-04-11T02:36:57.000Z","volume":12000,"label":" ","price":0.2},{"type":"B","date":"2018-04-11T02:36:59.000Z","volume":24000,"label":" ","price":0.2},{"type":"B","date":"2018-04-11T02:37:01.000Z","volume":24000,"label":" ","price":0.2},{"type":"B","date":"2018-04-11T02:37:09.000Z","volume":36000,"label":" ","price":0.199},{"type":"B","date":"2018-04-11T02:37:27.000Z","volume":102000,"label":" ","price":0.199},{"type":"A","date":"2018-04-11T02:37:43.000Z","volume":30000,"label":" ","price":0.2},{"type":"A","date":"2018-04-11T02:39:14.000Z","volume":18000,"label":" ","price":0.2},{"type":"B","date":"2018-04-11T02:39:57.000Z","volume":6000,"label":" ","price":0.199},{"type":"B","date":"2018-04-11T02:40:03.000Z","volume":210000,"label":" ","price":0.196},{"type":"A","date":"2018-04-11T02:40:03.000Z","volume":30000,"label":" ","price":0.199},{"type":"B","date":"2018-04-11T02:40:38.000Z","volume":6000,"label":" ","price":0.198},{"type":"B","date":"2018-04-11T02:40:53.000Z","volume":96000,"label":" ","price":0.196},{"type":"A","date":"2018-04-11T02:43:02.000Z","volume":18000,"label":" ","price":0.198},{"type":"A","date":"2018-04-11T02:46:04.000Z","volume":60000,"label":" ","price":0.199},{"type":"A","date":"2018-04-11T02:46:04.000Z","volume":588000,"label":" ","price":0.2},{"type":"A","date":"2018-04-11T02:47:37.000Z","volume":300000,"label":" ","price":0.201},{"type":"A","date":"2018-04-11T02:47:38.000Z","volume":600000,"label":" ","price":0.201},{"type":"A","date":"2018-04-11T02:47:38.000Z","volume":54000,"label":" ","price":0.201},{"type":"A","date":"2018-04-11T02:47:41.000Z","volume":648000,"label":" ","price":0.202},{"type":"A","date":"2018-04-11T02:47:42.000Z","volume":6000,"label":" ","price":0.203},{"type":"A","date":"2018-04-11T02:47:44.000Z","volume":54000,"label":" ","price":0.203},{"type":"B","date":"2018-04-11T02:48:00.000Z","volume":6000,"label":" ","price":0.202},{"type":"B","date":"2018-04-11T02:48:06.000Z","volume":90000,"label":" ","price":0.202},{"type":"B","date":"2018-04-11T02:48:19.000Z","volume":150000,"label":" ","price":0.2},{"type":"A","date":"2018-04-11T02:48:23.000Z","volume":30000,"label":" ","price":0.2},{"type":"A","date":"2018-04-11T02:49:03.000Z","volume":96000,"label":" ","price":0.202},{"type":"B","date":"2018-04-11T02:49:04.000Z","volume":30000,"label":" ","price":0.202},{"type":"B","date":"2018-04-11T02:49:04.000Z","volume":24000,"label":" ","price":0.202},{"type":"A","date":"2018-04-11T02:49:15.000Z","volume":660000,"label":" ","price":0.203},{"type":"A","date":"2018-04-11T02:49:18.000Z","volume":6000,"label":" ","price":0.204},{"type":"B","date":"2018-04-11T02:49:35.000Z","volume":12000,"label":" ","price":0.203},{"type":"B","date":"2018-04-11T02:49:36.000Z","volume":36000,"label":" ","price":0.203},{"type":"B","date":"2018-04-11T02:49:39.000Z","volume":78000,"label":" ","price":0.203},{"type":"A","date":"2018-04-11T02:49:45.000Z","volume":12000,"label":" ","price":0.204},{"type":"B","date":"2018-04-11T02:49:46.000Z","volume":48000,"label":" ","price":0.203},{"type":"B","date":"2018-04-11T02:49:51.000Z","volume":30000,"label":" ","price":0.203},{"type":"B","date":"2018-04-11T02:49:51.000Z","volume":6000,"label":" ","price":0.203},{"type":"B","date":"2018-04-11T02:50:05.000Z","volume":300000,"label":" ","price":0.2},{"type":"A","date":"2018-04-11T02:50:09.000Z","volume":24000,"label":" ","price":0.203},{"type":"A","date":"2018-04-11T02:51:07.000Z","volume":6000,"label":" ","price":0.203},{"type":"A","date":"2018-04-11T02:51:07.000Z","volume":792000,"label":" ","price":0.204},{"type":"A","date":"2018-04-11T02:51:12.000Z","volume":6000,"label":" ","price":0.204},{"type":"A","date":"2018-04-11T02:51:13.000Z","volume":6000,"label":" ","price":0.205},{"type":"A","date":"2018-04-11T02:51:25.000Z","volume":600000,"label":" ","price":0.205},{"type":"A","date":"2018-04-11T02:52:56.000Z","volume":12000,"label":" ","price":0.205},{"type":"A","date":"2018-04-11T02:53:13.000Z","volume":114000,"label":" ","price":0.205},{"type":"A","date":"2018-04-11T02:53:17.000Z","volume":30000,"label":" ","price":0.205},{"type":"A","date":"2018-04-11T02:53:18.000Z","volume":612000,"label":" ","price":0.205},{"type":"A","date":"2018-04-11T02:53:24.000Z","volume":60000,"label":" ","price":0.205},{"type":"B","date":"2018-04-11T02:53:25.000Z","volume":108000,"label":" ","price":0.205},{"type":"B","date":"2018-04-11T02:53:25.000Z","volume":30000,"label":" ","price":0.205},{"type":"B","date":"2018-04-11T02:53:26.000Z","volume":78000,"label":" ","price":0.205},{"type":"A","date":"2018-04-11T02:58:37.000Z","volume":60000,"label":" ","price":0.203},{"type":"A","date":"2018-04-11T03:00:41.000Z","volume":24000,"label":" ","price":0.203},{"type":"B","date":"2018-04-11T03:01:51.000Z","volume":60000,"label":" ","price":0.202},{"type":"A","date":"2018-04-11T03:05:33.000Z","volume":18000,"label":" ","price":0.202},{"type":"A","date":"2018-04-11T03:05:57.000Z","volume":60000,"label":" ","price":0.202},{"type":"A","date":"2018-04-11T03:05:59.000Z","volume":36000,"label":" ","price":0.202},{"type":"A","date":"2018-04-11T03:06:05.000Z","volume":126000,"label":" ","price":0.203},{"type":"B","date":"2018-04-11T03:06:10.000Z","volume":84000,"label":" ","price":0.202},{"type":"B","date":"2018-04-11T03:06:10.000Z","volume":126000,"label":" ","price":0.201},{"type":"B","date":"2018-04-11T03:06:10.000Z","volume":336000,"label":" ","price":0.2},{"type":"A","date":"2018-04-11T03:06:13.000Z","volume":54000,"label":" ","price":0.2},{"type":"B","date":"2018-04-11T03:09:03.000Z","volume":360000,"label":" ","price":0.201},{"type":"B","date":"2018-04-11T03:09:03.000Z","volume":12000,"label":" ","price":0.2},{"type":"A","date":"2018-04-11T03:10:36.000Z","volume":48000,"label":" ","price":0.203},{"type":"B","date":"2018-04-11T03:11:31.000Z","volume":180000,"label":" ","price":0.203},{"type":"B","date":"2018-04-11T03:11:31.000Z","volume":12000,"label":" ","price":0.203},{"type":"B","date":"2018-04-11T03:12:28.000Z","volume":24000,"label":" ","price":0.201},{"type":"A","date":"2018-04-11T03:15:31.000Z","volume":120000,"label":" ","price":0.203},{"type":"B","date":"2018-04-11T03:15:42.000Z","volume":30000,"label":" ","price":0.203},{"type":"B","date":"2018-04-11T03:23:01.000Z","volume":36000,"label":" ","price":0.202},{"type":"A","date":"2018-04-11T03:23:18.000Z","volume":24000,"label":" ","price":0.202},{"type":"A","date":"2018-04-11T03:23:38.000Z","volume":240000,"label":" ","price":0.203},{"type":"A","date":"2018-04-11T03:26:23.000Z","volume":24000,"label":" ","price":0.204},{"type":"A","date":"2018-04-11T03:26:27.000Z","volume":114000,"label":" ","price":0.204},{"type":"A","date":"2018-04-11T03:26:30.000Z","volume":372000,"label":" ","price":0.204},{"type":"A","date":"2018-04-11T03:26:31.000Z","volume":12000,"label":" ","price":0.204},{"type":"A","date":"2018-04-11T03:26:57.000Z","volume":30000,"label":" ","price":0.204},{"type":"A","date":"2018-04-11T03:27:02.000Z","volume":168000,"label":" ","price":0.204},{"type":"A","date":"2018-04-11T03:27:11.000Z","volume":600000,"label":" ","price":0.205},{"type":"A","date":"2018-04-11T03:27:12.000Z","volume":60000,"label":" ","price":0.205},{"type":"A","date":"2018-04-11T03:27:14.000Z","volume":246000,"label":" ","price":0.205},{"type":"A","date":"2018-04-11T03:27:25.000Z","volume":480000,"label":" ","price":0.206},{"type":"A","date":"2018-04-11T03:27:29.000Z","volume":312000,"label":" ","price":0.206},{"type":"A","date":"2018-04-11T03:27:49.000Z","volume":30000,"label":" ","price":0.206},{"type":"A","date":"2018-04-11T03:27:50.000Z","volume":6000,"label":" ","price":0.206},{"type":"A","date":"2018-04-11T03:27:52.000Z","volume":60000,"label":" ","price":0.206},{"type":"A","date":"2018-04-11T03:27:55.000Z","volume":102000,"label":" ","price":0.206},{"type":"A","date":"2018-04-11T03:27:58.000Z","volume":300000,"label":" ","price":0.207},{"type":"B","date":"2018-04-11T03:28:07.000Z","volume":198000,"label":"Y","price":0.206},{"type":"A","date":"2018-04-11T03:28:08.000Z","volume":6000,"label":" ","price":0.206},{"type":"A","date":"2018-04-11T03:28:28.000Z","volume":48000,"label":" ","price":0.206},{"type":"B","date":"2018-04-11T03:28:32.000Z","volume":120000,"label":" ","price":0.205},{"type":"A","date":"2018-04-11T03:28:39.000Z","volume":60000,"label":" ","price":0.206},{"type":"A","date":"2018-04-11T03:28:43.000Z","volume":108000,"label":" ","price":0.206},{"type":"B","date":"2018-04-11T03:28:46.000Z","volume":12000,"label":" ","price":0.206},{"type":"A","date":"2018-04-11T03:28:53.000Z","volume":150000,"label":" ","price":0.207},{"type":"B","date":"2018-04-11T03:29:00.000Z","volume":60000,"label":" ","price":0.206},{"type":"A","date":"2018-04-11T03:29:07.000Z","volume":240000,"label":" ","price":0.206},{"type":"A","date":"2018-04-11T03:29:11.000Z","volume":6000,"label":" ","price":0.207},{"type":"A","date":"2018-04-11T03:29:16.000Z","volume":36000,"label":" ","price":0.206},{"type":"A","date":"2018-04-11T03:29:18.000Z","volume":300000,"label":"Y","price":0.206},{"type":"B","date":"2018-04-11T03:30:24.000Z","volume":516000,"label":" ","price":0.205},{"type":"A","date":"2018-04-11T03:30:31.000Z","volume":60000,"label":" ","price":0.205},{"type":"A","date":"2018-04-11T03:30:31.000Z","volume":240000,"label":" ","price":0.206},{"type":"B","date":"2018-04-11T03:31:02.000Z","volume":120000,"label":" ","price":0.205},{"type":"A","date":"2018-04-11T03:31:15.000Z","volume":24000,"label":" ","price":0.205},{"type":"B","date":"2018-04-11T03:31:33.000Z","volume":120000,"label":" ","price":0.204},{"type":"A","date":"2018-04-11T03:31:34.000Z","volume":138000,"label":" ","price":0.204},{"type":"A","date":"2018-04-11T03:31:36.000Z","volume":60000,"label":" ","price":0.205},{"type":"A","date":"2018-04-11T03:33:46.000Z","volume":12000,"label":" ","price":0.205},{"type":"B","date":"2018-04-11T03:37:44.000Z","volume":114000,"label":"Y","price":0.203},{"type":"B","date":"2018-04-11T03:38:11.000Z","volume":36000,"label":" ","price":0.203},{"type":"A","date":"2018-04-11T03:38:30.000Z","volume":78000,"label":" ","price":0.203},{"type":"A","date":"2018-04-11T03:38:30.000Z","volume":6000,"label":" ","price":0.203},{"type":"A","date":"2018-04-11T03:39:41.000Z","volume":12000,"label":" ","price":0.204},{"type":"B","date":"2018-04-11T03:41:06.000Z","volume":444000,"label":" ","price":0.201},{"type":"A","date":"2018-04-11T03:41:21.000Z","volume":120000,"label":" ","price":0.201},{"type":"A","date":"2018-04-11T03:41:21.000Z","volume":36000,"label":" ","price":0.201},{"type":"B","date":"2018-04-11T03:42:28.000Z","volume":60000,"label":" ","price":0.2},{"type":"B","date":"2018-04-11T03:42:31.000Z","volume":240000,"label":" ","price":0.2},{"type":"B","date":"2018-04-11T03:42:46.000Z","volume":120000,"label":" ","price":0.199},{"type":"B","date":"2018-04-11T03:42:47.000Z","volume":450000,"label":" ","price":0.199},{"type":"B","date":"2018-04-11T03:42:54.000Z","volume":96000,"label":" ","price":0.198},{"type":"B","date":"2018-04-11T03:42:56.000Z","volume":300000,"label":" ","price":0.198},{"type":"B","date":"2018-04-11T03:42:56.000Z","volume":150000,"label":" ","price":0.198},{"type":"B","date":"2018-04-11T03:42:58.000Z","volume":402000,"label":" ","price":0.198},{"type":"B","date":"2018-04-11T03:42:58.000Z","volume":96000,"label":" ","price":0.198},{"type":"B","date":"2018-04-11T03:43:00.000Z","volume":36000,"label":" ","price":0.198},{"type":"B","date":"2018-04-11T03:43:08.000Z","volume":24000,"label":" ","price":0.197},{"type":"B","date":"2018-04-11T03:43:39.000Z","volume":60000,"label":" ","price":0.197},{"type":"A","date":"2018-04-11T03:43:42.000Z","volume":36000,"label":" ","price":0.197},{"type":"B","date":"2018-04-11T03:43:47.000Z","volume":18000,"label":" ","price":0.197},{"type":"B","date":"2018-04-11T03:45:09.000Z","volume":78000,"label":" ","price":0.199},{"type":"B","date":"2018-04-11T03:45:09.000Z","volume":42000,"label":" ","price":0.198},{"type":"B","date":"2018-04-11T03:48:13.000Z","volume":60000,"label":" ","price":0.198},{"type":"A","date":"2018-04-11T03:53:48.000Z","volume":48000,"label":" ","price":0.2},{"type":"B","date":"2018-04-11T03:54:12.000Z","volume":240000,"label":" ","price":0.2},{"type":"B","date":"2018-04-11T03:54:12.000Z","volume":12000,"label":" ","price":0.2},{"type":"B","date":"2018-04-11T03:56:01.000Z","volume":60000,"label":" ","price":0.2},{"type":"A","date":"2018-04-11T05:07:32.000Z","volume":12000,"label":"Y","price":0.2},{"type":"B","date":"2018-04-11T05:07:32.000Z","volume":30000,"label":" ","price":0.2},{"type":"A","date":"2018-04-11T05:08:23.000Z","volume":240000,"label":" ","price":0.201},{"type":"B","date":"2018-04-11T05:13:01.000Z","volume":120000,"label":" ","price":0.201},{"type":"B","date":"2018-04-11T05:13:04.000Z","volume":372000,"label":" ","price":0.201},{"type":"B","date":"2018-04-11T05:13:04.000Z","volume":24000,"label":" ","price":0.201},{"type":"B","date":"2018-04-11T05:13:04.000Z","volume":6000,"label":" ","price":0.201},{"type":"B","date":"2018-04-11T05:13:05.000Z","volume":6000,"label":" ","price":0.201},{"type":"B","date":"2018-04-11T05:13:12.000Z","volume":132000,"label":" ","price":0.201},{"type":"B","date":"2018-04-11T05:13:26.000Z","volume":42000,"label":" ","price":0.2},{"type":"A","date":"2018-04-11T05:14:39.000Z","volume":132000,"label":" ","price":0.201},{"type":"A","date":"2018-04-11T05:14:45.000Z","volume":336000,"label":" ","price":0.201},{"type":"A","date":"2018-04-11T05:14:47.000Z","volume":6000,"label":" ","price":0.202},{"type":"A","date":"2018-04-11T05:18:05.000Z","volume":222000,"label":" ","price":0.202},{"type":"A","date":"2018-04-11T05:18:12.000Z","volume":60000,"label":" ","price":0.202},{"type":"A","date":"2018-04-11T05:18:27.000Z","volume":150000,"label":" ","price":0.202},{"type":"A","date":"2018-04-11T05:19:24.000Z","volume":60000,"label":" ","price":0.202},{"type":"A","date":"2018-04-11T05:22:56.000Z","volume":120000,"label":" ","price":0.202},{"type":"A","date":"2018-04-11T05:43:36.000Z","volume":216000,"label":" ","price":0.202},{"type":"B","date":"2018-04-11T05:43:48.000Z","volume":60000,"label":" ","price":0.202},{"type":"B","date":"2018-04-11T05:43:55.000Z","volume":24000,"label":" ","price":0.202},{"type":"A","date":"2018-04-11T05:44:08.000Z","volume":36000,"label":" ","price":0.202},{"type":"A","date":"2018-04-11T05:44:09.000Z","volume":6000,"label":" ","price":0.203},{"type":"A","date":"2018-04-11T05:46:11.000Z","volume":114000,"label":" ","price":0.203},{"type":"A","date":"2018-04-11T05:46:11.000Z","volume":90000,"label":" ","price":0.203},{"type":"A","date":"2018-04-11T05:46:12.000Z","volume":300000,"label":" ","price":0.203},{"type":"A","date":"2018-04-11T05:46:16.000Z","volume":36000,"label":" ","price":0.203},{"type":"A","date":"2018-04-11T05:46:22.000Z","volume":30000,"label":" ","price":0.203},{"type":"A","date":"2018-04-11T05:46:22.000Z","volume":120000,"label":"Y","price":0.204},{"type":"A","date":"2018-04-11T05:46:22.000Z","volume":750000,"label":" ","price":0.204},{"type":"A","date":"2018-04-11T05:46:45.000Z","volume":150000,"label":" ","price":0.204},{"type":"A","date":"2018-04-11T05:46:54.000Z","volume":60000,"label":" ","price":0.204},{"type":"A","date":"2018-04-11T05:47:04.000Z","volume":6000,"label":" ","price":0.204},{"type":"A","date":"2018-04-11T05:47:07.000Z","volume":300000,"label":" ","price":0.204},{"type":"A","date":"2018-04-11T05:47:12.000Z","volume":18000,"label":" ","price":0.204},{"type":"B","date":"2018-04-11T05:47:13.000Z","volume":6000,"label":" ","price":0.204},{"type":"A","date":"2018-04-11T05:47:25.000Z","volume":54000,"label":" ","price":0.204},{"type":"A","date":"2018-04-11T05:47:28.000Z","volume":12000,"label":" ","price":0.204},{"type":"A","date":"2018-04-11T05:47:33.000Z","volume":300000,"label":" ","price":0.204},{"type":"A","date":"2018-04-11T05:47:35.000Z","volume":48000,"label":" ","price":0.204},{"type":"A","date":"2018-04-11T05:47:47.000Z","volume":60000,"label":" ","price":0.205},{"type":"A","date":"2018-04-11T05:47:48.000Z","volume":360000,"label":" ","price":0.205},{"type":"A","date":"2018-04-11T05:47:51.000Z","volume":18000,"label":" ","price":0.205},{"type":"A","date":"2018-04-11T05:47:52.000Z","volume":132000,"label":" ","price":0.205},{"type":"B","date":"2018-04-11T05:47:54.000Z","volume":36000,"label":" ","price":0.205},{"type":"B","date":"2018-04-11T05:48:01.000Z","volume":198000,"label":" ","price":0.205},{"type":"B","date":"2018-04-11T05:48:01.000Z","volume":162000,"label":" ","price":0.205},{"type":"A","date":"2018-04-11T05:48:03.000Z","volume":36000,"label":" ","price":0.205},{"type":"B","date":"2018-04-11T05:48:04.000Z","volume":60000,"label":" ","price":0.205},{"type":"A","date":"2018-04-11T05:48:09.000Z","volume":120000,"label":" ","price":0.206},{"type":"A","date":"2018-04-11T05:48:09.000Z","volume":204000,"label":" ","price":0.206},{"type":"A","date":"2018-04-11T05:48:10.000Z","volume":600000,"label":" ","price":0.206},{"type":"A","date":"2018-04-11T05:48:11.000Z","volume":48000,"label":" ","price":0.206},{"type":"A","date":"2018-04-11T05:48:11.000Z","volume":204000,"label":" ","price":0.206},{"type":"A","date":"2018-04-11T05:48:11.000Z","volume":120000,"label":" ","price":0.206},{"type":"A","date":"2018-04-11T05:48:16.000Z","volume":6000,"label":" ","price":0.207},{"type":"B","date":"2018-04-11T05:48:20.000Z","volume":120000,"label":" ","price":0.206},{"type":"A","date":"2018-04-11T05:48:23.000Z","volume":72000,"label":" ","price":0.206},{"type":"A","date":"2018-04-11T05:48:27.000Z","volume":48000,"label":" ","price":0.206},{"type":"A","date":"2018-04-11T05:48:27.000Z","volume":108000,"label":" ","price":0.207},{"type":"A","date":"2018-04-11T05:48:33.000Z","volume":120000,"label":" ","price":0.207},{"type":"A","date":"2018-04-11T05:48:33.000Z","volume":120000,"label":" ","price":0.207},{"type":"A","date":"2018-04-11T05:48:34.000Z","volume":120000,"label":" ","price":0.207},{"type":"A","date":"2018-04-11T05:48:34.000Z","volume":72000,"label":" ","price":0.207},{"type":"B","date":"2018-04-11T05:48:37.000Z","volume":48000,"label":" ","price":0.207},{"type":"A","date":"2018-04-11T05:48:38.000Z","volume":12000,"label":"Y","price":0.207},{"type":"A","date":"2018-04-11T05:48:38.000Z","volume":84000,"label":" ","price":0.207},{"type":"B","date":"2018-04-11T05:48:39.000Z","volume":102000,"label":" ","price":0.207},{"type":"A","date":"2018-04-11T05:48:42.000Z","volume":12000,"label":" ","price":0.207},{"type":"A","date":"2018-04-11T05:48:45.000Z","volume":120000,"label":" ","price":0.207},{"type":"B","date":"2018-04-11T05:48:46.000Z","volume":204000,"label":" ","price":0.206},{"type":"B","date":"2018-04-11T05:48:47.000Z","volume":132000,"label":" ","price":0.206},{"type":"B","date":"2018-04-11T05:48:49.000Z","volume":300000,"label":" ","price":0.205},{"type":"A","date":"2018-04-11T05:48:49.000Z","volume":210000,"label":" ","price":0.206},{"type":"B","date":"2018-04-11T05:48:49.000Z","volume":42000,"label":" ","price":0.205},{"type":"A","date":"2018-04-11T05:48:50.000Z","volume":60000,"label":" ","price":0.206},{"type":"B","date":"2018-04-11T05:48:50.000Z","volume":36000,"label":" ","price":0.205},{"type":"A","date":"2018-04-11T05:48:50.000Z","volume":294000,"label":" ","price":0.206},{"type":"A","date":"2018-04-11T05:48:51.000Z","volume":42000,"label":" ","price":0.207},{"type":"B","date":"2018-04-11T05:48:54.000Z","volume":804000,"label":" ","price":0.206},{"type":"A","date":"2018-04-11T05:48:55.000Z","volume":48000,"label":" ","price":0.206},{"type":"A","date":"2018-04-11T05:48:57.000Z","volume":60000,"label":" ","price":0.206},{"type":"B","date":"2018-04-11T05:48:57.000Z","volume":30000,"label":" ","price":0.205},{"type":"A","date":"2018-04-11T05:49:02.000Z","volume":60000,"label":" ","price":0.206},{"type":"A","date":"2018-04-11T05:49:06.000Z","volume":198000,"label":" ","price":0.206},{"type":"A","date":"2018-04-11T05:49:07.000Z","volume":102000,"label":" ","price":0.206},{"type":"A","date":"2018-04-11T05:49:08.000Z","volume":30000,"label":" ","price":0.206},{"type":"A","date":"2018-04-11T05:49:22.000Z","volume":444000,"label":" ","price":0.206},{"type":"A","date":"2018-04-11T05:49:22.000Z","volume":36000,"label":" ","price":0.207},{"type":"A","date":"2018-04-11T05:49:24.000Z","volume":24000,"label":" ","price":0.206},{"type":"A","date":"2018-04-11T05:49:25.000Z","volume":180000,"label":" ","price":0.206},{"type":"A","date":"2018-04-11T05:49:26.000Z","volume":24000,"label":"Y","price":0.206},{"type":"A","date":"2018-04-11T05:49:29.000Z","volume":42000,"label":" ","price":0.206},{"type":"A","date":"2018-04-11T05:49:30.000Z","volume":240000,"label":" ","price":0.206},{"type":"A","date":"2018-04-11T05:49:32.000Z","volume":78000,"label":" ","price":0.206},{"type":"A","date":"2018-04-11T05:49:32.000Z","volume":72000,"label":" ","price":0.206},{"type":"A","date":"2018-04-11T05:49:35.000Z","volume":54000,"label":" ","price":0.206},{"type":"A","date":"2018-04-11T05:49:40.000Z","volume":180000,"label":" ","price":0.206},{"type":"A","date":"2018-04-11T05:49:50.000Z","volume":60000,"label":" ","price":0.206},{"type":"A","date":"2018-04-11T05:49:50.000Z","volume":120000,"label":" ","price":0.206},{"type":"A","date":"2018-04-11T05:49:50.000Z","volume":30000,"label":" ","price":0.206},{"type":"A","date":"2018-04-11T05:50:02.000Z","volume":120000,"label":" ","price":0.206},{"type":"A","date":"2018-04-11T05:50:02.000Z","volume":60000,"label":" ","price":0.206},{"type":"A","date":"2018-04-11T05:50:04.000Z","volume":300000,"label":" ","price":0.206},{"type":"A","date":"2018-04-11T05:50:04.000Z","volume":126000,"label":" ","price":0.206},{"type":"B","date":"2018-04-11T05:50:04.000Z","volume":300000,"label":" ","price":0.205},{"type":"A","date":"2018-04-11T05:50:09.000Z","volume":210000,"label":" ","price":0.207},{"type":"B","date":"2018-04-11T05:50:27.000Z","volume":330000,"label":" ","price":0.206},{"type":"B","date":"2018-04-11T05:50:35.000Z","volume":120000,"label":" ","price":0.206},{"type":"A","date":"2018-04-11T05:50:38.000Z","volume":6000,"label":" ","price":0.207},{"type":"A","date":"2018-04-11T05:50:45.000Z","volume":162000,"label":" ","price":0.207},{"type":"B","date":"2018-04-11T05:50:48.000Z","volume":96000,"label":" ","price":0.206},{"type":"A","date":"2018-04-11T05:50:48.000Z","volume":54000,"label":" ","price":0.206},{"type":"A","date":"2018-04-11T05:50:48.000Z","volume":48000,"label":" ","price":0.207},{"type":"B","date":"2018-04-11T05:50:50.000Z","volume":24000,"label":" ","price":0.206},{"type":"B","date":"2018-04-11T05:50:50.000Z","volume":78000,"label":" ","price":0.206},{"type":"A","date":"2018-04-11T05:50:56.000Z","volume":48000,"label":" ","price":0.206},{"type":"A","date":"2018-04-11T05:50:56.000Z","volume":174000,"label":" ","price":0.206},{"type":"A","date":"2018-04-11T05:50:57.000Z","volume":102000,"label":" ","price":0.207},{"type":"B","date":"2018-04-11T05:51:07.000Z","volume":342000,"label":" ","price":0.206},{"type":"B","date":"2018-04-11T05:51:07.000Z","volume":492000,"label":" ","price":0.205},{"type":"A","date":"2018-04-11T05:51:08.000Z","volume":300000,"label":" ","price":0.207},{"type":"A","date":"2018-04-11T05:51:09.000Z","volume":240000,"label":" ","price":0.207},{"type":"A","date":"2018-04-11T05:51:19.000Z","volume":120000,"label":" ","price":0.207},{"type":"A","date":"2018-04-11T05:51:21.000Z","volume":18000,"label":" ","price":0.207},{"type":"A","date":"2018-04-11T05:51:22.000Z","volume":60000,"label":" ","price":0.207},{"type":"A","date":"2018-04-11T05:51:24.000Z","volume":60000,"label":" ","price":0.207},{"type":"A","date":"2018-04-11T05:51:26.000Z","volume":60000,"label":" ","price":0.207},{"type":"A","date":"2018-04-11T05:51:27.000Z","volume":396000,"label":" ","price":0.207},{"type":"B","date":"2018-04-11T05:51:39.000Z","volume":192000,"label":" ","price":0.207},{"type":"A","date":"2018-04-11T05:51:56.000Z","volume":108000,"label":" ","price":0.207},{"type":"B","date":"2018-04-11T05:52:00.000Z","volume":24000,"label":" ","price":0.207},{"type":"A","date":"2018-04-11T05:52:04.000Z","volume":420000,"label":" ","price":0.208},{"type":"A","date":"2018-04-11T05:52:05.000Z","volume":204000,"label":" ","price":0.208},{"type":"A","date":"2018-04-11T05:52:05.000Z","volume":552000,"label":" ","price":0.208},{"type":"A","date":"2018-04-11T05:52:05.000Z","volume":36000,"label":" ","price":0.208},{"type":"A","date":"2018-04-11T05:52:06.000Z","volume":6000,"label":" ","price":0.209},{"type":"A","date":"2018-04-11T05:52:14.000Z","volume":30000,"label":" ","price":0.209},{"type":"A","date":"2018-04-11T05:52:14.000Z","volume":570000,"label":" ","price":0.209},{"type":"A","date":"2018-04-11T05:52:14.000Z","volume":168000,"label":" ","price":0.209},{"type":"A","date":"2018-04-11T05:52:14.000Z","volume":204000,"label":" ","price":0.209},{"type":"A","date":"2018-04-11T05:52:15.000Z","volume":30000,"label":" ","price":0.209},{"type":"A","date":"2018-04-11T05:52:15.000Z","volume":474000,"label":" ","price":0.21},{"type":"A","date":"2018-04-11T05:52:26.000Z","volume":180000,"label":" ","price":0.21},{"type":"A","date":"2018-04-11T05:52:27.000Z","volume":102000,"label":" ","price":0.21},{"type":"A","date":"2018-04-11T05:52:27.000Z","volume":570000,"label":" ","price":0.21},{"type":"A","date":"2018-04-11T05:52:28.000Z","volume":114000,"label":" ","price":0.21},{"type":"B","date":"2018-04-11T05:52:28.000Z","volume":186000,"label":" ","price":0.21},{"type":"A","date":"2018-04-11T05:52:29.000Z","volume":66000,"label":" ","price":0.21},{"type":"A","date":"2018-04-11T05:52:33.000Z","volume":150000,"label":" ","price":0.21},{"type":"A","date":"2018-04-11T05:52:37.000Z","volume":204000,"label":" ","price":0.209},{"type":"A","date":"2018-04-11T05:52:44.000Z","volume":24000,"label":" ","price":0.209},{"type":"A","date":"2018-04-11T05:52:47.000Z","volume":30000,"label":" ","price":0.209},{"type":"A","date":"2018-04-11T05:52:52.000Z","volume":6000,"label":" ","price":0.209},{"type":"A","date":"2018-04-11T05:52:52.000Z","volume":30000,"label":" ","price":0.209},{"type":"A","date":"2018-04-11T05:52:55.000Z","volume":66000,"label":" ","price":0.209},{"type":"A","date":"2018-04-11T05:52:55.000Z","volume":120000,"label":" ","price":0.21},{"type":"B","date":"2018-04-11T05:52:59.000Z","volume":60000,"label":" ","price":0.209},{"type":"A","date":"2018-04-11T05:53:04.000Z","volume":60000,"label":" ","price":0.21},{"type":"B","date":"2018-04-11T05:53:06.000Z","volume":234000,"label":" ","price":0.209},{"type":"A","date":"2018-04-11T05:53:06.000Z","volume":42000,"label":" ","price":0.209},{"type":"A","date":"2018-04-11T05:53:07.000Z","volume":54000,"label":" ","price":0.209},{"type":"A","date":"2018-04-11T05:53:08.000Z","volume":240000,"label":" ","price":0.21},{"type":"A","date":"2018-04-11T05:53:14.000Z","volume":60000,"label":" ","price":0.21},{"type":"A","date":"2018-04-11T05:53:14.000Z","volume":48000,"label":" ","price":0.21},{"type":"A","date":"2018-04-11T05:53:14.000Z","volume":12000,"label":" ","price":0.21},{"type":"A","date":"2018-04-11T05:53:16.000Z","volume":96000,"label":" ","price":0.21},{"type":"A","date":"2018-04-11T05:53:16.000Z","volume":150000,"label":" ","price":0.21},{"type":"A","date":"2018-04-11T05:53:17.000Z","volume":6000,"label":" ","price":0.211},{"type":"A","date":"2018-04-11T05:53:27.000Z","volume":120000,"label":" ","price":0.211},{"type":"A","date":"2018-04-11T05:53:29.000Z","volume":18000,"label":" ","price":0.211},{"type":"A","date":"2018-04-11T05:53:32.000Z","volume":6000,"label":" ","price":0.211},{"type":"A","date":"2018-04-11T05:53:33.000Z","volume":84000,"label":" ","price":0.211},{"type":"A","date":"2018-04-11T05:53:36.000Z","volume":300000,"label":" ","price":0.211},{"type":"A","date":"2018-04-11T05:53:36.000Z","volume":72000,"label":" ","price":0.211},{"type":"A","date":"2018-04-11T05:53:36.000Z","volume":12000,"label":" ","price":0.212},{"type":"B","date":"2018-04-11T05:53:39.000Z","volume":60000,"label":" ","price":0.211},{"type":"A","date":"2018-04-11T05:53:40.000Z","volume":12000,"label":" ","price":0.211},{"type":"A","date":"2018-04-11T05:53:40.000Z","volume":300000,"label":" ","price":0.211},{"type":"A","date":"2018-04-11T05:53:42.000Z","volume":300000,"label":" ","price":0.211},{"type":"A","date":"2018-04-11T05:53:42.000Z","volume":102000,"label":" ","price":0.211},{"type":"A","date":"2018-04-11T05:53:44.000Z","volume":42000,"label":" ","price":0.211},{"type":"B","date":"2018-04-11T05:53:45.000Z","volume":300000,"label":" ","price":0.21},{"type":"B","date":"2018-04-11T05:53:46.000Z","volume":174000,"label":" ","price":0.21},{"type":"A","date":"2018-04-11T05:53:47.000Z","volume":12000,"label":" ","price":0.21},{"type":"A","date":"2018-04-11T05:53:53.000Z","volume":192000,"label":" ","price":0.21},{"type":"A","date":"2018-04-11T05:53:53.000Z","volume":12000,"label":" ","price":0.211},{"type":"A","date":"2018-04-11T05:54:01.000Z","volume":42000,"label":" ","price":0.211},{"type":"B","date":"2018-04-11T05:54:03.000Z","volume":60000,"label":" ","price":0.21},{"type":"A","date":"2018-04-11T05:54:04.000Z","volume":192000,"label":" ","price":0.211},{"type":"A","date":"2018-04-11T05:54:05.000Z","volume":6000,"label":" ","price":0.21},{"type":"A","date":"2018-04-11T05:54:05.000Z","volume":174000,"label":" ","price":0.211},{"type":"B","date":"2018-04-11T05:54:07.000Z","volume":60000,"label":" ","price":0.21},{"type":"A","date":"2018-04-11T05:54:08.000Z","volume":120000,"label":" ","price":0.21},{"type":"A","date":"2018-04-11T05:54:09.000Z","volume":120000,"label":" ","price":0.21},{"type":"A","date":"2018-04-11T05:54:12.000Z","volume":60000,"label":" ","price":0.211},{"type":"A","date":"2018-04-11T05:54:12.000Z","volume":102000,"label":" ","price":0.211},{"type":"A","date":"2018-04-11T05:54:14.000Z","volume":210000,"label":" ","price":0.211},{"type":"A","date":"2018-04-11T05:54:29.000Z","volume":60000,"label":" ","price":0.212},{"type":"A","date":"2018-04-11T05:54:30.000Z","volume":120000,"label":" ","price":0.212},{"type":"A","date":"2018-04-11T05:54:31.000Z","volume":204000,"label":" ","price":0.212},{"type":"A","date":"2018-04-11T05:54:31.000Z","volume":204000,"label":" ","price":0.212},{"type":"A","date":"2018-04-11T05:54:31.000Z","volume":96000,"label":" ","price":0.212},{"type":"A","date":"2018-04-11T05:54:31.000Z","volume":360000,"label":" ","price":0.212},{"type":"A","date":"2018-04-11T05:54:31.000Z","volume":270000,"label":" ","price":0.212},{"type":"A","date":"2018-04-11T05:54:33.000Z","volume":6000,"label":" ","price":0.213},{"type":"A","date":"2018-04-11T05:54:41.000Z","volume":42000,"label":" ","price":0.213},{"type":"A","date":"2018-04-11T05:54:43.000Z","volume":54000,"label":" ","price":0.213},{"type":"A","date":"2018-04-11T05:54:45.000Z","volume":996000,"label":" ","price":0.213},{"type":"A","date":"2018-04-11T05:54:45.000Z","volume":90000,"label":" ","price":0.213},{"type":"A","date":"2018-04-11T05:54:47.000Z","volume":6000,"label":" ","price":0.214},{"type":"B","date":"2018-04-11T05:54:52.000Z","volume":120000,"label":" ","price":0.213},{"type":"B","date":"2018-04-11T05:54:57.000Z","volume":300000,"label":" ","price":0.213},{"type":"B","date":"2018-04-11T05:54:59.000Z","volume":114000,"label":" ","price":0.213},{"type":"B","date":"2018-04-11T05:54:59.000Z","volume":114000,"label":" ","price":0.213},{"type":"A","date":"2018-04-11T05:54:59.000Z","volume":60000,"label":" ","price":0.213},{"type":"B","date":"2018-04-11T05:55:00.000Z","volume":240000,"label":" ","price":0.213},{"type":"B","date":"2018-04-11T05:55:00.000Z","volume":60000,"label":" ","price":0.213},{"type":"B","date":"2018-04-11T05:55:02.000Z","volume":240000,"label":" ","price":0.213},{"type":"A","date":"2018-04-11T05:55:02.000Z","volume":18000,"label":" ","price":0.214},{"type":"A","date":"2018-04-11T05:55:04.000Z","volume":204000,"label":" ","price":0.214},{"type":"A","date":"2018-04-11T05:55:11.000Z","volume":12000,"label":" ","price":0.213},{"type":"B","date":"2018-04-11T05:55:12.000Z","volume":198000,"label":" ","price":0.212},{"type":"B","date":"2018-04-11T05:55:16.000Z","volume":180000,"label":" ","price":0.211},{"type":"B","date":"2018-04-11T05:55:16.000Z","volume":258000,"label":" ","price":0.21},{"type":"B","date":"2018-04-11T05:55:16.000Z","volume":948000,"label":" ","price":0.209},{"type":"B","date":"2018-04-11T05:55:16.000Z","volume":342000,"label":" ","price":0.208},{"type":"B","date":"2018-04-11T05:55:20.000Z","volume":60000,"label":" ","price":0.211},{"type":"A","date":"2018-04-11T05:55:20.000Z","volume":60000,"label":" ","price":0.211},{"type":"B","date":"2018-04-11T05:55:23.000Z","volume":6000,"label":" ","price":0.21},{"type":"A","date":"2018-04-11T05:55:26.000Z","volume":48000,"label":" ","price":0.21},{"type":"A","date":"2018-04-11T05:55:30.000Z","volume":210000,"label":" ","price":0.21},{"type":"B","date":"2018-04-11T05:55:35.000Z","volume":120000,"label":" ","price":0.209},{"type":"A","date":"2018-04-11T05:55:40.000Z","volume":24000,"label":" ","price":0.21},{"type":"A","date":"2018-04-11T05:55:47.000Z","volume":18000,"label":" ","price":0.209},{"type":"A","date":"2018-04-11T05:55:47.000Z","volume":240000,"label":" ","price":0.209},{"type":"A","date":"2018-04-11T05:55:47.000Z","volume":42000,"label":" ","price":0.209},{"type":"A","date":"2018-04-11T05:55:49.000Z","volume":60000,"label":" ","price":0.21},{"type":"B","date":"2018-04-11T05:55:51.000Z","volume":360000,"label":" ","price":0.208},{"type":"B","date":"2018-04-11T05:55:52.000Z","volume":36000,"label":" ","price":0.209},{"type":"B","date":"2018-04-11T05:55:52.000Z","volume":36000,"label":" ","price":0.208},{"type":"B","date":"2018-04-11T05:55:52.000Z","volume":48000,"label":" ","price":0.207},{"type":"B","date":"2018-04-11T05:55:52.000Z","volume":66000,"label":" ","price":0.207},{"type":"A","date":"2018-04-11T05:56:06.000Z","volume":6000,"label":" ","price":0.209},{"type":"A","date":"2018-04-11T05:56:06.000Z","volume":150000,"label":" ","price":0.209},{"type":"A","date":"2018-04-11T05:56:06.000Z","volume":90000,"label":" ","price":0.21},{"type":"A","date":"2018-04-11T05:56:10.000Z","volume":180000,"label":" ","price":0.21},{"type":"A","date":"2018-04-11T05:56:20.000Z","volume":120000,"label":" ","price":0.21},{"type":"A","date":"2018-04-11T05:56:22.000Z","volume":168000,"label":" ","price":0.21},{"type":"A","date":"2018-04-11T05:56:22.000Z","volume":360000,"label":" ","price":0.211},{"type":"A","date":"2018-04-11T05:56:22.000Z","volume":72000,"label":" ","price":0.212},{"type":"B","date":"2018-04-11T05:56:42.000Z","volume":360000,"label":" ","price":0.21},{"type":"B","date":"2018-04-11T05:56:43.000Z","volume":60000,"label":" ","price":0.21},{"type":"A","date":"2018-04-11T05:56:49.000Z","volume":30000,"label":" ","price":0.21},{"type":"A","date":"2018-04-11T05:56:54.000Z","volume":96000,"label":" ","price":0.21},{"type":"A","date":"2018-04-11T05:57:06.000Z","volume":120000,"label":" ","price":0.21},{"type":"A","date":"2018-04-11T05:57:08.000Z","volume":18000,"label":" ","price":0.21},{"type":"A","date":"2018-04-11T05:57:09.000Z","volume":6000,"label":" ","price":0.211},{"type":"A","date":"2018-04-11T05:57:14.000Z","volume":120000,"label":" ","price":0.211},{"type":"A","date":"2018-04-11T05:57:15.000Z","volume":120000,"label":" ","price":0.211},{"type":"A","date":"2018-04-11T05:57:16.000Z","volume":54000,"label":" ","price":0.211},{"type":"A","date":"2018-04-11T05:57:39.000Z","volume":24000,"label":" ","price":0.212},{"type":"A","date":"2018-04-11T05:57:43.000Z","volume":96000,"label":" ","price":0.212},{"type":"A","date":"2018-04-11T05:57:44.000Z","volume":504000,"label":" ","price":0.212},{"type":"A","date":"2018-04-11T05:57:44.000Z","volume":288000,"label":" ","price":0.212},{"type":"A","date":"2018-04-11T05:58:00.000Z","volume":624000,"label":" ","price":0.213},{"type":"B","date":"2018-04-11T05:58:04.000Z","volume":30000,"label":" ","price":0.213},{"type":"A","date":"2018-04-11T05:58:12.000Z","volume":306000,"label":" ","price":0.214},{"type":"A","date":"2018-04-11T05:58:12.000Z","volume":180000,"label":" ","price":0.214},{"type":"A","date":"2018-04-11T05:58:13.000Z","volume":132000,"label":" ","price":0.214},{"type":"A","date":"2018-04-11T05:58:23.000Z","volume":210000,"label":" ","price":0.215},{"type":"A","date":"2018-04-11T05:58:24.000Z","volume":132000,"label":" ","price":0.215},{"type":"A","date":"2018-04-11T05:58:24.000Z","volume":300000,"label":" ","price":0.215},{"type":"A","date":"2018-04-11T05:58:24.000Z","volume":42000,"label":" ","price":0.215},{"type":"B","date":"2018-04-11T05:58:32.000Z","volume":612000,"label":" ","price":0.215},{"type":"A","date":"2018-04-11T05:58:33.000Z","volume":6000,"label":" ","price":0.216},{"type":"B","date":"2018-04-11T05:58:33.000Z","volume":192000,"label":" ","price":0.215},{"type":"A","date":"2018-04-11T05:58:42.000Z","volume":90000,"label":" ","price":0.215},{"type":"A","date":"2018-04-11T05:59:16.000Z","volume":204000,"label":" ","price":0.216},{"type":"B","date":"2018-04-11T05:59:16.000Z","volume":96000,"label":" ","price":0.215},{"type":"A","date":"2018-04-11T05:59:17.000Z","volume":210000,"label":" ","price":0.216},{"type":"A","date":"2018-04-11T05:59:17.000Z","volume":12000,"label":" ","price":0.216},{"type":"A","date":"2018-04-11T05:59:31.000Z","volume":60000,"label":" ","price":0.216},{"type":"B","date":"2018-04-11T05:59:33.000Z","volume":48000,"label":" ","price":0.215},{"type":"A","date":"2018-04-11T05:59:33.000Z","volume":12000,"label":"Y","price":0.216},{"type":"A","date":"2018-04-11T05:59:33.000Z","volume":246000,"label":" ","price":0.216},{"type":"B","date":"2018-04-11T05:59:35.000Z","volume":288000,"label":" ","price":0.216},{"type":"A","date":"2018-04-11T05:59:37.000Z","volume":18000,"label":" ","price":0.216},{"type":"B","date":"2018-04-11T05:59:38.000Z","volume":108000,"label":" ","price":0.216},{"type":"B","date":"2018-04-11T05:59:38.000Z","volume":396000,"label":" ","price":0.215},{"type":"A","date":"2018-04-11T05:59:43.000Z","volume":120000,"label":" ","price":0.217},{"type":"B","date":"2018-04-11T05:59:46.000Z","volume":36000,"label":" ","price":0.216},{"type":"B","date":"2018-04-11T05:59:51.000Z","volume":138000,"label":" ","price":0.215},{"type":"B","date":"2018-04-11T05:59:51.000Z","volume":42000,"label":" ","price":0.214},{"type":"B","date":"2018-04-11T05:59:52.000Z","volume":36000,"label":" ","price":0.216},{"type":"B","date":"2018-04-11T05:59:53.000Z","volume":42000,"label":" ","price":0.216},{"type":"B","date":"2018-04-11T05:59:56.000Z","volume":300000,"label":" ","price":0.214},{"type":"A","date":"2018-04-11T06:00:04.000Z","volume":12000,"label":" ","price":0.215},{"type":"B","date":"2018-04-11T06:00:10.000Z","volume":120000,"label":" ","price":0.214},{"type":"A","date":"2018-04-11T06:00:11.000Z","volume":24000,"label":" ","price":0.215},{"type":"A","date":"2018-04-11T06:00:18.000Z","volume":60000,"label":" ","price":0.215},{"type":"A","date":"2018-04-11T06:00:18.000Z","volume":186000,"label":" ","price":0.215},{"type":"B","date":"2018-04-11T06:00:19.000Z","volume":444000,"label":" ","price":0.215},{"type":"B","date":"2018-04-11T06:00:19.000Z","volume":270000,"label":" ","price":0.215},{"type":"B","date":"2018-04-11T06:00:40.000Z","volume":120000,"label":" ","price":0.215},{"type":"A","date":"2018-04-11T06:00:43.000Z","volume":30000,"label":" ","price":0.216},{"type":"A","date":"2018-04-11T06:01:22.000Z","volume":90000,"label":" ","price":0.216},{"type":"A","date":"2018-04-11T06:01:25.000Z","volume":180000,"label":" ","price":0.216},{"type":"A","date":"2018-04-11T06:01:30.000Z","volume":24000,"label":" ","price":0.216},{"type":"A","date":"2018-04-11T06:01:48.000Z","volume":96000,"label":" ","price":0.217},{"type":"B","date":"2018-04-11T06:01:50.000Z","volume":30000,"label":" ","price":0.216},{"type":"A","date":"2018-04-11T06:02:23.000Z","volume":102000,"label":" ","price":0.217},{"type":"A","date":"2018-04-11T06:02:23.000Z","volume":498000,"label":" ","price":0.218},{"type":"A","date":"2018-04-11T06:02:28.000Z","volume":240000,"label":" ","price":0.218},{"type":"A","date":"2018-04-11T06:02:35.000Z","volume":30000,"label":" ","price":0.219},{"type":"A","date":"2018-04-11T06:02:41.000Z","volume":30000,"label":" ","price":0.218},{"type":"U","date":"2018-04-11T06:02:42.000Z","volume":108000,"label":" ","price":0.218},{"type":"A","date":"2018-04-11T06:02:42.000Z","volume":876000,"label":" ","price":0.219},{"type":"A","date":"2018-04-11T06:02:42.000Z","volume":66000,"label":"Y","price":0.22},{"type":"A","date":"2018-04-11T06:02:42.000Z","volume":60000,"label":" ","price":0.22},{"type":"A","date":"2018-04-11T06:02:53.000Z","volume":6000,"label":" ","price":0.22},{"type":"A","date":"2018-04-11T06:03:00.000Z","volume":48000,"label":" ","price":0.22},{"type":"A","date":"2018-04-11T06:03:06.000Z","volume":120000,"label":" ","price":0.219},{"type":"U","date":"2018-04-11T06:03:08.000Z","volume":30000,"label":" ","price":0.219},{"type":"A","date":"2018-04-11T06:03:08.000Z","volume":330000,"label":" ","price":0.22},{"type":"A","date":"2018-04-11T06:03:11.000Z","volume":288000,"label":" ","price":0.22},{"type":"A","date":"2018-04-11T06:03:35.000Z","volume":1200000,"label":" ","price":0.22},{"type":"A","date":"2018-04-11T06:03:35.000Z","volume":78000,"label":" ","price":0.22},{"type":"A","date":"2018-04-11T06:03:50.000Z","volume":24000,"label":" ","price":0.221},{"type":"B","date":"2018-04-11T06:03:53.000Z","volume":168000,"label":" ","price":0.22},{"type":"A","date":"2018-04-11T06:03:53.000Z","volume":90000,"label":" ","price":0.22},{"type":"A","date":"2018-04-11T06:03:57.000Z","volume":120000,"label":" ","price":0.22},{"type":"A","date":"2018-04-11T06:03:57.000Z","volume":102000,"label":" ","price":0.22},{"type":"A","date":"2018-04-11T06:04:08.000Z","volume":324000,"label":" ","price":0.221},{"type":"B","date":"2018-04-11T06:04:10.000Z","volume":36000,"label":" ","price":0.221},{"type":"A","date":"2018-04-11T06:04:11.000Z","volume":30000,"label":"Y","price":0.222},{"type":"A","date":"2018-04-11T06:04:11.000Z","volume":120000,"label":" ","price":0.222},{"type":"B","date":"2018-04-11T06:04:12.000Z","volume":90000,"label":" ","price":0.222},{"type":"B","date":"2018-04-11T06:04:14.000Z","volume":258000,"label":" ","price":0.221},{"type":"A","date":"2018-04-11T06:04:14.000Z","volume":120000,"label":" ","price":0.221},{"type":"A","date":"2018-04-11T06:04:14.000Z","volume":78000,"label":" ","price":0.222},{"type":"A","date":"2018-04-11T06:04:23.000Z","volume":132000,"label":" ","price":0.222},{"type":"A","date":"2018-04-11T06:04:23.000Z","volume":168000,"label":" ","price":0.223},{"type":"A","date":"2018-04-11T06:04:30.000Z","volume":114000,"label":" ","price":0.223},{"type":"B","date":"2018-04-11T06:04:31.000Z","volume":90000,"label":"Y","price":0.223},{"type":"B","date":"2018-04-11T06:04:34.000Z","volume":180000,"label":" ","price":0.222},{"type":"B","date":"2018-04-11T06:04:34.000Z","volume":12000,"label":" ","price":0.221},{"type":"A","date":"2018-04-11T06:04:45.000Z","volume":120000,"label":" ","price":0.224},{"type":"A","date":"2018-04-11T06:04:49.000Z","volume":168000,"label":" ","price":0.224},{"type":"B","date":"2018-04-11T06:04:52.000Z","volume":12000,"label":" ","price":0.224},{"type":"A","date":"2018-04-11T06:04:53.000Z","volume":108000,"label":" ","price":0.223},{"type":"A","date":"2018-04-11T06:04:53.000Z","volume":12000,"label":" ","price":0.224},{"type":"A","date":"2018-04-11T06:04:53.000Z","volume":60000,"label":" ","price":0.225},{"type":"A","date":"2018-04-11T06:04:55.000Z","volume":60000,"label":" ","price":0.225},{"type":"A","date":"2018-04-11T06:04:56.000Z","volume":216000,"label":" ","price":0.225},{"type":"A","date":"2018-04-11T06:04:56.000Z","volume":84000,"label":"Y","price":0.226},{"type":"B","date":"2018-04-11T06:05:05.000Z","volume":36000,"label":" ","price":0.224},{"type":"B","date":"2018-04-11T06:05:09.000Z","volume":30000,"label":" ","price":0.224},{"type":"B","date":"2018-04-11T06:05:09.000Z","volume":48000,"label":" ","price":0.224},{"type":"B","date":"2018-04-11T06:05:10.000Z","volume":18000,"label":" ","price":0.224},{"type":"A","date":"2018-04-11T06:05:10.000Z","volume":60000,"label":" ","price":0.224},{"type":"B","date":"2018-04-11T06:05:11.000Z","volume":114000,"label":" ","price":0.223},{"type":"A","date":"2018-04-11T06:05:13.000Z","volume":120000,"label":" ","price":0.223},{"type":"A","date":"2018-04-11T06:05:20.000Z","volume":90000,"label":" ","price":0.223},{"type":"B","date":"2018-04-11T06:05:24.000Z","volume":210000,"label":" ","price":0.223},{"type":"A","date":"2018-04-11T06:05:33.000Z","volume":102000,"label":" ","price":0.223},{"type":"A","date":"2018-04-11T06:05:33.000Z","volume":126000,"label":" ","price":0.224},{"type":"A","date":"2018-04-11T06:05:33.000Z","volume":372000,"label":" ","price":0.225},{"type":"A","date":"2018-04-11T06:05:33.000Z","volume":120000,"label":" ","price":0.226},{"type":"A","date":"2018-04-11T06:05:33.000Z","volume":300000,"label":" ","price":0.227},{"type":"A","date":"2018-04-11T06:05:33.000Z","volume":180000,"label":" ","price":0.228},{"type":"B","date":"2018-04-11T06:05:40.000Z","volume":96000,"label":" ","price":0.224},{"type":"B","date":"2018-04-11T06:05:40.000Z","volume":84000,"label":" ","price":0.223},{"type":"A","date":"2018-04-11T06:06:01.000Z","volume":24000,"label":" ","price":0.225},{"type":"B","date":"2018-04-11T06:06:04.000Z","volume":144000,"label":" ","price":0.225},{"type":"A","date":"2018-04-11T06:06:13.000Z","volume":18000,"label":" ","price":0.226},{"type":"B","date":"2018-04-11T06:06:19.000Z","volume":96000,"label":" ","price":0.225},{"type":"A","date":"2018-04-11T06:06:29.000Z","volume":36000,"label":" ","price":0.226},{"type":"B","date":"2018-04-11T06:06:39.000Z","volume":48000,"label":" ","price":0.225},{"type":"B","date":"2018-04-11T06:06:41.000Z","volume":132000,"label":" ","price":0.225},{"type":"B","date":"2018-04-11T06:06:43.000Z","volume":30000,"label":" ","price":0.224},{"type":"B","date":"2018-04-11T06:07:19.000Z","volume":12000,"label":" ","price":0.224},{"type":"B","date":"2018-04-11T06:07:19.000Z","volume":222000,"label":" ","price":0.224},{"type":"A","date":"2018-04-11T06:07:20.000Z","volume":6000,"label":" ","price":0.224},{"type":"A","date":"2018-04-11T06:07:23.000Z","volume":72000,"label":" ","price":0.224},{"type":"A","date":"2018-04-11T06:07:29.000Z","volume":186000,"label":" ","price":0.225},{"type":"A","date":"2018-04-11T06:07:37.000Z","volume":204000,"label":" ","price":0.226},{"type":"B","date":"2018-04-11T06:07:50.000Z","volume":126000,"label":" ","price":0.226},{"type":"A","date":"2018-04-11T06:07:50.000Z","volume":30000,"label":" ","price":0.226},{"type":"A","date":"2018-04-11T06:07:56.000Z","volume":198000,"label":" ","price":0.226},{"type":"B","date":"2018-04-11T06:08:09.000Z","volume":234000,"label":" ","price":0.226},{"type":"A","date":"2018-04-11T06:08:10.000Z","volume":18000,"label":" ","price":0.226},{"type":"B","date":"2018-04-11T06:08:21.000Z","volume":114000,"label":" ","price":0.225},{"type":"B","date":"2018-04-11T06:08:27.000Z","volume":60000,"label":" ","price":0.224},{"type":"B","date":"2018-04-11T06:08:27.000Z","volume":96000,"label":" ","price":0.223},{"type":"B","date":"2018-04-11T06:08:39.000Z","volume":90000,"label":" ","price":0.224},{"type":"B","date":"2018-04-11T06:08:42.000Z","volume":30000,"label":" ","price":0.224},{"type":"A","date":"2018-04-11T06:08:52.000Z","volume":12000,"label":" ","price":0.225},{"type":"B","date":"2018-04-11T06:08:53.000Z","volume":126000,"label":" ","price":0.225},{"type":"B","date":"2018-04-11T06:08:53.000Z","volume":42000,"label":" ","price":0.225},{"type":"B","date":"2018-04-11T06:09:13.000Z","volume":120000,"label":" ","price":0.225},{"type":"B","date":"2018-04-11T06:09:14.000Z","volume":78000,"label":"Y","price":0.225},{"type":"B","date":"2018-04-11T06:09:14.000Z","volume":12000,"label":" ","price":0.225},{"type":"A","date":"2018-04-11T06:09:17.000Z","volume":48000,"label":" ","price":0.226},{"type":"A","date":"2018-04-11T06:09:18.000Z","volume":6000,"label":"Y","price":0.226},{"type":"A","date":"2018-04-11T06:09:18.000Z","volume":84000,"label":" ","price":0.226},{"type":"B","date":"2018-04-11T06:09:26.000Z","volume":102000,"label":" ","price":0.224},{"type":"B","date":"2018-04-11T06:10:02.000Z","volume":42000,"label":"Y","price":0.224},{"type":"B","date":"2018-04-11T06:10:02.000Z","volume":48000,"label":" ","price":0.224},{"type":"A","date":"2018-04-11T06:10:05.000Z","volume":186000,"label":" ","price":0.226},{"type":"A","date":"2018-04-11T06:10:05.000Z","volume":234000,"label":" ","price":0.227},{"type":"A","date":"2018-04-11T06:10:05.000Z","volume":60000,"label":"Y","price":0.228},{"type":"A","date":"2018-04-11T06:10:05.000Z","volume":420000,"label":" ","price":0.228},{"type":"A","date":"2018-04-11T06:10:11.000Z","volume":60000,"label":" ","price":0.226},{"type":"A","date":"2018-04-11T06:10:13.000Z","volume":36000,"label":" ","price":0.226},{"type":"A","date":"2018-04-11T06:10:16.000Z","volume":96000,"label":" ","price":0.227},{"type":"B","date":"2018-04-11T06:10:17.000Z","volume":42000,"label":" ","price":0.226},{"type":"A","date":"2018-04-11T06:10:24.000Z","volume":90000,"label":"Y","price":0.227},{"type":"A","date":"2018-04-11T06:10:24.000Z","volume":24000,"label":" ","price":0.227},{"type":"A","date":"2018-04-11T06:10:54.000Z","volume":42000,"label":" ","price":0.226},{"type":"A","date":"2018-04-11T06:11:00.000Z","volume":60000,"label":" ","price":0.226},{"type":"A","date":"2018-04-11T06:11:01.000Z","volume":42000,"label":" ","price":0.226},{"type":"A","date":"2018-04-11T06:11:01.000Z","volume":30000,"label":" ","price":0.226},{"type":"A","date":"2018-04-11T06:11:02.000Z","volume":102000,"label":" ","price":0.226},{"type":"A","date":"2018-04-11T06:11:08.000Z","volume":24000,"label":" ","price":0.226},{"type":"B","date":"2018-04-11T06:11:32.000Z","volume":30000,"label":" ","price":0.226},{"type":"A","date":"2018-04-11T06:11:39.000Z","volume":246000,"label":" ","price":0.227},{"type":"A","date":"2018-04-11T06:11:47.000Z","volume":240000,"label":" ","price":0.228},{"type":"A","date":"2018-04-11T06:11:48.000Z","volume":102000,"label":" ","price":0.228},{"type":"A","date":"2018-04-11T06:11:48.000Z","volume":102000,"label":" ","price":0.228},{"type":"A","date":"2018-04-11T06:11:48.000Z","volume":60000,"label":" ","price":0.228},{"type":"A","date":"2018-04-11T06:11:55.000Z","volume":600000,"label":" ","price":0.229},{"type":"A","date":"2018-04-11T06:11:56.000Z","volume":300000,"label":" ","price":0.229},{"type":"A","date":"2018-04-11T06:11:56.000Z","volume":300000,"label":" ","price":0.229},{"type":"A","date":"2018-04-11T06:11:56.000Z","volume":42000,"label":" ","price":0.229},{"type":"A","date":"2018-04-11T06:11:56.000Z","volume":120000,"label":" ","price":0.229},{"type":"A","date":"2018-04-11T06:11:57.000Z","volume":90000,"label":" ","price":0.23},{"type":"A","date":"2018-04-11T06:12:00.000Z","volume":48000,"label":" ","price":0.23},{"type":"A","date":"2018-04-11T06:12:01.000Z","volume":150000,"label":" ","price":0.23},{"type":"A","date":"2018-04-11T06:12:02.000Z","volume":174000,"label":" ","price":0.23},{"type":"A","date":"2018-04-11T06:12:03.000Z","volume":300000,"label":" ","price":0.23},{"type":"A","date":"2018-04-11T06:12:03.000Z","volume":156000,"label":" ","price":0.23},{"type":"A","date":"2018-04-11T06:12:07.000Z","volume":90000,"label":" ","price":0.231},{"type":"A","date":"2018-04-11T06:12:07.000Z","volume":36000,"label":" ","price":0.232},{"type":"A","date":"2018-04-11T06:12:07.000Z","volume":90000,"label":" ","price":0.233},{"type":"A","date":"2018-04-11T06:12:07.000Z","volume":30000,"label":" ","price":0.234},{"type":"A","date":"2018-04-11T06:12:07.000Z","volume":234000,"label":" ","price":0.235},{"type":"A","date":"2018-04-11T06:12:10.000Z","volume":30000,"label":" ","price":0.232},{"type":"A","date":"2018-04-11T06:12:11.000Z","volume":30000,"label":" ","price":0.232},{"type":"B","date":"2018-04-11T06:12:13.000Z","volume":30000,"label":" ","price":0.232},{"type":"B","date":"2018-04-11T06:12:15.000Z","volume":6000,"label":" ","price":0.231},{"type":"B","date":"2018-04-11T06:12:17.000Z","volume":90000,"label":" ","price":0.23},{"type":"B","date":"2018-04-11T06:12:17.000Z","volume":30000,"label":" ","price":0.229},{"type":"A","date":"2018-04-11T06:12:27.000Z","volume":54000,"label":" ","price":0.231},{"type":"B","date":"2018-04-11T06:12:28.000Z","volume":120000,"label":" ","price":0.231},{"type":"B","date":"2018-04-11T06:12:28.000Z","volume":6000,"label":" ","price":0.231},{"type":"B","date":"2018-04-11T06:12:30.000Z","volume":96000,"label":" ","price":0.23},{"type":"B","date":"2018-04-11T06:12:30.000Z","volume":24000,"label":" ","price":0.229},{"type":"B","date":"2018-04-11T06:12:34.000Z","volume":12000,"label":" ","price":0.229},{"type":"B","date":"2018-04-11T06:12:37.000Z","volume":30000,"label":" ","price":0.227},{"type":"A","date":"2018-04-11T06:12:41.000Z","volume":24000,"label":" ","price":0.23},{"type":"B","date":"2018-04-11T06:12:42.000Z","volume":6000,"label":" ","price":0.23},{"type":"B","date":"2018-04-11T06:12:42.000Z","volume":90000,"label":" ","price":0.23},{"type":"B","date":"2018-04-11T06:12:43.000Z","volume":48000,"label":" ","price":0.227},{"type":"A","date":"2018-04-11T06:12:47.000Z","volume":36000,"label":" ","price":0.23},{"type":"A","date":"2018-04-11T06:12:52.000Z","volume":6000,"label":" ","price":0.23},{"type":"A","date":"2018-04-11T06:12:53.000Z","volume":42000,"label":" ","price":0.23},{"type":"A","date":"2018-04-11T06:12:53.000Z","volume":18000,"label":" ","price":0.231},{"type":"A","date":"2018-04-11T06:13:00.000Z","volume":6000,"label":" ","price":0.23},{"type":"A","date":"2018-04-11T06:13:03.000Z","volume":24000,"label":" ","price":0.23},{"type":"B","date":"2018-04-11T06:13:03.000Z","volume":12000,"label":" ","price":0.23},{"type":"A","date":"2018-04-11T06:13:09.000Z","volume":60000,"label":" ","price":0.23},{"type":"A","date":"2018-04-11T06:13:09.000Z","volume":30000,"label":" ","price":0.23},{"type":"B","date":"2018-04-11T06:13:12.000Z","volume":30000,"label":" ","price":0.23},{"type":"B","date":"2018-04-11T06:13:18.000Z","volume":156000,"label":" ","price":0.23},{"type":"B","date":"2018-04-11T06:13:19.000Z","volume":144000,"label":" ","price":0.23},{"type":"A","date":"2018-04-11T06:13:19.000Z","volume":12000,"label":" ","price":0.23},{"type":"A","date":"2018-04-11T06:13:19.000Z","volume":48000,"label":" ","price":0.231},{"type":"A","date":"2018-04-11T06:13:22.000Z","volume":96000,"label":" ","price":0.231},{"type":"A","date":"2018-04-11T06:13:27.000Z","volume":36000,"label":" ","price":0.231},{"type":"A","date":"2018-04-11T06:13:27.000Z","volume":84000,"label":" ","price":0.231},{"type":"A","date":"2018-04-11T06:13:27.000Z","volume":138000,"label":" ","price":0.231},{"type":"A","date":"2018-04-11T06:13:27.000Z","volume":24000,"label":" ","price":0.231},{"type":"B","date":"2018-04-11T06:13:33.000Z","volume":180000,"label":" ","price":0.231},{"type":"B","date":"2018-04-11T06:13:44.000Z","volume":48000,"label":" ","price":0.23},{"type":"B","date":"2018-04-11T06:13:45.000Z","volume":72000,"label":" ","price":0.23},{"type":"A","date":"2018-04-11T06:13:52.000Z","volume":30000,"label":" ","price":0.23},{"type":"A","date":"2018-04-11T06:13:53.000Z","volume":12000,"label":" ","price":0.231},{"type":"B","date":"2018-04-11T06:13:53.000Z","volume":18000,"label":" ","price":0.23},{"type":"B","date":"2018-04-11T06:13:53.000Z","volume":6000,"label":" ","price":0.229},{"type":"B","date":"2018-04-11T06:14:04.000Z","volume":102000,"label":" ","price":0.229},{"type":"B","date":"2018-04-11T06:14:04.000Z","volume":126000,"label":" ","price":0.229},{"type":"B","date":"2018-04-11T06:14:05.000Z","volume":480000,"label":" ","price":0.228},{"type":"B","date":"2018-04-11T06:14:05.000Z","volume":54000,"label":" ","price":0.228},{"type":"B","date":"2018-04-11T06:14:06.000Z","volume":96000,"label":" ","price":0.228},{"type":"A","date":"2018-04-11T06:14:07.000Z","volume":60000,"label":" ","price":0.229},{"type":"B","date":"2018-04-11T06:14:24.000Z","volume":60000,"label":" ","price":0.226},{"type":"A","date":"2018-04-11T06:14:27.000Z","volume":60000,"label":" ","price":0.228},{"type":"A","date":"2018-04-11T06:15:16.000Z","volume":108000,"label":" ","price":0.229},{"type":"B","date":"2018-04-11T06:15:16.000Z","volume":42000,"label":"Y","price":0.228},{"type":"B","date":"2018-04-11T06:15:16.000Z","volume":18000,"label":" ","price":0.228},{"type":"A","date":"2018-04-11T06:15:17.000Z","volume":6000,"label":" ","price":0.229},{"type":"B","date":"2018-04-11T06:15:23.000Z","volume":66000,"label":" ","price":0.229},{"type":"B","date":"2018-04-11T06:15:25.000Z","volume":78000,"label":" ","price":0.228},{"type":"B","date":"2018-04-11T06:15:25.000Z","volume":120000,"label":" ","price":0.227},{"type":"B","date":"2018-04-11T06:15:25.000Z","volume":102000,"label":" ","price":0.226},{"type":"A","date":"2018-04-11T06:15:31.000Z","volume":24000,"label":" ","price":0.228},{"type":"A","date":"2018-04-11T06:16:00.000Z","volume":60000,"label":" ","price":0.228},{"type":"B","date":"2018-04-11T06:16:01.000Z","volume":60000,"label":" ","price":0.228},{"type":"B","date":"2018-04-11T06:16:01.000Z","volume":120000,"label":" ","price":0.227},{"type":"B","date":"2018-04-11T06:16:05.000Z","volume":36000,"label":" ","price":0.226},{"type":"B","date":"2018-04-11T06:16:08.000Z","volume":30000,"label":" ","price":0.226},{"type":"B","date":"2018-04-11T06:16:09.000Z","volume":102000,"label":" ","price":0.226},{"type":"A","date":"2018-04-11T06:16:15.000Z","volume":72000,"label":" ","price":0.226},{"type":"A","date":"2018-04-11T06:16:21.000Z","volume":60000,"label":" ","price":0.227},{"type":"B","date":"2018-04-11T06:16:21.000Z","volume":240000,"label":" ","price":0.226},{"type":"B","date":"2018-04-11T06:16:21.000Z","volume":216000,"label":" ","price":0.226},{"type":"A","date":"2018-04-11T06:16:22.000Z","volume":60000,"label":" ","price":0.226},{"type":"A","date":"2018-04-11T06:16:22.000Z","volume":108000,"label":" ","price":0.226},{"type":"B","date":"2018-04-11T06:16:31.000Z","volume":192000,"label":" ","price":0.226},{"type":"B","date":"2018-04-11T06:16:47.000Z","volume":6000,"label":" ","price":0.226},{"type":"B","date":"2018-04-11T06:16:59.000Z","volume":120000,"label":" ","price":0.226},{"type":"B","date":"2018-04-11T06:16:59.000Z","volume":480000,"label":" ","price":0.225},{"type":"B","date":"2018-04-11T06:17:41.000Z","volume":96000,"label":" ","price":0.225},{"type":"B","date":"2018-04-11T06:17:43.000Z","volume":336000,"label":" ","price":0.225},{"type":"B","date":"2018-04-11T06:17:44.000Z","volume":192000,"label":" ","price":0.225},{"type":"B","date":"2018-04-11T06:17:44.000Z","volume":54000,"label":" ","price":0.225},{"type":"A","date":"2018-04-11T06:17:46.000Z","volume":18000,"label":" ","price":0.225},{"type":"A","date":"2018-04-11T06:17:46.000Z","volume":72000,"label":" ","price":0.225},{"type":"A","date":"2018-04-11T06:17:47.000Z","volume":36000,"label":" ","price":0.225},{"type":"B","date":"2018-04-11T06:17:49.000Z","volume":60000,"label":" ","price":0.225},{"type":"B","date":"2018-04-11T06:17:57.000Z","volume":180000,"label":" ","price":0.225},{"type":"B","date":"2018-04-11T06:18:24.000Z","volume":60000,"label":" ","price":0.225},{"type":"B","date":"2018-04-11T06:19:07.000Z","volume":48000,"label":" ","price":0.226},{"type":"B","date":"2018-04-11T06:19:21.000Z","volume":138000,"label":" ","price":0.225},{"type":"A","date":"2018-04-11T06:19:32.000Z","volume":60000,"label":" ","price":0.226},{"type":"B","date":"2018-04-11T06:19:33.000Z","volume":12000,"label":" ","price":0.225},{"type":"A","date":"2018-04-11T06:19:34.000Z","volume":30000,"label":" ","price":0.225},{"type":"A","date":"2018-04-11T06:19:37.000Z","volume":30000,"label":" ","price":0.225},{"type":"A","date":"2018-04-11T06:19:37.000Z","volume":24000,"label":" ","price":0.225},{"type":"A","date":"2018-04-11T06:19:41.000Z","volume":120000,"label":" ","price":0.226},{"type":"A","date":"2018-04-11T06:19:41.000Z","volume":36000,"label":" ","price":0.226},{"type":"B","date":"2018-04-11T06:19:42.000Z","volume":24000,"label":" ","price":0.225},{"type":"B","date":"2018-04-11T06:20:48.000Z","volume":60000,"label":" ","price":0.226},{"type":"B","date":"2018-04-11T06:20:54.000Z","volume":30000,"label":" ","price":0.225},{"type":"B","date":"2018-04-11T06:20:58.000Z","volume":300000,"label":" ","price":0.225},{"type":"B","date":"2018-04-11T06:20:58.000Z","volume":36000,"label":" ","price":0.225},{"type":"B","date":"2018-04-11T06:21:20.000Z","volume":12000,"label":"Y","price":0.225},{"type":"B","date":"2018-04-11T06:21:20.000Z","volume":126000,"label":" ","price":0.225},{"type":"A","date":"2018-04-11T06:21:20.000Z","volume":42000,"label":" ","price":0.225},{"type":"A","date":"2018-04-11T06:21:20.000Z","volume":258000,"label":" ","price":0.226},{"type":"B","date":"2018-04-11T06:21:30.000Z","volume":432000,"label":" ","price":0.224},{"type":"B","date":"2018-04-11T06:21:35.000Z","volume":174000,"label":" ","price":0.223},{"type":"A","date":"2018-04-11T06:21:40.000Z","volume":12000,"label":" ","price":0.223},{"type":"A","date":"2018-04-11T06:21:40.000Z","volume":18000,"label":" ","price":0.223},{"type":"A","date":"2018-04-11T06:21:41.000Z","volume":96000,"label":" ","price":0.223},{"type":"A","date":"2018-04-11T06:21:45.000Z","volume":90000,"label":" ","price":0.224},{"type":"A","date":"2018-04-11T06:22:26.000Z","volume":78000,"label":" ","price":0.224},{"type":"B","date":"2018-04-11T06:22:31.000Z","volume":42000,"label":" ","price":0.224},{"type":"A","date":"2018-04-11T06:22:39.000Z","volume":90000,"label":" ","price":0.225},{"type":"A","date":"2018-04-11T06:22:46.000Z","volume":102000,"label":" ","price":0.226},{"type":"A","date":"2018-04-11T06:22:59.000Z","volume":30000,"label":" ","price":0.226},{"type":"A","date":"2018-04-11T06:23:04.000Z","volume":408000,"label":" ","price":0.227},{"type":"B","date":"2018-04-11T06:23:16.000Z","volume":18000,"label":" ","price":0.226},{"type":"B","date":"2018-04-11T06:23:56.000Z","volume":60000,"label":" ","price":0.226},{"type":"A","date":"2018-04-11T06:24:02.000Z","volume":66000,"label":" ","price":0.228},{"type":"A","date":"2018-04-11T06:24:09.000Z","volume":120000,"label":" ","price":0.228},{"type":"A","date":"2018-04-11T06:24:12.000Z","volume":30000,"label":" ","price":0.228},{"type":"B","date":"2018-04-11T06:24:17.000Z","volume":102000,"label":" ","price":0.226},{"type":"A","date":"2018-04-11T06:24:21.000Z","volume":180000,"label":" ","price":0.226},{"type":"A","date":"2018-04-11T06:24:22.000Z","volume":18000,"label":" ","price":0.226},{"type":"A","date":"2018-04-11T06:24:22.000Z","volume":12000,"label":" ","price":0.228},{"type":"A","date":"2018-04-11T06:24:31.000Z","volume":60000,"label":" ","price":0.226},{"type":"B","date":"2018-04-11T06:25:33.000Z","volume":60000,"label":" ","price":0.225},{"type":"B","date":"2018-04-11T06:25:38.000Z","volume":60000,"label":" ","price":0.225},{"type":"A","date":"2018-04-11T06:25:42.000Z","volume":90000,"label":" ","price":0.227},{"type":"B","date":"2018-04-11T06:25:48.000Z","volume":180000,"label":" ","price":0.227},{"type":"B","date":"2018-04-11T06:25:48.000Z","volume":630000,"label":" ","price":0.227},{"type":"A","date":"2018-04-11T06:27:21.000Z","volume":120000,"label":" ","price":0.224},{"type":"A","date":"2018-04-11T06:27:21.000Z","volume":84000,"label":" ","price":0.224},{"type":"A","date":"2018-04-11T06:27:42.000Z","volume":60000,"label":" ","price":0.225},{"type":"A","date":"2018-04-11T06:28:09.000Z","volume":24000,"label":" ","price":0.225},{"type":"B","date":"2018-04-11T06:28:20.000Z","volume":156000,"label":" ","price":0.225},{"type":"A","date":"2018-04-11T06:28:33.000Z","volume":54000,"label":" ","price":0.225},{"type":"B","date":"2018-04-11T06:29:17.000Z","volume":6000,"label":" ","price":0.224},{"type":"B","date":"2018-04-11T06:29:17.000Z","volume":180000,"label":" ","price":0.223},{"type":"B","date":"2018-04-11T06:29:17.000Z","volume":18000,"label":" ","price":0.223},{"type":"B","date":"2018-04-11T06:29:33.000Z","volume":30000,"label":"Y","price":0.222},{"type":"B","date":"2018-04-11T06:30:11.000Z","volume":30000,"label":" ","price":0.222},{"type":"B","date":"2018-04-11T06:30:12.000Z","volume":60000,"label":" ","price":0.222},{"type":"B","date":"2018-04-11T06:30:12.000Z","volume":48000,"label":" ","price":0.222},{"type":"B","date":"2018-04-11T06:30:14.000Z","volume":120000,"label":" ","price":0.222},{"type":"B","date":"2018-04-11T06:30:15.000Z","volume":96000,"label":" ","price":0.222},{"type":"B","date":"2018-04-11T06:30:17.000Z","volume":60000,"label":" ","price":0.222},{"type":"B","date":"2018-04-11T06:30:18.000Z","volume":60000,"label":" ","price":0.222},{"type":"B","date":"2018-04-11T06:30:21.000Z","volume":90000,"label":" ","price":0.222},{"type":"B","date":"2018-04-11T06:30:21.000Z","volume":600000,"label":" ","price":0.221},{"type":"B","date":"2018-04-11T06:30:21.000Z","volume":204000,"label":" ","price":0.221},{"type":"A","date":"2018-04-11T06:30:31.000Z","volume":120000,"label":" ","price":0.221},{"type":"A","date":"2018-04-11T06:30:31.000Z","volume":156000,"label":" ","price":0.221},{"type":"A","date":"2018-04-11T06:30:38.000Z","volume":60000,"label":" ","price":0.222},{"type":"U","date":"2018-04-11T06:30:39.000Z","volume":12000,"label":" ","price":0.221},{"type":"B","date":"2018-04-11T06:30:46.000Z","volume":180000,"label":" ","price":0.22},{"type":"B","date":"2018-04-11T06:30:49.000Z","volume":24000,"label":"Y","price":0.22},{"type":"B","date":"2018-04-11T06:30:57.000Z","volume":60000,"label":" ","price":0.22},{"type":"A","date":"2018-04-11T06:31:04.000Z","volume":114000,"label":" ","price":0.221},{"type":"B","date":"2018-04-11T06:31:21.000Z","volume":60000,"label":" ","price":0.221},{"type":"B","date":"2018-04-11T06:31:46.000Z","volume":96000,"label":" ","price":0.221},{"type":"A","date":"2018-04-11T06:31:49.000Z","volume":30000,"label":" ","price":0.223},{"type":"B","date":"2018-04-11T06:31:57.000Z","volume":90000,"label":" ","price":0.223},{"type":"A","date":"2018-04-11T06:32:09.000Z","volume":12000,"label":" ","price":0.224},{"type":"A","date":"2018-04-11T06:32:54.000Z","volume":60000,"label":" ","price":0.224},{"type":"A","date":"2018-04-11T06:33:36.000Z","volume":18000,"label":" ","price":0.224},{"type":"A","date":"2018-04-11T06:34:16.000Z","volume":42000,"label":" ","price":0.224},{"type":"A","date":"2018-04-11T06:35:37.000Z","volume":168000,"label":" ","price":0.225},{"type":"B","date":"2018-04-11T06:35:40.000Z","volume":12000,"label":" ","price":0.225},{"type":"B","date":"2018-04-11T06:35:55.000Z","volume":114000,"label":" ","price":0.224},{"type":"B","date":"2018-04-11T06:35:55.000Z","volume":186000,"label":" ","price":0.223},{"type":"B","date":"2018-04-11T06:36:24.000Z","volume":12000,"label":" ","price":0.223},{"type":"B","date":"2018-04-11T06:37:03.000Z","volume":180000,"label":"Y","price":0.223},{"type":"B","date":"2018-04-11T06:37:03.000Z","volume":6000,"label":" ","price":0.223},{"type":"A","date":"2018-04-11T06:37:14.000Z","volume":78000,"label":" ","price":0.223},{"type":"B","date":"2018-04-11T06:37:17.000Z","volume":12000,"label":" ","price":0.223},{"type":"B","date":"2018-04-11T06:37:28.000Z","volume":102000,"label":" ","price":0.222},{"type":"B","date":"2018-04-11T06:37:29.000Z","volume":180000,"label":" ","price":0.222},{"type":"B","date":"2018-04-11T06:38:09.000Z","volume":24000,"label":" ","price":0.222},{"type":"A","date":"2018-04-11T06:38:22.000Z","volume":120000,"label":" ","price":0.222},{"type":"A","date":"2018-04-11T06:38:27.000Z","volume":90000,"label":" ","price":0.222},{"type":"B","date":"2018-04-11T06:38:45.000Z","volume":108000,"label":" ","price":0.221},{"type":"B","date":"2018-04-11T06:38:55.000Z","volume":60000,"label":" ","price":0.22},{"type":"B","date":"2018-04-11T06:39:03.000Z","volume":192000,"label":" ","price":0.22},{"type":"B","date":"2018-04-11T06:39:27.000Z","volume":138000,"label":"Y","price":0.22},{"type":"B","date":"2018-04-11T06:39:27.000Z","volume":180000,"label":" ","price":0.22},{"type":"B","date":"2018-04-11T06:39:49.000Z","volume":300000,"label":" ","price":0.22},{"type":"B","date":"2018-04-11T06:39:58.000Z","volume":12000,"label":"Y","price":0.22},{"type":"B","date":"2018-04-11T06:40:21.000Z","volume":102000,"label":" ","price":0.218},{"type":"B","date":"2018-04-11T06:40:26.000Z","volume":96000,"label":" ","price":0.217},{"type":"B","date":"2018-04-11T06:40:37.000Z","volume":120000,"label":" ","price":0.216},{"type":"A","date":"2018-04-11T06:40:39.000Z","volume":42000,"label":" ","price":0.216},{"type":"A","date":"2018-04-11T06:40:39.000Z","volume":138000,"label":" ","price":0.216},{"type":"B","date":"2018-04-11T06:40:55.000Z","volume":270000,"label":" ","price":0.215},{"type":"B","date":"2018-04-11T06:40:55.000Z","volume":30000,"label":" ","price":0.215},{"type":"B","date":"2018-04-11T06:40:55.000Z","volume":150000,"label":" ","price":0.214},{"type":"B","date":"2018-04-11T06:40:55.000Z","volume":12000,"label":" ","price":0.214},{"type":"B","date":"2018-04-11T06:40:55.000Z","volume":6000,"label":" ","price":0.214},{"type":"A","date":"2018-04-11T06:40:58.000Z","volume":120000,"label":" ","price":0.215},{"type":"A","date":"2018-04-11T06:41:21.000Z","volume":300000,"label":" ","price":0.218},{"type":"B","date":"2018-04-11T06:41:26.000Z","volume":180000,"label":" ","price":0.216},{"type":"A","date":"2018-04-11T06:42:13.000Z","volume":6000,"label":" ","price":0.218},{"type":"B","date":"2018-04-11T06:42:25.000Z","volume":6000,"label":" ","price":0.218},{"type":"A","date":"2018-04-11T06:42:31.000Z","volume":84000,"label":" ","price":0.218},{"type":"A","date":"2018-04-11T06:42:43.000Z","volume":6000,"label":" ","price":0.219},{"type":"A","date":"2018-04-11T06:42:50.000Z","volume":36000,"label":" ","price":0.217},{"type":"A","date":"2018-04-11T06:42:52.000Z","volume":6000,"label":" ","price":0.217},{"type":"A","date":"2018-04-11T06:42:52.000Z","volume":60000,"label":" ","price":0.217},{"type":"B","date":"2018-04-11T06:43:25.000Z","volume":120000,"label":" ","price":0.218},{"type":"A","date":"2018-04-11T06:43:45.000Z","volume":48000,"label":" ","price":0.218},{"type":"A","date":"2018-04-11T06:43:48.000Z","volume":42000,"label":"Y","price":0.219},{"type":"A","date":"2018-04-11T06:43:48.000Z","volume":306000,"label":" ","price":0.219},{"type":"A","date":"2018-04-11T06:44:00.000Z","volume":30000,"label":" ","price":0.22},{"type":"A","date":"2018-04-11T06:44:27.000Z","volume":18000,"label":" ","price":0.22},{"type":"A","date":"2018-04-11T06:44:32.000Z","volume":24000,"label":" ","price":0.22},{"type":"B","date":"2018-04-11T06:44:34.000Z","volume":18000,"label":" ","price":0.22},{"type":"A","date":"2018-04-11T06:44:41.000Z","volume":12000,"label":" ","price":0.22},{"type":"A","date":"2018-04-11T06:44:51.000Z","volume":60000,"label":" ","price":0.221},{"type":"A","date":"2018-04-11T06:44:53.000Z","volume":36000,"label":" ","price":0.221},{"type":"B","date":"2018-04-11T06:44:54.000Z","volume":84000,"label":" ","price":0.221},{"type":"B","date":"2018-04-11T06:44:58.000Z","volume":30000,"label":" ","price":0.22},{"type":"B","date":"2018-04-11T06:44:58.000Z","volume":60000,"label":" ","price":0.219},{"type":"B","date":"2018-04-11T06:44:58.000Z","volume":288000,"label":" ","price":0.218},{"type":"A","date":"2018-04-11T06:45:04.000Z","volume":30000,"label":" ","price":0.218},{"type":"A","date":"2018-04-11T06:45:05.000Z","volume":12000,"label":" ","price":0.218},{"type":"A","date":"2018-04-11T06:45:05.000Z","volume":90000,"label":" ","price":0.218},{"type":"B","date":"2018-04-11T06:45:08.000Z","volume":132000,"label":" ","price":0.218},{"type":"A","date":"2018-04-11T06:45:11.000Z","volume":12000,"label":" ","price":0.218},{"type":"A","date":"2018-04-11T06:45:12.000Z","volume":120000,"label":" ","price":0.218},{"type":"A","date":"2018-04-11T06:45:13.000Z","volume":12000,"label":" ","price":0.218},{"type":"A","date":"2018-04-11T06:45:13.000Z","volume":12000,"label":" ","price":0.218},{"type":"A","date":"2018-04-11T06:45:14.000Z","volume":12000,"label":" ","price":0.218},{"type":"A","date":"2018-04-11T06:46:26.000Z","volume":6000,"label":" ","price":0.22},{"type":"B","date":"2018-04-11T06:47:18.000Z","volume":102000,"label":" ","price":0.218},{"type":"A","date":"2018-04-11T06:47:19.000Z","volume":24000,"label":" ","price":0.218},{"type":"A","date":"2018-04-11T06:47:39.000Z","volume":60000,"label":" ","price":0.219},{"type":"A","date":"2018-04-11T06:47:39.000Z","volume":390000,"label":" ","price":0.22},{"type":"A","date":"2018-04-11T06:47:39.000Z","volume":12000,"label":" ","price":0.221},{"type":"B","date":"2018-04-11T06:48:25.000Z","volume":96000,"label":" ","price":0.218},{"type":"B","date":"2018-04-11T06:48:45.000Z","volume":24000,"label":" ","price":0.218},{"type":"A","date":"2018-04-11T06:48:49.000Z","volume":12000,"label":" ","price":0.218},{"type":"A","date":"2018-04-11T06:48:54.000Z","volume":54000,"label":" ","price":0.218},{"type":"A","date":"2018-04-11T06:49:53.000Z","volume":30000,"label":" ","price":0.22},{"type":"B","date":"2018-04-11T06:50:01.000Z","volume":96000,"label":" ","price":0.218},{"type":"B","date":"2018-04-11T06:50:45.000Z","volume":84000,"label":"Y","price":0.218},{"type":"B","date":"2018-04-11T06:50:45.000Z","volume":36000,"label":" ","price":0.218},{"type":"B","date":"2018-04-11T06:51:14.000Z","volume":12000,"label":" ","price":0.218},{"type":"B","date":"2018-04-11T06:51:26.000Z","volume":6000,"label":" ","price":0.218},{"type":"B","date":"2018-04-11T06:52:18.000Z","volume":192000,"label":" ","price":0.218},{"type":"A","date":"2018-04-11T06:53:35.000Z","volume":12000,"label":"Y","price":0.218},{"type":"A","date":"2018-04-11T06:53:35.000Z","volume":18000,"label":" ","price":0.218},{"type":"A","date":"2018-04-11T06:53:51.000Z","volume":84000,"label":" ","price":0.218},{"type":"A","date":"2018-04-11T06:54:19.000Z","volume":210000,"label":" ","price":0.219},{"type":"A","date":"2018-04-11T06:54:22.000Z","volume":300000,"label":" ","price":0.22},{"type":"A","date":"2018-04-11T06:54:22.000Z","volume":18000,"label":" ","price":0.22},{"type":"A","date":"2018-04-11T06:54:27.000Z","volume":30000,"label":" ","price":0.221},{"type":"A","date":"2018-04-11T06:54:33.000Z","volume":24000,"label":" ","price":0.221},{"type":"A","date":"2018-04-11T06:54:51.000Z","volume":180000,"label":" ","price":0.222},{"type":"A","date":"2018-04-11T06:54:51.000Z","volume":54000,"label":" ","price":0.222},{"type":"A","date":"2018-04-11T06:54:54.000Z","volume":234000,"label":" ","price":0.223},{"type":"A","date":"2018-04-11T06:54:54.000Z","volume":30000,"label":" ","price":0.223},{"type":"A","date":"2018-04-11T06:54:55.000Z","volume":24000,"label":" ","price":0.223},{"type":"B","date":"2018-04-11T06:54:57.000Z","volume":60000,"label":" ","price":0.223},{"type":"A","date":"2018-04-11T06:55:03.000Z","volume":120000,"label":" ","price":0.223},{"type":"A","date":"2018-04-11T06:55:05.000Z","volume":120000,"label":" ","price":0.223},{"type":"A","date":"2018-04-11T06:55:12.000Z","volume":186000,"label":" ","price":0.224},{"type":"A","date":"2018-04-11T06:55:13.000Z","volume":36000,"label":" ","price":0.224},{"type":"A","date":"2018-04-11T06:55:13.000Z","volume":12000,"label":" ","price":0.224},{"type":"A","date":"2018-04-11T06:55:17.000Z","volume":30000,"label":" ","price":0.224},{"type":"A","date":"2018-04-11T06:55:29.000Z","volume":270000,"label":" ","price":0.224},{"type":"A","date":"2018-04-11T06:55:29.000Z","volume":222000,"label":" ","price":0.224},{"type":"A","date":"2018-04-11T06:55:32.000Z","volume":6000,"label":" ","price":0.225},{"type":"B","date":"2018-04-11T06:57:31.000Z","volume":354000,"label":" ","price":0.222},{"type":"B","date":"2018-04-11T06:57:32.000Z","volume":192000,"label":" ","price":0.222},{"type":"B","date":"2018-04-11T06:57:34.000Z","volume":180000,"label":" ","price":0.222},{"type":"B","date":"2018-04-11T06:57:37.000Z","volume":24000,"label":" ","price":0.221},{"type":"A","date":"2018-04-11T06:59:59.000Z","volume":6000,"label":" ","price":0.222},{"type":"B","date":"2018-04-11T07:00:44.000Z","volume":66000,"label":" ","price":0.22},{"type":"A","date":"2018-04-11T07:00:48.000Z","volume":30000,"label":" ","price":0.22},{"type":"B","date":"2018-04-11T07:02:24.000Z","volume":48000,"label":" ","price":0.22},{"type":"B","date":"2018-04-11T07:03:32.000Z","volume":12000,"label":" ","price":0.22},{"type":"B","date":"2018-04-11T07:03:52.000Z","volume":48000,"label":" ","price":0.219},{"type":"B","date":"2018-04-11T07:04:06.000Z","volume":96000,"label":" ","price":0.219},{"type":"B","date":"2018-04-11T07:04:19.000Z","volume":102000,"label":" ","price":0.219},{"type":"B","date":"2018-04-11T07:06:14.000Z","volume":198000,"label":" ","price":0.218},{"type":"B","date":"2018-04-11T07:06:21.000Z","volume":60000,"label":" ","price":0.218},{"type":"B","date":"2018-04-11T07:06:25.000Z","volume":354000,"label":" ","price":0.218},{"type":"B","date":"2018-04-11T07:06:25.000Z","volume":24000,"label":" ","price":0.218},{"type":"A","date":"2018-04-11T07:07:15.000Z","volume":60000,"label":" ","price":0.218},{"type":"B","date":"2018-04-11T07:07:32.000Z","volume":42000,"label":" ","price":0.218},{"type":"B","date":"2018-04-11T07:07:41.000Z","volume":24000,"label":" ","price":0.217},{"type":"A","date":"2018-04-11T07:07:53.000Z","volume":138000,"label":" ","price":0.218},{"type":"A","date":"2018-04-11T07:09:18.000Z","volume":84000,"label":" ","price":0.219},{"type":"A","date":"2018-04-11T07:14:31.000Z","volume":234000,"label":" ","price":0.22},{"type":"A","date":"2018-04-11T07:14:37.000Z","volume":120000,"label":" ","price":0.221},{"type":"A","date":"2018-04-11T07:14:42.000Z","volume":18000,"label":" ","price":0.222},{"type":"B","date":"2018-04-11T07:15:31.000Z","volume":102000,"label":" ","price":0.219},{"type":"U","date":"2018-04-11T07:15:38.000Z","volume":48000,"label":" ","price":0.222},{"type":"A","date":"2018-04-11T07:17:51.000Z","volume":6000,"label":" ","price":0.223},{"type":"A","date":"2018-04-11T07:18:14.000Z","volume":30000,"label":" ","price":0.223},{"type":"A","date":"2018-04-11T07:18:30.000Z","volume":234000,"label":" ","price":0.224},{"type":"A","date":"2018-04-11T07:18:30.000Z","volume":366000,"label":" ","price":0.225},{"type":"A","date":"2018-04-11T07:18:50.000Z","volume":120000,"label":" ","price":0.225},{"type":"A","date":"2018-04-11T07:18:51.000Z","volume":6000,"label":" ","price":0.225},{"type":"A","date":"2018-04-11T07:18:51.000Z","volume":48000,"label":" ","price":0.225},{"type":"B","date":"2018-04-11T07:19:00.000Z","volume":90000,"label":" ","price":0.224},{"type":"A","date":"2018-04-11T07:19:02.000Z","volume":150000,"label":" ","price":0.224},{"type":"A","date":"2018-04-11T07:19:02.000Z","volume":324000,"label":" ","price":0.225},{"type":"B","date":"2018-04-11T07:19:03.000Z","volume":6000,"label":" ","price":0.225},{"type":"A","date":"2018-04-11T07:19:21.000Z","volume":18000,"label":" ","price":0.225},{"type":"A","date":"2018-04-11T07:19:31.000Z","volume":90000,"label":" ","price":0.225},{"type":"A","date":"2018-04-11T07:19:34.000Z","volume":60000,"label":" ","price":0.225},{"type":"A","date":"2018-04-11T07:19:56.000Z","volume":102000,"label":" ","price":0.225},{"type":"A","date":"2018-04-11T07:19:58.000Z","volume":12000,"label":" ","price":0.225},{"type":"A","date":"2018-04-11T07:20:06.000Z","volume":60000,"label":" ","price":0.225},{"type":"A","date":"2018-04-11T07:20:13.000Z","volume":48000,"label":" ","price":0.225},{"type":"A","date":"2018-04-11T07:20:19.000Z","volume":24000,"label":" ","price":0.226},{"type":"B","date":"2018-04-11T07:20:33.000Z","volume":24000,"label":" ","price":0.225},{"type":"B","date":"2018-04-11T07:20:45.000Z","volume":174000,"label":" ","price":0.224},{"type":"A","date":"2018-04-11T07:21:02.000Z","volume":102000,"label":" ","price":0.224},{"type":"A","date":"2018-04-11T07:21:14.000Z","volume":24000,"label":" ","price":0.224},{"type":"B","date":"2018-04-11T07:21:18.000Z","volume":36000,"label":" ","price":0.224},{"type":"A","date":"2018-04-11T07:21:20.000Z","volume":24000,"label":" ","price":0.224},{"type":"A","date":"2018-04-11T07:21:20.000Z","volume":54000,"label":" ","price":0.225},{"type":"A","date":"2018-04-11T07:21:52.000Z","volume":48000,"label":" ","price":0.224},{"type":"B","date":"2018-04-11T07:22:02.000Z","volume":60000,"label":" ","price":0.224},{"type":"A","date":"2018-04-11T07:22:06.000Z","volume":54000,"label":" ","price":0.224},{"type":"A","date":"2018-04-11T07:22:07.000Z","volume":198000,"label":" ","price":0.224},{"type":"B","date":"2018-04-11T07:22:28.000Z","volume":30000,"label":" ","price":0.223},{"type":"A","date":"2018-04-11T07:22:39.000Z","volume":288000,"label":" ","price":0.224},{"type":"A","date":"2018-04-11T07:22:48.000Z","volume":48000,"label":"Y","price":0.225},{"type":"A","date":"2018-04-11T07:22:48.000Z","volume":222000,"label":" ","price":0.225},{"type":"A","date":"2018-04-11T07:22:50.000Z","volume":60000,"label":" ","price":0.225},{"type":"A","date":"2018-04-11T07:22:50.000Z","volume":306000,"label":" ","price":0.225},{"type":"A","date":"2018-04-11T07:22:53.000Z","volume":240000,"label":" ","price":0.226},{"type":"A","date":"2018-04-11T07:22:53.000Z","volume":90000,"label":" ","price":0.226},{"type":"B","date":"2018-04-11T07:22:54.000Z","volume":48000,"label":" ","price":0.226},{"type":"B","date":"2018-04-11T07:23:00.000Z","volume":30000,"label":" ","price":0.226},{"type":"A","date":"2018-04-11T07:23:04.000Z","volume":6000,"label":" ","price":0.227},{"type":"B","date":"2018-04-11T07:23:05.000Z","volume":42000,"label":" ","price":0.226},{"type":"A","date":"2018-04-11T07:23:12.000Z","volume":36000,"label":" ","price":0.226},{"type":"B","date":"2018-04-11T07:23:21.000Z","volume":60000,"label":" ","price":0.226},{"type":"B","date":"2018-04-11T07:23:56.000Z","volume":42000,"label":" ","price":0.226},{"type":"A","date":"2018-04-11T07:24:02.000Z","volume":18000,"label":"Y","price":0.227},{"type":"A","date":"2018-04-11T07:24:08.000Z","volume":396000,"label":" ","price":0.227},{"type":"A","date":"2018-04-11T07:24:11.000Z","volume":6000,"label":" ","price":0.228},{"type":"A","date":"2018-04-11T07:24:17.000Z","volume":816000,"label":" ","price":0.228},{"type":"A","date":"2018-04-11T07:24:17.000Z","volume":384000,"label":" ","price":0.229},{"type":"A","date":"2018-04-11T07:24:21.000Z","volume":60000,"label":" ","price":0.228},{"type":"A","date":"2018-04-11T07:24:26.000Z","volume":402000,"label":" ","price":0.229},{"type":"A","date":"2018-04-11T07:24:27.000Z","volume":90000,"label":" ","price":0.229},{"type":"B","date":"2018-04-11T07:24:28.000Z","volume":30000,"label":" ","price":0.229},{"type":"A","date":"2018-04-11T07:24:49.000Z","volume":36000,"label":" ","price":0.23},{"type":"B","date":"2018-04-11T07:24:50.000Z","volume":66000,"label":" ","price":0.229},{"type":"A","date":"2018-04-11T07:24:57.000Z","volume":30000,"label":" ","price":0.229},{"type":"A","date":"2018-04-11T07:25:01.000Z","volume":600000,"label":" ","price":0.23},{"type":"A","date":"2018-04-11T07:25:03.000Z","volume":48000,"label":" ","price":0.23},{"type":"A","date":"2018-04-11T07:25:04.000Z","volume":120000,"label":" ","price":0.23},{"type":"A","date":"2018-04-11T07:25:04.000Z","volume":48000,"label":" ","price":0.23},{"type":"A","date":"2018-04-11T07:25:05.000Z","volume":300000,"label":" ","price":0.23},{"type":"A","date":"2018-04-11T07:25:05.000Z","volume":300000,"label":" ","price":0.23},{"type":"A","date":"2018-04-11T07:25:05.000Z","volume":150000,"label":"Y","price":0.23},{"type":"A","date":"2018-04-11T07:25:05.000Z","volume":18000,"label":" ","price":0.23},{"type":"A","date":"2018-04-11T07:25:05.000Z","volume":90000,"label":" ","price":0.23},{"type":"A","date":"2018-04-11T07:25:11.000Z","volume":84000,"label":" ","price":0.231},{"type":"A","date":"2018-04-11T07:25:15.000Z","volume":402000,"label":" ","price":0.231},{"type":"B","date":"2018-04-11T07:25:18.000Z","volume":210000,"label":" ","price":0.23},{"type":"A","date":"2018-04-11T07:25:18.000Z","volume":30000,"label":" ","price":0.231},{"type":"B","date":"2018-04-11T07:25:18.000Z","volume":300000,"label":" ","price":0.23},{"type":"A","date":"2018-04-11T07:25:19.000Z","volume":48000,"label":" ","price":0.231},{"type":"A","date":"2018-04-11T07:25:22.000Z","volume":150000,"label":" ","price":0.231},{"type":"B","date":"2018-04-11T07:25:23.000Z","volume":198000,"label":" ","price":0.23},{"type":"A","date":"2018-04-11T07:25:24.000Z","volume":60000,"label":" ","price":0.23},{"type":"A","date":"2018-04-11T07:25:25.000Z","volume":144000,"label":" ","price":0.23},{"type":"A","date":"2018-04-11T07:25:25.000Z","volume":54000,"label":" ","price":0.231},{"type":"A","date":"2018-04-11T07:25:30.000Z","volume":162000,"label":" ","price":0.231},{"type":"B","date":"2018-04-11T07:25:30.000Z","volume":6000,"label":" ","price":0.23},{"type":"B","date":"2018-04-11T07:25:32.000Z","volume":12000,"label":" ","price":0.229},{"type":"A","date":"2018-04-11T07:25:32.000Z","volume":294000,"label":" ","price":0.23},{"type":"A","date":"2018-04-11T07:25:34.000Z","volume":120000,"label":" ","price":0.231},{"type":"A","date":"2018-04-11T07:25:34.000Z","volume":120000,"label":" ","price":0.231},{"type":"A","date":"2018-04-11T07:25:35.000Z","volume":210000,"label":" ","price":0.231},{"type":"A","date":"2018-04-11T07:25:35.000Z","volume":102000,"label":" ","price":0.231},{"type":"B","date":"2018-04-11T07:25:37.000Z","volume":120000,"label":" ","price":0.231},{"type":"A","date":"2018-04-11T07:25:37.000Z","volume":42000,"label":" ","price":0.231},{"type":"A","date":"2018-04-11T07:25:38.000Z","volume":180000,"label":" ","price":0.231},{"type":"B","date":"2018-04-11T07:25:40.000Z","volume":96000,"label":" ","price":0.23},{"type":"B","date":"2018-04-11T07:25:41.000Z","volume":198000,"label":" ","price":0.23},{"type":"A","date":"2018-04-11T07:25:42.000Z","volume":18000,"label":" ","price":0.231},{"type":"A","date":"2018-04-11T07:25:48.000Z","volume":18000,"label":" ","price":0.231},{"type":"B","date":"2018-04-11T07:25:50.000Z","volume":90000,"label":" ","price":0.23},{"type":"A","date":"2018-04-11T07:25:50.000Z","volume":120000,"label":" ","price":0.23},{"type":"A","date":"2018-04-11T07:25:52.000Z","volume":6000,"label":" ","price":0.23},{"type":"A","date":"2018-04-11T07:26:02.000Z","volume":84000,"label":" ","price":0.23},{"type":"A","date":"2018-04-11T07:26:14.000Z","volume":150000,"label":" ","price":0.231},{"type":"A","date":"2018-04-11T07:26:14.000Z","volume":42000,"label":" ","price":0.231},{"type":"B","date":"2018-04-11T07:26:20.000Z","volume":12000,"label":" ","price":0.23},{"type":"A","date":"2018-04-11T07:26:21.000Z","volume":6000,"label":" ","price":0.231},{"type":"A","date":"2018-04-11T07:26:26.000Z","volume":120000,"label":" ","price":0.231},{"type":"B","date":"2018-04-11T07:26:26.000Z","volume":240000,"label":" ","price":0.23},{"type":"A","date":"2018-04-11T07:26:26.000Z","volume":60000,"label":"Y","price":0.231},{"type":"B","date":"2018-04-11T07:26:36.000Z","volume":168000,"label":" ","price":0.23},{"type":"A","date":"2018-04-11T07:26:41.000Z","volume":12000,"label":" ","price":0.23},{"type":"B","date":"2018-04-11T07:26:46.000Z","volume":66000,"label":" ","price":0.23},{"type":"B","date":"2018-04-11T07:26:51.000Z","volume":120000,"label":" ","price":0.229},{"type":"A","date":"2018-04-11T07:26:53.000Z","volume":240000,"label":" ","price":0.229},{"type":"B","date":"2018-04-11T07:26:53.000Z","volume":120000,"label":"Y","price":0.227},{"type":"B","date":"2018-04-11T07:27:23.000Z","volume":114000,"label":" ","price":0.227},{"type":"B","date":"2018-04-11T07:27:23.000Z","volume":6000,"label":" ","price":0.227},{"type":"B","date":"2018-04-11T07:27:23.000Z","volume":6000,"label":" ","price":0.226},{"type":"A","date":"2018-04-11T07:27:49.000Z","volume":18000,"label":" ","price":0.227},{"type":"B","date":"2018-04-11T07:27:52.000Z","volume":42000,"label":" ","price":0.227},{"type":"B","date":"2018-04-11T07:27:55.000Z","volume":6000,"label":" ","price":0.226},{"type":"B","date":"2018-04-11T07:27:58.000Z","volume":30000,"label":" ","price":0.226},{"type":"A","date":"2018-04-11T07:28:16.000Z","volume":72000,"label":" ","price":0.227},{"type":"A","date":"2018-04-11T07:28:16.000Z","volume":48000,"label":" ","price":0.228},{"type":"B","date":"2018-04-11T07:28:17.000Z","volume":60000,"label":" ","price":0.226},{"type":"B","date":"2018-04-11T07:28:27.000Z","volume":120000,"label":" ","price":0.227},{"type":"A","date":"2018-04-11T07:28:35.000Z","volume":18000,"label":" ","price":0.227},{"type":"B","date":"2018-04-11T07:28:42.000Z","volume":30000,"label":" ","price":0.227},{"type":"B","date":"2018-04-11T07:28:42.000Z","volume":12000,"label":" ","price":0.227},{"type":"B","date":"2018-04-11T07:29:01.000Z","volume":6000,"label":" ","price":0.226},{"type":"B","date":"2018-04-11T07:29:02.000Z","volume":72000,"label":" ","price":0.226},{"type":"B","date":"2018-04-11T07:29:02.000Z","volume":84000,"label":" ","price":0.226},{"type":"A","date":"2018-04-11T07:29:04.000Z","volume":60000,"label":" ","price":0.227},{"type":"A","date":"2018-04-11T07:29:16.000Z","volume":60000,"label":" ","price":0.227},{"type":"A","date":"2018-04-11T07:30:38.000Z","volume":12000,"label":" ","price":0.227},{"type":"B","date":"2018-04-11T07:30:42.000Z","volume":30000,"label":" ","price":0.226},{"type":"A","date":"2018-04-11T07:30:43.000Z","volume":84000,"label":" ","price":0.227},{"type":"A","date":"2018-04-11T07:32:11.000Z","volume":120000,"label":" ","price":0.228},{"type":"B","date":"2018-04-11T07:32:30.000Z","volume":30000,"label":" ","price":0.227},{"type":"A","date":"2018-04-11T07:32:31.000Z","volume":6000,"label":" ","price":0.228},{"type":"A","date":"2018-04-11T07:32:31.000Z","volume":6000,"label":" ","price":0.228},{"type":"B","date":"2018-04-11T07:32:34.000Z","volume":90000,"label":" ","price":0.227},{"type":"B","date":"2018-04-11T07:32:38.000Z","volume":6000,"label":" ","price":0.227},{"type":"B","date":"2018-04-11T07:32:38.000Z","volume":6000,"label":" ","price":0.227},{"type":"B","date":"2018-04-11T07:32:39.000Z","volume":6000,"label":" ","price":0.227},{"type":"A","date":"2018-04-11T07:32:39.000Z","volume":30000,"label":" ","price":0.228},{"type":"A","date":"2018-04-11T07:33:06.000Z","volume":150000,"label":" ","price":0.228},{"type":"A","date":"2018-04-11T07:33:06.000Z","volume":270000,"label":" ","price":0.229},{"type":"A","date":"2018-04-11T07:33:57.000Z","volume":300000,"label":" ","price":0.23},{"type":"A","date":"2018-04-11T07:34:04.000Z","volume":6000,"label":" ","price":0.231},{"type":"B","date":"2018-04-11T07:34:09.000Z","volume":216000,"label":" ","price":0.229}