[{"type":"U","date":"2018-04-11T01:04:59.000Z","volume":69600,"label":"P","price":4.649},{"type":"U","date":"2018-04-11T01:04:59.000Z","volume":278400,"label":"P","price":4.648},{"type":"U","date":"2018-04-11T01:20:00.000Z","volume":8000,"label":"U","price":4.7},{"type":"A","date":"2018-04-11T01:30:19.000Z","volume":2000,"label":" ","price":4.71},{"type":"B","date":"2018-04-11T01:30:23.000Z","volume":8000,"label":" ","price":4.7},{"type":"B","date":"2018-04-11T01:30:56.000Z","volume":110000,"label":" ","price":4.68},{"type":"A","date":"2018-04-11T01:30:56.000Z","volume":12000,"label":" ","price":4.7},{"type":"B","date":"2018-04-11T01:30:56.000Z","volume":12000,"label":"Y","price":4.68},{"type":"B","date":"2018-04-11T01:30:57.000Z","volume":6000,"label":" ","price":4.67},{"type":"B","date":"2018-04-11T01:30:57.000Z","volume":22000,"label":" ","price":4.67},{"type":"B","date":"2018-04-11T01:30:57.000Z","volume":8000,"label":" ","price":4.67},{"type":"B","date":"2018-04-11T01:30:57.000Z","volume":6000,"label":" ","price":4.66},{"type":"A","date":"2018-04-11T01:32:57.000Z","volume":2000,"label":" ","price":4.66},{"type":"A","date":"2018-04-11T01:32:58.000Z","volume":8000,"label":" ","price":4.66},{"type":"A","date":"2018-04-11T01:32:58.000Z","volume":2000,"label":" ","price":4.66},{"type":"A","date":"2018-04-11T01:32:58.000Z","volume":2000,"label":" ","price":4.66},{"type":"A","date":"2018-04-11T01:33:00.000Z","volume":4000,"label":" ","price":4.66},{"type":"U","date":"2018-04-11T01:33:00.000Z","volume":8000,"label":"X","price":4.64},{"type":"A","date":"2018-04-11T01:33:44.000Z","volume":2000,"label":"Y","price":4.65},{"type":"A","date":"2018-04-11T01:33:44.000Z","volume":10000,"label":" ","price":4.65},{"type":"B","date":"2018-04-11T01:33:44.000Z","volume":2000,"label":" ","price":4.65},{"type":"B","date":"2018-04-11T01:33:44.000Z","volume":2000,"label":" ","price":4.65},{"type":"B","date":"2018-04-11T01:34:20.000Z","volume":24000,"label":" ","price":4.65},{"type":"A","date":"2018-04-11T01:35:06.000Z","volume":14000,"label":" ","price":4.66},{"type":"A","date":"2018-04-11T01:35:06.000Z","volume":6000,"label":" ","price":4.66},{"type":"B","date":"2018-04-11T01:35:09.000Z","volume":2000,"label":" ","price":4.66},{"type":"B","date":"2018-04-11T01:35:15.000Z","volume":2000,"label":" ","price":4.66},{"type":"B","date":"2018-04-11T01:35:15.000Z","volume":4000,"label":" ","price":4.66},{"type":"B","date":"2018-04-11T01:35:18.000Z","volume":4000,"label":" ","price":4.66},{"type":"U","date":"2018-04-11T01:35:21.000Z","volume":4000,"label":"X","price":4.66},{"type":"U","date":"2018-04-11T01:35:21.000Z","volume":2000,"label":"X","price":4.66},{"type":"U","date":"2018-04-11T01:35:23.000Z","volume":6000,"label":"X","price":4.66},{"type":"B","date":"2018-04-11T01:35:23.000Z","volume":8000,"label":" ","price":4.66},{"type":"B","date":"2018-04-11T01:35:23.000Z","volume":8000,"label":" ","price":4.66},{"type":"B","date":"2018-04-11T01:35:27.000Z","volume":4000,"label":"Y","price":4.66},{"type":"A","date":"2018-04-11T01:35:34.000Z","volume":4000,"label":" ","price":4.66},{"type":"B","date":"2018-04-11T01:35:49.000Z","volume":4000,"label":" ","price":4.65},{"type":"A","date":"2018-04-11T01:35:53.000Z","volume":2000,"label":" ","price":4.66},{"type":"B","date":"2018-04-11T01:36:56.000Z","volume":2000,"label":" ","price":4.64},{"type":"U","date":"2018-04-11T01:37:44.000Z","volume":2000,"label":" ","price":4.64},{"type":"B","date":"2018-04-11T01:41:16.000Z","volume":14000,"label":" ","price":4.62},{"type":"B","date":"2018-04-11T01:41:44.000Z","volume":2000,"label":" ","price":4.61},{"type":"A","date":"2018-04-11T01:48:17.000Z","volume":20000,"label":" ","price":4.61},{"type":"U","date":"2018-04-11T01:48:18.000Z","volume":4000,"label":"X","price":4.6},{"type":"A","date":"2018-04-11T01:48:18.000Z","volume":4000,"label":" ","price":4.62},{"type":"U","date":"2018-04-11T01:48:23.000Z","volume":2000,"label":"X","price":4.61},{"type":"A","date":"2018-04-11T01:52:50.000Z","volume":22000,"label":" ","price":4.62},{"type":"B","date":"2018-04-11T01:54:56.000Z","volume":10000,"label":" ","price":4.62},{"type":"B","date":"2018-04-11T01:54:56.000Z","volume":36000,"label":" ","price":4.62},{"type":"B","date":"2018-04-11T01:54:56.000Z","volume":20000,"label":" ","price":4.61},{"type":"B","date":"2018-04-11T01:54:56.000Z","volume":2000,"label":" ","price":4.61},{"type":"A","date":"2018-04-11T01:54:56.000Z","volume":4000,"label":"Y","price":4.63},{"type":"A","date":"2018-04-11T01:54:56.000Z","volume":4000,"label":" ","price":4.63},{"type":"U","date":"2018-04-11T01:54:58.000Z","volume":4000,"label":" ","price":4.62},{"type":"B","date":"2018-04-11T01:55:15.000Z","volume":6000,"label":" ","price":4.61},{"type":"B","date":"2018-04-11T01:55:15.000Z","volume":2000,"label":" ","price":4.61},{"type":"A","date":"2018-04-11T01:57:23.000Z","volume":10000,"label":" ","price":4.61},{"type":"B","date":"2018-04-11T01:57:43.000Z","volume":10000,"label":" ","price":4.61},{"type":"B","date":"2018-04-11T02:02:09.000Z","volume":10000,"label":" ","price":4.61},{"type":"B","date":"2018-04-11T02:02:13.000Z","volume":2000,"label":" ","price":4.61},{"type":"B","date":"2018-04-11T02:06:02.000Z","volume":2000,"label":" ","price":4.61},{"type":"B","date":"2018-04-11T02:07:46.000Z","volume":42000,"label":" ","price":4.61},{"type":"B","date":"2018-04-11T02:07:47.000Z","volume":2000,"label":" ","price":4.6},{"type":"B","date":"2018-04-11T02:08:31.000Z","volume":4000,"label":" ","price":4.6},{"type":"B","date":"2018-04-11T02:08:56.000Z","volume":60000,"label":" ","price":4.6},{"type":"B","date":"2018-04-11T02:08:56.000Z","volume":2000,"label":" ","price":4.59},{"type":"U","date":"2018-04-11T02:08:57.000Z","volume":4000,"label":" ","price":4.59},{"type":"A","date":"2018-04-11T02:09:00.000Z","volume":24000,"label":" ","price":4.61},{"type":"A","date":"2018-04-11T02:09:00.000Z","volume":26000,"label":" ","price":4.61},{"type":"A","date":"2018-04-11T02:09:00.000Z","volume":2000,"label":" ","price":4.61},{"type":"U","date":"2018-04-11T02:09:00.000Z","volume":4000,"label":" ","price":4.61},{"type":"U","date":"2018-04-11T02:09:01.000Z","volume":8000,"label":"X","price":4.61},{"type":"A","date":"2018-04-11T02:09:01.000Z","volume":4000,"label":" ","price":4.61},{"type":"B","date":"2018-04-11T02:11:15.000Z","volume":2000,"label":" ","price":4.58},{"type":"B","date":"2018-04-11T02:12:20.000Z","volume":6000,"label":" ","price":4.56},{"type":"U","date":"2018-04-11T02:18:05.000Z","volume":2000,"label":" ","price":4.58},{"type":"B","date":"2018-04-11T02:18:08.000Z","volume":2000,"label":" ","price":4.58},{"type":"B","date":"2018-04-11T02:18:26.000Z","volume":2000,"label":" ","price":4.58},{"type":"B","date":"2018-04-11T02:24:03.000Z","volume":4000,"label":" ","price":4.58},{"type":"B","date":"2018-04-11T02:24:03.000Z","volume":4000,"label":" ","price":4.58},{"type":"B","date":"2018-04-11T02:24:03.000Z","volume":32000,"label":" ","price":4.58},{"type":"B","date":"2018-04-11T02:24:03.000Z","volume":2000,"label":" ","price":4.58},{"type":"B","date":"2018-04-11T02:24:03.000Z","volume":2000,"label":" ","price":4.58},{"type":"B","date":"2018-04-11T02:24:31.000Z","volume":2000,"label":" ","price":4.58},{"type":"B","date":"2018-04-11T02:29:15.000Z","volume":2000,"label":" ","price":4.58},{"type":"B","date":"2018-04-11T02:29:43.000Z","volume":2000,"label":" ","price":4.58},{"type":"U","date":"2018-04-11T02:29:49.000Z","volume":8000,"label":"X","price":4.58},{"type":"U","date":"2018-04-11T02:29:49.000Z","volume":2000,"label":"X","price":4.58},{"type":"U","date":"2018-04-11T02:29:49.000Z","volume":2000,"label":"X","price":4.58},{"type":"B","date":"2018-04-11T02:29:49.000Z","volume":4000,"label":" ","price":4.58},{"type":"B","date":"2018-04-11T02:29:53.000Z","volume":16000,"label":" ","price":4.58},{"type":"A","date":"2018-04-11T02:29:54.000Z","volume":4000,"label":" ","price":4.59},{"type":"U","date":"2018-04-11T02:29:56.000Z","volume":12000,"label":"X","price":4.58},{"type":"B","date":"2018-04-11T02:29:56.000Z","volume":2000,"label":" ","price":4.58},{"type":"B","date":"2018-04-11T02:29:59.000Z","volume":12000,"label":" ","price":4.58},{"type":"B","date":"2018-04-11T02:30:00.000Z","volume":14000,"label":" ","price":4.58},{"type":"B","date":"2018-04-11T02:30:00.000Z","volume":2000,"label":" ","price":4.58},{"type":"B","date":"2018-04-11T02:30:00.000Z","volume":2000,"label":" ","price":4.58},{"type":"A","date":"2018-04-11T02:30:00.000Z","volume":4000,"label":" ","price":4.59},{"type":"A","date":"2018-04-11T02:30:00.000Z","volume":2000,"label":" ","price":4.59},{"type":"U","date":"2018-04-11T02:30:01.000Z","volume":2000,"label":"X","price":4.59},{"type":"B","date":"2018-04-11T02:30:04.000Z","volume":4000,"label":"Y","price":4.58},{"type":"B","date":"2018-04-11T02:30:04.000Z","volume":14000,"label":" ","price":4.58},{"type":"B","date":"2018-04-11T02:30:04.000Z","volume":2000,"label":" ","price":4.58},{"type":"A","date":"2018-04-11T02:32:21.000Z","volume":2000,"label":"Y","price":4.58},{"type":"A","date":"2018-04-11T02:32:21.000Z","volume":30000,"label":" ","price":4.58},{"type":"A","date":"2018-04-11T02:32:21.000Z","volume":16000,"label":" ","price":4.58},{"type":"B","date":"2018-04-11T02:32:21.000Z","volume":2000,"label":" ","price":4.57},{"type":"A","date":"2018-04-11T02:32:22.000Z","volume":4000,"label":" ","price":4.59},{"type":"B","date":"2018-04-11T02:32:26.000Z","volume":14000,"label":" ","price":4.58},{"type":"A","date":"2018-04-11T02:39:19.000Z","volume":6000,"label":" ","price":4.59},{"type":"A","date":"2018-04-11T02:39:20.000Z","volume":6000,"label":" ","price":4.59},{"type":"U","date":"2018-04-11T02:39:21.000Z","volume":2000,"label":"X","price":4.59},{"type":"B","date":"2018-04-11T02:39:23.000Z","volume":22000,"label":" ","price":4.58},{"type":"B","date":"2018-04-11T02:39:23.000Z","volume":2000,"label":" ","price":4.58},{"type":"U","date":"2018-04-11T02:39:25.000Z","volume":4000,"label":"X","price":4.58},{"type":"U","date":"2018-04-11T02:39:25.000Z","volume":2000,"label":"X","price":4.58},{"type":"B","date":"2018-04-11T02:39:25.000Z","volume":4000,"label":" ","price":4.58},{"type":"B","date":"2018-04-11T02:39:27.000Z","volume":2000,"label":" ","price":4.58},{"type":"B","date":"2018-04-11T02:39:28.000Z","volume":4000,"label":"Y","price":4.58},{"type":"B","date":"2018-04-11T02:39:28.000Z","volume":10000,"label":" ","price":4.58},{"type":"B","date":"2018-04-11T02:39:32.000Z","volume":2000,"label":" ","price":4.58},{"type":"B","date":"2018-04-11T02:41:45.000Z","volume":2000,"label":" ","price":4.58},{"type":"B","date":"2018-04-11T02:48:20.000Z","volume":2000,"label":" ","price":4.58},{"type":"B","date":"2018-04-11T02:49:19.000Z","volume":2000,"label":" ","price":4.58},{"type":"B","date":"2018-04-11T02:50:49.000Z","volume":2000,"label":" ","price":4.58},{"type":"A","date":"2018-04-11T02:51:50.000Z","volume":2000,"label":"Y","price":4.59},{"type":"B","date":"2018-04-11T02:52:19.000Z","volume":2000,"label":" ","price":4.58},{"type":"B","date":"2018-04-11T02:53:15.000Z","volume":2000,"label":" ","price":4.58},{"type":"B","date":"2018-04-11T02:54:19.000Z","volume":2000,"label":" ","price":4.58},{"type":"B","date":"2018-04-11T02:55:49.000Z","volume":2000,"label":" ","price":4.58},{"type":"U","date":"2018-04-11T02:55:50.000Z","volume":4000,"label":"X","price":4.585},{"type":"B","date":"2018-04-11T02:55:57.000Z","volume":2000,"label":" ","price":4.58},{"type":"B","date":"2018-04-11T02:55:57.000Z","volume":8000,"label":" ","price":4.58},{"type":"B","date":"2018-04-11T02:56:00.000Z","volume":2000,"label":" ","price":4.58},{"type":"A","date":"2018-04-11T02:59:17.000Z","volume":2000,"label":"Y","price":4.59},{"type":"A","date":"2018-04-11T03:00:26.000Z","volume":2000,"label":"Y","price":4.59},{"type":"A","date":"2018-04-11T03:01:39.000Z","volume":10000,"label":" ","price":4.59},{"type":"U","date":"2018-04-11T03:01:40.000Z","volume":2000,"label":"X","price":4.59},{"type":"A","date":"2018-04-11T03:02:37.000Z","volume":2000,"label":"Y","price":4.59},{"type":"U","date":"2018-04-11T03:02:40.000Z","volume":2000,"label":"X","price":4.59},{"type":"B","date":"2018-04-11T03:03:04.000Z","volume":2000,"label":" ","price":4.58},{"type":"B","date":"2018-04-11T03:04:24.000Z","volume":2000,"label":" ","price":4.58},{"type":"U","date":"2018-04-11T03:05:03.000Z","volume":1696,"label":"D","price":4.59},{"type":"B","date":"2018-04-11T03:06:24.000Z","volume":2000,"label":" ","price":4.58},{"type":"A","date":"2018-04-11T03:06:34.000Z","volume":100000,"label":" ","price":4.59},{"type":"A","date":"2018-04-11T03:06:57.000Z","volume":8000,"label":" ","price":4.59},{"type":"A","date":"2018-04-11T03:07:23.000Z","volume":8000,"label":"Y","price":4.59},{"type":"A","date":"2018-04-11T03:07:23.000Z","volume":32000,"label":" ","price":4.59},{"type":"A","date":"2018-04-11T03:07:23.000Z","volume":2000,"label":" ","price":4.6},{"type":"A","date":"2018-04-11T03:07:23.000Z","volume":2000,"label":" ","price":4.59},{"type":"A","date":"2018-04-11T03:07:24.000Z","volume":4000,"label":"Y","price":4.6},{"type":"A","date":"2018-04-11T03:07:24.000Z","volume":2000,"label":" ","price":4.6},{"type":"A","date":"2018-04-11T03:07:25.000Z","volume":4000,"label":"Y","price":4.6},{"type":"A","date":"2018-04-11T03:07:25.000Z","volume":2000,"label":" ","price":4.6},{"type":"B","date":"2018-04-11T03:08:34.000Z","volume":2000,"label":" ","price":4.59},{"type":"B","date":"2018-04-11T03:11:24.000Z","volume":2000,"label":"Y","price":4.59},{"type":"B","date":"2018-04-11T03:12:24.000Z","volume":2000,"label":"Y","price":4.59},{"type":"B","date":"2018-04-11T03:13:04.000Z","volume":14000,"label":" ","price":4.59},{"type":"B","date":"2018-04-11T03:15:34.000Z","volume":2000,"label":" ","price":4.59},{"type":"A","date":"2018-04-11T03:16:25.000Z","volume":4000,"label":" ","price":4.6},{"type":"B","date":"2018-04-11T03:16:26.000Z","volume":2000,"label":" ","price":4.59},{"type":"A","date":"2018-04-11T03:16:27.000Z","volume":2000,"label":" ","price":4.6},{"type":"B","date":"2018-04-11T03:18:04.000Z","volume":2000,"label":" ","price":4.59},{"type":"B","date":"2018-04-11T03:20:04.000Z","volume":2000,"label":" ","price":4.59},{"type":"A","date":"2018-04-11T03:24:33.000Z","volume":2000,"label":" ","price":4.6},{"type":"B","date":"2018-04-11T03:32:33.000Z","volume":2000,"label":" ","price":4.59},{"type":"A","date":"2018-04-11T03:32:34.000Z","volume":2000,"label":" ","price":4.6},{"type":"B","date":"2018-04-11T03:35:15.000Z","volume":2000,"label":" ","price":4.59},{"type":"B","date":"2018-04-11T03:36:33.000Z","volume":2000,"label":" ","price":4.59},{"type":"B","date":"2018-04-11T03:40:33.000Z","volume":2000,"label":" ","price":4.59},{"type":"A","date":"2018-04-11T03:43:18.000Z","volume":2000,"label":" ","price":4.6},{"type":"A","date":"2018-04-11T03:55:53.000Z","volume":2000,"label":" ","price":4.6},{"type":"U","date":"2018-04-11T03:56:37.000Z","volume":1135,"label":"D","price":4.63},{"type":"B","date":"2018-04-11T03:59:15.000Z","volume":2000,"label":" ","price":4.59},{"type":"A","date":"2018-04-11T03:59:18.000Z","volume":2000,"label":" ","price":4.6},{"type":"B","date":"2018-04-11T05:00:04.000Z","volume":2000,"label":" ","price":4.59},{"type":"B","date":"2018-04-11T05:02:15.000Z","volume":2000,"label":" ","price":4.59},{"type":"A","date":"2018-04-11T05:02:18.000Z","volume":2000,"label":" ","price":4.6},{"type":"B","date":"2018-04-11T05:02:18.000Z","volume":2000,"label":" ","price":4.59},{"type":"B","date":"2018-04-11T05:07:15.000Z","volume":2000,"label":" ","price":4.59},{"type":"A","date":"2018-04-11T05:07:16.000Z","volume":2000,"label":" ","price":4.6},{"type":"A","date":"2018-04-11T05:07:16.000Z","volume":2000,"label":" ","price":4.6},{"type":"B","date":"2018-04-11T05:12:45.000Z","volume":2000,"label":" ","price":4.59},{"type":"A","date":"2018-04-11T05:12:47.000Z","volume":2000,"label":" ","price":4.6},{"type":"B","date":"2018-04-11T05:15:17.000Z","volume":2000,"label":" ","price":4.59},{"type":"B","date":"2018-04-11T05:17:15.000Z","volume":2000,"label":" ","price":4.59},{"type":"A","date":"2018-04-11T05:17:16.000Z","volume":2000,"label":" ","price":4.6},{"type":"A","date":"2018-04-11T05:17:17.000Z","volume":2000,"label":" ","price":4.6},{"type":"B","date":"2018-04-11T05:18:19.000Z","volume":2000,"label":" ","price":4.59},{"type":"A","date":"2018-04-11T05:18:21.000Z","volume":2000,"label":" ","price":4.6},{"type":"A","date":"2018-04-11T05:18:22.000Z","volume":2000,"label":" ","price":4.6},{"type":"B","date":"2018-04-11T05:18:43.000Z","volume":20000,"label":" ","price":4.59},{"type":"A","date":"2018-04-11T05:18:44.000Z","volume":4000,"label":" ","price":4.6},{"type":"A","date":"2018-04-11T05:18:44.000Z","volume":6000,"label":" ","price":4.6},{"type":"A","date":"2018-04-11T05:18:47.000Z","volume":2000,"label":"Y","price":4.6},{"type":"A","date":"2018-04-11T05:18:47.000Z","volume":14000,"label":" ","price":4.6},{"type":"A","date":"2018-04-11T05:18:49.000Z","volume":4000,"label":" ","price":4.6},{"type":"A","date":"2018-04-11T05:18:52.000Z","volume":2000,"label":" ","price":4.6},{"type":"B","date":"2018-04-11T05:32:47.000Z","volume":2000,"label":" ","price":4.59},{"type":"A","date":"2018-04-11T05:32:48.000Z","volume":2000,"label":" ","price":4.6},{"type":"A","date":"2018-04-11T05:32:50.000Z","volume":2000,"label":" ","price":4.6},{"type":"B","date":"2018-04-11T05:36:11.000Z","volume":2000,"label":" ","price":4.59},{"type":"B","date":"2018-04-11T05:39:41.000Z","volume":2000,"label":" ","price":4.59},{"type":"A","date":"2018-04-11T05:39:42.000Z","volume":2000,"label":" ","price":4.6},{"type":"B","date":"2018-04-11T05:41:15.000Z","volume":2000,"label":" ","price":4.59},{"type":"B","date":"2018-04-11T05:42:41.000Z","volume":2000,"label":" ","price":4.59},{"type":"A","date":"2018-04-11T05:42:42.000Z","volume":2000,"label":" ","price":4.6},{"type":"B","date":"2018-04-11T05:45:40.000Z","volume":2000,"label":" ","price":4.59},{"type":"B","date":"2018-04-11T05:45:41.000Z","volume":2000,"label":" ","price":4.59},{"type":"A","date":"2018-04-11T05:45:44.000Z","volume":2000,"label":" ","price":4.6},{"type":"B","date":"2018-04-11T05:46:47.000Z","volume":2000,"label":" ","price":4.59},{"type":"B","date":"2018-04-11T05:47:21.000Z","volume":2000,"label":" ","price":4.59},{"type":"A","date":"2018-04-11T05:47:22.000Z","volume":2000,"label":" ","price":4.6},{"type":"B","date":"2018-04-11T05:49:11.000Z","volume":2000,"label":" ","price":4.59},{"type":"B","date":"2018-04-11T05:52:12.000Z","volume":2000,"label":" ","price":4.59},{"type":"A","date":"2018-04-11T05:52:13.000Z","volume":2000,"label":" ","price":4.6},{"type":"U","date":"2018-04-11T05:52:14.000Z","volume":2000,"label":"X","price":4.595},{"type":"B","date":"2018-04-11T05:52:18.000Z","volume":2000,"label":" ","price":4.59},{"type":"B","date":"2018-04-11T05:53:29.000Z","volume":2000,"label":" ","price":4.59},{"type":"B","date":"2018-04-11T05:55:24.000Z","volume":2000,"label":" ","price":4.59},{"type":"B","date":"2018-04-11T05:55:26.000Z","volume":2000,"label":"Y","price":4.59},{"type":"B","date":"2018-04-11T05:57:40.000Z","volume":2000,"label":" ","price":4.59},{"type":"A","date":"2018-04-11T05:57:42.000Z","volume":4000,"label":" ","price":4.6},{"type":"B","date":"2018-04-11T05:58:11.000Z","volume":2000,"label":" ","price":4.59},{"type":"B","date":"2018-04-11T05:59:15.000Z","volume":2000,"label":" ","price":4.59},{"type":"B","date":"2018-04-11T05:59:39.000Z","volume":4000,"label":" ","price":4.59},{"type":"B","date":"2018-04-11T05:59:40.000Z","volume":2000,"label":" ","price":4.59},{"type":"B","date":"2018-04-11T06:00:38.000Z","volume":6000,"label":" ","price":4.59},{"type":"B","date":"2018-04-11T06:03:11.000Z","volume":2000,"label":" ","price":4.59},{"type":"B","date":"2018-04-11T06:04:17.000Z","volume":2000,"label":" ","price":4.59},{"type":"B","date":"2018-04-11T06:05:19.000Z","volume":2000,"label":" ","price":4.59},{"type":"B","date":"2018-04-11T06:05:28.000Z","volume":2000,"label":" ","price":4.59},{"type":"B","date":"2018-04-11T06:06:46.000Z","volume":2000,"label":" ","price":4.59},{"type":"B","date":"2018-04-11T06:06:46.000Z","volume":14000,"label":" ","price":4.59},{"type":"A","date":"2018-04-11T06:06:47.000Z","volume":4000,"label":" ","price":4.6},{"type":"B","date":"2018-04-11T06:06:50.000Z","volume":2000,"label":" ","price":4.59},{"type":"B","date":"2018-04-11T06:06:50.000Z","volume":98000,"label":" ","price":4.59},{"type":"A","date":"2018-04-11T06:06:50.000Z","volume":2000,"label":" ","price":4.6},{"type":"B","date":"2018-04-11T06:06:52.000Z","volume":4000,"label":"Y","price":4.59},{"type":"B","date":"2018-04-11T06:06:52.000Z","volume":4000,"label":" ","price":4.59},{"type":"B","date":"2018-04-11T06:06:53.000Z","volume":2000,"label":" ","price":4.59},{"type":"B","date":"2018-04-11T06:06:53.000Z","volume":16000,"label":" ","price":4.59},{"type":"A","date":"2018-04-11T06:06:54.000Z","volume":4000,"label":" ","price":4.6},{"type":"A","date":"2018-04-11T06:06:54.000Z","volume":4000,"label":" ","price":4.6},{"type":"A","date":"2018-04-11T06:06:54.000Z","volume":2000,"label":" ","price":4.6},{"type":"A","date":"2018-04-11T06:06:56.000Z","volume":2000,"label":" ","price":4.6},{"type":"A","date":"2018-04-11T06:06:57.000Z","volume":2000,"label":"Y","price":4.6},{"type":"A","date":"2018-04-11T06:07:01.000Z","volume":22000,"label":" ","price":4.6},{"type":"A","date":"2018-04-11T06:07:02.000Z","volume":10000,"label":" ","price":4.6},{"type":"A","date":"2018-04-11T06:07:02.000Z","volume":2000,"label":" ","price":4.6},{"type":"A","date":"2018-04-11T06:07:02.000Z","volume":6000,"label":"Y","price":4.6},{"type":"A","date":"2018-04-11T06:07:03.000Z","volume":2000,"label":" ","price":4.6},{"type":"A","date":"2018-04-11T06:07:03.000Z","volume":10000,"label":" ","price":4.6},{"type":"A","date":"2018-04-11T06:07:04.000Z","volume":4000,"label":" ","price":4.6},{"type":"A","date":"2018-04-11T06:07:06.000Z","volume":4000,"label":" ","price":4.6},{"type":"A","date":"2018-04-11T06:07:07.000Z","volume":2000,"label":" ","price":4.6},{"type":"A","date":"2018-04-11T06:07:08.000Z","volume":2000,"label":" ","price":4.6},{"type":"A","date":"2018-04-11T06:07:09.000Z","volume":2000,"label":" ","price":4.6},{"type":"A","date":"2018-04-11T06:07:09.000Z","volume":12000,"label":" ","price":4.6},{"type":"A","date":"2018-04-11T06:07:10.000Z","volume":2000,"label":"Y","price":4.61},{"type":"A","date":"2018-04-11T06:07:10.000Z","volume":2000,"label":" ","price":4.61},{"type":"B","date":"2018-04-11T06:07:45.000Z","volume":24000,"label":" ","price":4.6},{"type":"B","date":"2018-04-11T06:07:45.000Z","volume":2000,"label":" ","price":4.6},{"type":"A","date":"2018-04-11T06:07:47.000Z","volume":8000,"label":" ","price":4.61},{"type":"B","date":"2018-04-11T06:08:47.000Z","volume":4000,"label":" ","price":4.6},{"type":"A","date":"2018-04-11T06:08:50.000Z","volume":2000,"label":" ","price":4.61},{"type":"B","date":"2018-04-11T06:10:42.000Z","volume":4000,"label":" ","price":4.6},{"type":"A","date":"2018-04-11T06:10:45.000Z","volume":2000,"label":" ","price":4.61},{"type":"B","date":"2018-04-11T06:11:47.000Z","volume":16000,"label":" ","price":4.6},{"type":"A","date":"2018-04-11T06:11:48.000Z","volume":4000,"label":" ","price":4.61},{"type":"A","date":"2018-04-11T06:13:34.000Z","volume":6000,"label":" ","price":4.61},{"type":"A","date":"2018-04-11T06:13:36.000Z","volume":4000,"label":" ","price":4.61},{"type":"B","date":"2018-04-11T06:18:02.000Z","volume":2000,"label":" ","price":4.6},{"type":"B","date":"2018-04-11T06:21:36.000Z","volume":2000,"label":" ","price":4.6},{"type":"B","date":"2018-04-11T06:22:00.000Z","volume":2000,"label":" ","price":4.6},{"type":"B","date":"2018-04-11T06:23:15.000Z","volume":2000,"label":" ","price":4.6},{"type":"B","date":"2018-04-11T06:23:16.000Z","volume":2000,"label":"Y","price":4.6},{"type":"B","date":"2018-04-11T06:26:15.000Z","volume":10000,"label":" ","price":4.6},{"type":"B","date":"2018-04-11T06:26:15.000Z","volume":6000,"label":" ","price":4.6},{"type":"B","date":"2018-04-11T06:26:37.000Z","volume":4000,"label":" ","price":4.6},{"type":"B","date":"2018-04-11T06:27:42.000Z","volume":10000,"label":" ","price":4.6},{"type":"B","date":"2018-04-11T06:27:42.000Z","volume":28000,"label":" ","price":4.6},{"type":"B","date":"2018-04-11T06:27:44.000Z","volume":4000,"label":" ","price":4.6},{"type":"B","date":"2018-04-11T06:27:44.000Z","volume":2000,"label":" ","price":4.6},{"type":"B","date":"2018-04-11T06:37:46.000Z","volume":2000,"label":" ","price":4.59},{"type":"B","date":"2018-04-11T06:38:32.000Z","volume":2000,"label":" ","price":4.59},{"type":"B","date":"2018-04-11T06:41:15.000Z","volume":2000,"label":" ","price":4.59},{"type":"B","date":"2018-04-11T06:50:32.000Z","volume":2000,"label":" ","price":4.59},{"type":"B","date":"2018-04-11T06:52:18.000Z","volume":2000,"label":" ","price":4.59},{"type":"B","date":"2018-04-11T06:53:54.000Z","volume":2000,"label":" ","price":4.59},{"type":"A","date":"2018-04-11T06:56:19.000Z","volume":10000,"label":" ","price":4.6},{"type":"B","date":"2018-04-11T06:56:19.000Z","volume":2000,"label":" ","price":4.59},{"type":"B","date":"2018-04-11T06:57:06.000Z","volume":2000,"label":" ","price":4.59},{"type":"B","date":"2018-04-11T06:57:15.000Z","volume":4000,"label":" ","price":4.59},{"type":"B","date":"2018-04-11T06:58:43.000Z","volume":2000,"label":"Y","price":4.59},{"type":"B","date":"2018-04-11T06:59:35.000Z","volume":2000,"label":" ","price":4.59},{"type":"B","date":"2018-04-11T07:02:04.000Z","volume":2000,"label":" ","price":4.59},{"type":"B","date":"2018-04-11T07:05:15.000Z","volume":2000,"label":" ","price":4.59},{"type":"U","date":"2018-04-11T07:05:16.000Z","volume":2000,"label":"X","price":4.595},{"type":"B","date":"2018-04-11T07:05:16.000Z","volume":4000,"label":" ","price":4.59},{"type":"A","date":"2018-04-11T07:05:18.000Z","volume":2000,"label":" ","price":4.6},{"type":"U","date":"2018-04-11T07:05:39.000Z","volume":2000,"label":"X","price":4.59},{"type":"U","date":"2018-04-11T07:05:39.000Z","volume":4000,"label":"X","price":4.59},{"type":"B","date":"2018-04-11T07:05:39.000Z","volume":14000,"label":" ","price":4.59},{"type":"U","date":"2018-04-11T07:05:39.000Z","volume":4000,"label":"X","price":4.59},{"type":"B","date":"2018-04-11T07:05:40.000Z","volume":2000,"label":" ","price":4.59},{"type":"B","date":"2018-04-11T07:05:40.000Z","volume":2000,"label":"Y","price":4.59},{"type":"B","date":"2018-04-11T07:05:40.000Z","volume":6000,"label":" ","price":4.59},{"type":"A","date":"2018-04-11T07:05:40.000Z","volume":4000,"label":" ","price":4.6},{"type":"A","date":"2018-04-11T07:05:41.000Z","volume":6000,"label":" ","price":4.6},{"type":"A","date":"2018-04-11T07:05:43.000Z","volume":2000,"label":" ","price":4.6},{"type":"B","date":"2018-04-11T07:06:22.000Z","volume":4000,"label":" ","price":4.59},{"type":"A","date":"2018-04-11T07:06:23.000Z","volume":2000,"label":" ","price":4.6},{"type":"B","date":"2018-04-11T07:07:34.000Z","volume":2000,"label":" ","price":4.59},{"type":"A","date":"2018-04-11T07:07:36.000Z","volume":2000,"label":" ","price":4.6},{"type":"B","date":"2018-04-11T07:09:36.000Z","volume":2000,"label":" ","price":4.59},{"type":"A","date":"2018-04-11T07:15:07.000Z","volume":2000,"label":" ","price":4.6},{"type":"A","date":"2018-04-11T07:15:09.000Z","volume":2000,"label":" ","price":4.6},{"type":"A","date":"2018-04-11T07:15:10.000Z","volume":2000,"label":" ","price":4.6},{"type":"A","date":"2018-04-11T07:17:45.000Z","volume":2000,"label":" ","price":4.6},{"type":"A","date":"2018-04-11T07:17:46.000Z","volume":2000,"label":" ","price":4.6},{"type":"A","date":"2018-04-11T07:18:19.000Z","volume":6000,"label":" ","price":4.6},{"type":"A","date":"2018-04-11T07:18:19.000Z","volume":2000,"label":" ","price":4.6},{"type":"A","date":"2018-04-11T07:18:22.000Z","volume":4000,"label":" ","price":4.6},{"type":"B","date":"2018-04-11T07:22:21.000Z","volume":2000,"label":" ","price":4.59},{"type":"B","date":"2018-04-11T07:23:04.000Z","volume":2000,"label":" ","price":4.59},{"type":"A","date":"2018-04-11T07:23:07.000Z","volume":2000,"label":" ","price":4.6},{"type":"A","date":"2018-04-11T07:23:08.000Z","volume":2000,"label":" ","price":4.6},{"type":"B","date":"2018-04-11T07:23:15.000Z","volume":2000,"label":" ","price":4.59},{"type":"A","date":"2018-04-11T07:23:18.000Z","volume":2000,"label":" ","price":4.6},{"type":"A","date":"2018-04-11T07:24:00.000Z","volume":2000,"label":" ","price":4.6},{"type":"A","date":"2018-04-11T07:24:26.000Z","volume":2000,"label":"Y","price":4.6},{"type":"A","date":"2018-04-11T07:24:26.000Z","volume":98000,"label":" ","price":4.6},{"type":"A","date":"2018-04-11T07:24:26.000Z","volume":4000,"label":"Y","price":4.6},{"type":"A","date":"2018-04-11T07:24:26.000Z","volume":46000,"label":" ","price":4.6},{"type":"A","date":"2018-04-11T07:24:28.000Z","volume":4000,"label":"Y","price":4.6},{"type":"A","date":"2018-04-11T07:24:28.000Z","volume":10000,"label":" ","price":4.6},{"type":"A","date":"2018-04-11T07:24:29.000Z","volume":4000,"label":"Y","price":4.61},{"type":"A","date":"2018-04-11T07:24:29.000Z","volume":2000,"label":" ","price":4.61},{"type":"A","date":"2018-04-11T07:24:29.000Z","volume":6000,"label":" ","price":4.61},{"type":"A","date":"2018-04-11T07:24:30.000Z","volume":4000,"label":" ","price":4.61},{"type":"A","date":"2018-04-11T07:24:57.000Z","volume":4000,"label":" ","price":4.61},{"type":"A","date":"2018-04-11T07:25:00.000Z","volume":2000,"label":" ","price":4.61},{"type":"B","date":"2018-04-11T07:31:53.000Z","volume":2000,"label":" ","price":4.6},{"type":"B","date":"2018-04-11T07:34:06.000Z","volume":2000,"label":" ","price":4.6},{"type":"B","date":"2018-04-11T07:34:13.000Z","volume":2000,"label":" ","price":4.6},{"type":"B","date":"2018-04-11T07:34:50.000Z","volume":38000,"label":" ","price":4.6},{"type":"A","date":"2018-04-11T07:34:52.000Z","volume":12000,"label":" ","price":4.61},{"type":"U","date":"2018-04-11T07:35:13.000Z","volume":2000,"label":"X","price":4.6},{"type":"B","date":"2018-04-11T07:35:49.000Z","volume":12000,"label":" ","price":4.6},{"type":"A","date":"2018-04-11T07:35:50.000Z","volume":6000,"label":" ","price":4.61},{"type":"B","date":"2018-04-11T07:36:13.000Z","volume":2000,"label":" ","price":4.6},{"type":"A","date":"2018-04-11T07:36:16.000Z","volume":2000,"label":" ","price":4.61},{"type":"B","date":"2018-04-11T07:36:47.000Z","volume":12000,"label":" ","price":4.6},{"type":"A","date":"2018-04-11T07:36:48.000Z","volume":6000,"label":" ","price":4.61},{"type":"B","date":"2018-04-11T07:37:19.000Z","volume":2000,"label":" ","price":4.6},{"type":"B","date":"2018-04-11T07:37:43.000Z","volume":2000,"label":" ","price":4.6},{"type":"A","date":"2018-04-11T07:37:45.000Z","volume":2000,"label":" ","price":4.61},{"type":"B","date":"2018-04-11T07:37:46.000Z","volume":2000,"label":" ","price":4.6},{"type":"B","date":"2018-04-11T07:38:37.000Z","volume":2000,"label":" ","price":4.6},{"type":"A","date":"2018-04-11T07:38:41.000Z","volume":2000,"label":" ","price":4.61},{"type":"B","date":"2018-04-11T07:38:49.000Z","volume":10000,"label":" ","price":4.6},{"type":"A","date":"2018-04-11T07:38:49.000Z","volume":4000,"label":" ","price":4.61},{"type":"B","date":"2018-04-11T07:39:14.000Z","volume":2000,"label":" ","price":4.6},{"type":"A","date":"2018-04-11T07:39:14.000Z","volume":2000,"label":" ","price":4.61},{"type":"B","date":"2018-04-11T07:39:44.000Z","volume":2000,"label":" ","price":4.6},{"type":"B","date":"2018-04-11T07:39:52.000Z","volume":28000,"label":" ","price":4.6},{"type":"B","date":"2018-04-11T07:39:52.000Z","volume":2000,"label":"Y","price":4.6},{"type":"U","date":"2018-04-11T07:39:54.000Z","volume":8000,"label":"X","price":4.605},{"type":"B","date":"2018-04-11T07:39:56.000Z","volume":6000,"label":"Y","price":4.6},{"type":"B","date":"2018-04-11T07:39:56.000Z","volume":12000,"label":" ","price":4.6},{"type":"B","date":"2018-04-11T07:40:48.000Z","volume":16000,"label":" ","price":4.6},{"type":"B","date":"2018-04-11T07:40:48.000Z","volume":2000,"label":" ","price":4.59},{"type":"B","date":"2018-04-11T07:41:02.000Z","volume":2000,"label":" ","price":4.59},{"type":"A","date":"2018-04-11T07:43:10.000Z","volume":2000,"label":" ","price":4.6},{"type":"B","date":"2018-04-11T07:44:44.000Z","volume":2000,"label":" ","price":4.59},{"type":"U","date":"2018-04-11T07:44:46.000Z","volume":4000,"label":"X","price":4.595},{"type":"B","date":"2018-04-11T07:44:48.000Z","volume":2000,"label":" ","price":4.59},{"type":"B","date":"2018-04-11T07:47:14.000Z","volume":2000,"label":" ","price":4.59},{"type":"B","date":"2018-04-11T07:47:15.000Z","volume":2000,"label":" ","price":4.59},{"type":"B","date":"2018-04-11T07:47:15.000Z","volume":2000,"label":" ","price":4.59},{"type":"B","date":"2018-04-11T07:48:14.000Z","volume":2000,"label":" ","price":4.59},{"type":"B","date":"2018-04-11T07:48:23.000Z","volume":2000,"label":" ","price":4.59},{"type":"B","date":"2018-04-11T07:49:34.000Z","volume":2000,"label":" ","price":4.59},{"type":"B","date":"2018-04-11T07:51:56.000Z","volume":2000,"label":" ","price":4.59},{"type":"B","date":"2018-04-11T07:51:59.000Z","volume":2000,"label":" ","price":4.59},{"type":"B","date":"2018-04-11T07:52:00.000Z","volume":2000,"label":" ","price":4.59},{"type":"B","date":"2018-04-11T07:52:03.000Z","volume":2000,"label":" ","price":4.59},{"type":"B","date":"2018-04-11T07:53:00.000Z","volume":2000,"label":" ","price":4.59},{"type":"B","date":"2018-04-11T07:53:52.000Z","volume":2000,"label":" ","price":4.59},{"type":"B","date":"2018-04-11T07:54:46.000Z","volume":2000,"label":" ","price":4.59},{"type":"B","date":"2018-04-11T07:55:20.000Z","volume":2000,"label":" ","price":4.59},{"type":"B","date":"2018-04-11T07:55:32.000Z","volume":2000,"label":" ","price":4.59},{"type":"B","date":"2018-04-11T07:57:18.000Z","volume":2000,"label":" ","price":4.59},{"type":"B","date":"2018-04-11T07:57:22.000Z","volume":2000,"label":" ","price":4.59},{"type":"B","date":"2018-04-11T07:57:23.000Z","volume":2000,"label":" ","price":4.59},{"type":"B","date":"2018-04-11T07:58:03.000Z","volume":2000,"label":" ","price":4.59},{"type":"B","date":"2018-04-11T07:58:16.000Z","volume":2000,"label":" ","price":4.59},{"type":"A","date":"2018-04-11T07:59:02.000Z","volume":2000,"label":" ","price":4.6},{"type":"A","date":"2018-04-11T07:59:02.000Z","volume":8000,"label":" ","price":4.6},{"type":"B","date":"2018-04-11T07:59:02.000Z","volume":2000,"label":" ","price":4.59},{"type":"A","date":"2018-04-11T07:59:04.000Z","volume":2000,"label":" ","price":4.6},{"type":"B","date":"2018-04-11T07:59:40.000Z","volume":2000,"label":" ","price":4.59},{"type":"B","date":"2018-04-11T07:59:50.000Z","volume":2000,"label":"Y","price":4.59},{"type":"B","date":"2018-04-11T07:59:51.000Z","volume":2000,"label":" ","price":4.59},{"type":"U","date":"2018-04-11T08:08:14.000Z","volume":60000,"label":"U","price":4.61}]