[{"type":"B","date":"2018-03-27T01:30:59.000Z","volume":18000,"label":" ","price":1.24},{"type":"B","date":"2018-03-27T01:30:59.000Z","volume":2000,"label":" ","price":1.23},{"type":"B","date":"2018-03-27T01:48:49.000Z","volume":12000,"label":" ","price":1.23},{"type":"B","date":"2018-03-27T01:48:49.000Z","volume":8000,"label":" ","price":1.23},{"type":"A","date":"2018-03-27T02:10:41.000Z","volume":400,"label":" ","price":1.25},{"type":"B","date":"2018-03-27T02:14:50.000Z","volume":50000,"label":" ","price":1.22},{"type":"B","date":"2018-03-27T02:15:50.000Z","volume":7600,"label":" ","price":1.21},{"type":"B","date":"2018-03-27T02:18:27.000Z","volume":41200,"label":" ","price":1.2},{"type":"A","date":"2018-03-27T02:18:32.000Z","volume":1200,"label":" ","price":1.2},{"type":"A","date":"2018-03-27T02:19:15.000Z","volume":3600,"label":" ","price":1.21},{"type":"B","date":"2018-03-27T02:29:04.000Z","volume":8000,"label":" ","price":1.22},{"type":"A","date":"2018-03-27T02:33:42.000Z","volume":400,"label":" ","price":1.23},{"type":"A","date":"2018-03-27T02:34:01.000Z","volume":1600,"label":" ","price":1.23},{"type":"A","date":"2018-03-27T02:43:12.000Z","volume":400,"label":" ","price":1.25},{"type":"A","date":"2018-03-27T02:50:43.000Z","volume":400,"label":" ","price":1.25},{"type":"A","date":"2018-03-27T03:00:43.000Z","volume":400,"label":" ","price":1.25},{"type":"A","date":"2018-03-27T03:10:43.000Z","volume":400,"label":" ","price":1.25},{"type":"A","date":"2018-03-27T03:20:44.000Z","volume":400,"label":" ","price":1.25},{"type":"A","date":"2018-03-27T03:30:44.000Z","volume":400,"label":" ","price":1.25},{"type":"B","date":"2018-03-27T03:59:30.000Z","volume":8400,"label":" ","price":1.23},{"type":"B","date":"2018-03-27T03:59:30.000Z","volume":26000,"label":" ","price":1.22},{"type":"B","date":"2018-03-27T03:59:30.000Z","volume":35600,"label":" ","price":1.21},{"type":"A","date":"2018-03-27T05:00:47.000Z","volume":400,"label":" ","price":1.23},{"type":"A","date":"2018-03-27T05:40:01.000Z","volume":400,"label":" ","price":1.23},{"type":"A","date":"2018-03-27T05:40:16.000Z","volume":800,"label":" ","price":1.23},{"type":"A","date":"2018-03-27T05:40:33.000Z","volume":800,"label":" ","price":1.23},{"type":"A","date":"2018-03-27T05:40:52.000Z","volume":1200,"label":" ","price":1.23},{"type":"A","date":"2018-03-27T05:41:05.000Z","volume":800,"label":" ","price":1.23},{"type":"A","date":"2018-03-27T05:41:19.000Z","volume":1200,"label":" ","price":1.23},{"type":"A","date":"2018-03-27T05:41:35.000Z","volume":800,"label":" ","price":1.23},{"type":"A","date":"2018-03-27T05:41:47.000Z","volume":800,"label":" ","price":1.23},{"type":"A","date":"2018-03-27T05:41:55.000Z","volume":800,"label":" ","price":1.23},{"type":"B","date":"2018-03-27T06:33:38.000Z","volume":800,"label":" ","price":1.22},{"type":"A","date":"2018-03-27T06:40:01.000Z","volume":1200,"label":" ","price":1.23},{"type":"B","date":"2018-03-27T07:25:17.000Z","volume":13200,"label":" ","price":1.22},{"type":"B","date":"2018-03-27T07:25:17.000Z","volume":62800,"label":" ","price":1.21},{"type":"A","date":"2018-03-27T07:28:39.000Z","volume":27600,"label":" ","price":1.21},{"type":"B","date":"2018-03-27T07:34:09.000Z","volume":73600,"label":" ","price":1.21},{"type":"B","date":"2018-03-27T07:35:49.000Z","volume":10000,"label":" ","price":1.2},{"type":"A","date":"2018-03-27T07:36:46.000Z","volume":16000,"label":" ","price":1.21},{"type":"B","date":"2018-03-27T07:56:19.000Z","volume":71600,"label":" ","price":1.2},{"type":"A","date":"2018-03-27T07:56:57.000Z","volume":50000,"label":" ","price":1.21}]