[{"type":"B","date":"2018-04-16T01:31:15.000Z","volume":20000,"label":" ","price":0.192},{"type":"A","date":"2018-04-16T01:32:30.000Z","volume":52000,"label":" ","price":0.192},{"type":"B","date":"2018-04-16T01:33:28.000Z","volume":48000,"label":" ","price":0.192},{"type":"A","date":"2018-04-16T01:36:07.000Z","volume":56000,"label":" ","price":0.192},{"type":"B","date":"2018-04-16T01:38:17.000Z","volume":60000,"label":" ","price":0.19},{"type":"B","date":"2018-04-16T01:39:32.000Z","volume":72000,"label":" ","price":0.19},{"type":"B","date":"2018-04-16T01:39:55.000Z","volume":200000,"label":" ","price":0.19},{"type":"B","date":"2018-04-16T01:41:02.000Z","volume":32000,"label":" ","price":0.19},{"type":"B","date":"2018-04-16T01:41:17.000Z","volume":356000,"label":" ","price":0.19},{"type":"B","date":"2018-04-16T01:41:18.000Z","volume":84000,"label":" ","price":0.19},{"type":"B","date":"2018-04-16T01:41:49.000Z","volume":120000,"label":" ","price":0.19},{"type":"B","date":"2018-04-16T01:47:35.000Z","volume":12000,"label":" ","price":0.189},{"type":"B","date":"2018-04-16T01:47:35.000Z","volume":388000,"label":" ","price":0.188},{"type":"A","date":"2018-04-16T01:48:26.000Z","volume":40000,"label":" ","price":0.19},{"type":"A","date":"2018-04-16T01:48:50.000Z","volume":20000,"label":" ","price":0.19},{"type":"A","date":"2018-04-16T01:50:41.000Z","volume":268000,"label":" ","price":0.19},{"type":"A","date":"2018-04-16T01:50:41.000Z","volume":108000,"label":" ","price":0.191},{"type":"A","date":"2018-04-16T01:50:55.000Z","volume":200000,"label":" ","price":0.19},{"type":"A","date":"2018-04-16T01:50:55.000Z","volume":120000,"label":" ","price":0.192},{"type":"A","date":"2018-04-16T01:50:55.000Z","volume":100000,"label":" ","price":0.193},{"type":"A","date":"2018-04-16T01:51:26.000Z","volume":4000,"label":" ","price":0.194},{"type":"A","date":"2018-04-16T01:51:26.000Z","volume":8000,"label":" ","price":0.195},{"type":"A","date":"2018-04-16T01:56:37.000Z","volume":292000,"label":" ","price":0.195},{"type":"B","date":"2018-04-16T01:58:06.000Z","volume":12000,"label":" ","price":0.195},{"type":"B","date":"2018-04-16T01:58:06.000Z","volume":196000,"label":" ","price":0.195},{"type":"A","date":"2018-04-16T02:15:00.000Z","volume":20000,"label":" ","price":0.195},{"type":"B","date":"2018-04-16T02:15:00.000Z","volume":32000,"label":" ","price":0.195},{"type":"B","date":"2018-04-16T02:26:56.000Z","volume":100000,"label":" ","price":0.191},{"type":"B","date":"2018-04-16T02:26:56.000Z","volume":380000,"label":" ","price":0.19},{"type":"B","date":"2018-04-16T02:35:41.000Z","volume":96000,"label":" ","price":0.19},{"type":"A","date":"2018-04-16T02:35:41.000Z","volume":100000,"label":" ","price":0.19},{"type":"A","date":"2018-04-16T02:35:56.000Z","volume":100000,"label":" ","price":0.19},{"type":"A","date":"2018-04-16T02:35:56.000Z","volume":16000,"label":" ","price":0.19},{"type":"A","date":"2018-04-16T02:36:10.000Z","volume":160000,"label":" ","price":0.19},{"type":"B","date":"2018-04-16T02:52:44.000Z","volume":60000,"label":" ","price":0.19},{"type":"B","date":"2018-04-16T02:53:38.000Z","volume":40000,"label":" ","price":0.19},{"type":"A","date":"2018-04-16T02:58:11.000Z","volume":40000,"label":" ","price":0.192},{"type":"B","date":"2018-04-16T02:58:11.000Z","volume":100000,"label":" ","price":0.192},{"type":"A","date":"2018-04-16T02:58:11.000Z","volume":20000,"label":" ","price":0.193},{"type":"B","date":"2018-04-16T02:58:21.000Z","volume":128000,"label":" ","price":0.192},{"type":"B","date":"2018-04-16T02:59:39.000Z","volume":28000,"label":" ","price":0.19},{"type":"B","date":"2018-04-16T03:00:23.000Z","volume":200000,"label":" ","price":0.19},{"type":"A","date":"2018-04-16T03:00:23.000Z","volume":4000,"label":" ","price":0.192},{"type":"B","date":"2018-04-16T03:02:53.000Z","volume":300000,"label":" ","price":0.19},{"type":"B","date":"2018-04-16T03:02:53.000Z","volume":16000,"label":" ","price":0.19},{"type":"A","date":"2018-04-16T03:02:54.000Z","volume":28000,"label":" ","price":0.191},{"type":"A","date":"2018-04-16T03:02:54.000Z","volume":172000,"label":" ","price":0.192},{"type":"B","date":"2018-04-16T03:06:56.000Z","volume":52000,"label":" ","price":0.19},{"type":"A","date":"2018-04-16T03:08:13.000Z","volume":28000,"label":" ","price":0.19},{"type":"A","date":"2018-04-16T03:16:50.000Z","volume":16000,"label":" ","price":0.19},{"type":"B","date":"2018-04-16T03:18:50.000Z","volume":100000,"label":" ","price":0.19},{"type":"B","date":"2018-04-16T03:19:38.000Z","volume":3400000,"label":" ","price":0.19},{"type":"B","date":"2018-04-16T03:19:38.000Z","volume":508000,"label":" ","price":0.19},{"type":"B","date":"2018-04-16T03:19:38.000Z","volume":4000,"label":" ","price":0.19},{"type":"B","date":"2018-04-16T03:20:13.000Z","volume":4000,"label":" ","price":0.19},{"type":"B","date":"2018-04-16T03:20:13.000Z","volume":300000,"label":" ","price":0.189},{"type":"A","date":"2018-04-16T03:20:13.000Z","volume":4000,"label":" ","price":0.19},{"type":"B","date":"2018-04-16T03:21:12.000Z","volume":876000,"label":" ","price":0.188},{"type":"A","date":"2018-04-16T03:21:52.000Z","volume":100000,"label":" ","price":0.188},{"type":"A","date":"2018-04-16T03:22:08.000Z","volume":100000,"label":" ","price":0.188},{"type":"A","date":"2018-04-16T03:22:09.000Z","volume":200000,"label":" ","price":0.188},{"type":"A","date":"2018-04-16T03:22:10.000Z","volume":100000,"label":" ","price":0.188},{"type":"A","date":"2018-04-16T03:23:51.000Z","volume":52000,"label":" ","price":0.188},{"type":"B","date":"2018-04-16T03:27:41.000Z","volume":76000,"label":" ","price":0.188},{"type":"B","date":"2018-04-16T03:31:27.000Z","volume":80000,"label":" ","price":0.188},{"type":"B","date":"2018-04-16T03:32:33.000Z","volume":120000,"label":" ","price":0.188},{"type":"B","date":"2018-04-16T03:32:33.000Z","volume":4000,"label":" ","price":0.188},{"type":"A","date":"2018-04-16T03:36:19.000Z","volume":72000,"label":" ","price":0.188},{"type":"A","date":"2018-04-16T03:38:00.000Z","volume":4000,"label":" ","price":0.189},{"type":"B","date":"2018-04-16T03:46:36.000Z","volume":4000,"label":" ","price":0.188},{"type":"B","date":"2018-04-16T03:46:39.000Z","volume":4000,"label":" ","price":0.188},{"type":"A","date":"2018-04-16T03:46:43.000Z","volume":4000,"label":" ","price":0.189},{"type":"A","date":"2018-04-16T03:46:58.000Z","volume":4000,"label":" ","price":0.189},{"type":"A","date":"2018-04-16T03:48:28.000Z","volume":60000,"label":" ","price":0.189},{"type":"A","date":"2018-04-16T03:52:33.000Z","volume":12000,"label":" ","price":0.19},{"type":"A","date":"2018-04-16T03:52:35.000Z","volume":12000,"label":" ","price":0.19},{"type":"B","date":"2018-04-16T03:55:26.000Z","volume":200000,"label":" ","price":0.189},{"type":"A","date":"2018-04-16T05:00:03.000Z","volume":40000,"label":" ","price":0.19},{"type":"A","date":"2018-04-16T05:02:40.000Z","volume":16000,"label":" ","price":0.19},{"type":"A","date":"2018-04-16T05:11:15.000Z","volume":8000,"label":" ","price":0.19},{"type":"B","date":"2018-04-16T05:12:05.000Z","volume":40000,"label":" ","price":0.189},{"type":"A","date":"2018-04-16T05:20:31.000Z","volume":40000,"label":" ","price":0.19},{"type":"A","date":"2018-04-16T05:21:41.000Z","volume":16000,"label":" ","price":0.19},{"type":"A","date":"2018-04-16T05:31:57.000Z","volume":16000,"label":" ","price":0.19},{"type":"A","date":"2018-04-16T05:41:59.000Z","volume":16000,"label":" ","price":0.19},{"type":"A","date":"2018-04-16T05:42:23.000Z","volume":436000,"label":" ","price":0.19},{"type":"B","date":"2018-04-16T05:50:51.000Z","volume":60000,"label":" ","price":0.19},{"type":"B","date":"2018-04-16T05:52:33.000Z","volume":16000,"label":" ","price":0.189},{"type":"A","date":"2018-04-16T06:09:39.000Z","volume":12000,"label":" ","price":0.19},{"type":"A","date":"2018-04-16T06:12:52.000Z","volume":52000,"label":" ","price":0.19},{"type":"A","date":"2018-04-16T06:18:53.000Z","volume":16000,"label":" ","price":0.191},{"type":"B","date":"2018-04-16T06:26:03.000Z","volume":204000,"label":" ","price":0.19},{"type":"A","date":"2018-04-16T06:32:49.000Z","volume":196000,"label":" ","price":0.19},{"type":"B","date":"2018-04-16T06:49:23.000Z","volume":100000,"label":" ","price":0.189},{"type":"A","date":"2018-04-16T06:49:25.000Z","volume":16000,"label":" ","price":0.19},{"type":"A","date":"2018-04-16T06:56:16.000Z","volume":212000,"label":" ","price":0.19},{"type":"A","date":"2018-04-16T06:56:16.000Z","volume":284000,"label":" ","price":0.191},{"type":"A","date":"2018-04-16T06:56:16.000Z","volume":596000,"label":" ","price":0.192},{"type":"A","date":"2018-04-16T06:56:16.000Z","volume":232000,"label":" ","price":0.193},{"type":"A","date":"2018-04-16T06:56:16.000Z","volume":1516000,"label":" ","price":0.194},{"type":"A","date":"2018-04-16T06:56:16.000Z","volume":1160000,"label":" ","price":0.195},{"type":"A","date":"2018-04-16T06:56:17.000Z","volume":24000,"label":" ","price":0.195},{"type":"A","date":"2018-04-16T06:58:31.000Z","volume":4000,"label":" ","price":0.195},{"type":"B","date":"2018-04-16T06:58:42.000Z","volume":200000,"label":" ","price":0.191},{"type":"A","date":"2018-04-16T07:01:14.000Z","volume":956000,"label":" ","price":0.195},{"type":"A","date":"2018-04-16T07:01:14.000Z","volume":120000,"label":"Y","price":0.196},{"type":"A","date":"2018-04-16T07:01:14.000Z","volume":156000,"label":" ","price":0.196},{"type":"A","date":"2018-04-16T07:01:14.000Z","volume":500000,"label":" ","price":0.197},{"type":"A","date":"2018-04-16T07:01:14.000Z","volume":928000,"label":" ","price":0.198},{"type":"A","date":"2018-04-16T07:01:14.000Z","volume":340000,"label":" ","price":0.198},{"type":"A","date":"2018-04-16T07:11:25.000Z","volume":64000,"label":" ","price":0.196},{"type":"A","date":"2018-04-16T07:11:25.000Z","volume":1032000,"label":" ","price":0.197},{"type":"A","date":"2018-04-16T07:11:25.000Z","volume":2544000,"label":" ","price":0.198},{"type":"A","date":"2018-04-16T07:11:25.000Z","volume":1360000,"label":" ","price":0.199},{"type":"B","date":"2018-04-16T07:11:39.000Z","volume":100000,"label":" ","price":0.195},{"type":"B","date":"2018-04-16T07:11:57.000Z","volume":12000,"label":" ","price":0.195},{"type":"B","date":"2018-04-16T07:12:08.000Z","volume":8000,"label":" ","price":0.195},{"type":"B","date":"2018-04-16T07:12:14.000Z","volume":4000,"label":" ","price":0.195},{"type":"A","date":"2018-04-16T07:14:27.000Z","volume":1000000,"label":"Y","price":0.195},{"type":"A","date":"2018-04-16T07:14:34.000Z","volume":40000,"label":" ","price":0.195},{"type":"B","date":"2018-04-16T07:20:05.000Z","volume":132000,"label":" ","price":0.194},{"type":"A","date":"2018-04-16T07:27:17.000Z","volume":120000,"label":" ","price":0.194},{"type":"B","date":"2018-04-16T07:30:19.000Z","volume":92000,"label":" ","price":0.193},{"type":"A","date":"2018-04-16T07:30:25.000Z","volume":116000,"label":" ","price":0.193},{"type":"B","date":"2018-04-16T07:37:23.000Z","volume":16000,"label":" ","price":0.194},{"type":"A","date":"2018-04-16T07:38:48.000Z","volume":240000,"label":" ","price":0.195},{"type":"B","date":"2018-04-16T07:38:57.000Z","volume":20000,"label":" ","price":0.195},{"type":"B","date":"2018-04-16T07:39:25.000Z","volume":44000,"label":" ","price":0.195},{"type":"A","date":"2018-04-16T07:41:18.000Z","volume":100000,"label":" ","price":0.196},{"type":"A","date":"2018-04-16T07:41:18.000Z","volume":8000,"label":" ","price":0.197},{"type":"A","date":"2018-04-16T07:42:00.000Z","volume":128000,"label":" ","price":0.197},{"type":"A","date":"2018-04-16T07:42:44.000Z","volume":100000,"label":" ","price":0.197},{"type":"A","date":"2018-04-16T07:43:28.000Z","volume":32000,"label":" ","price":0.197},{"type":"A","date":"2018-04-16T07:47:02.000Z","volume":100000,"label":" ","price":0.196},{"type":"A","date":"2018-04-16T07:49:23.000Z","volume":4000,"label":" ","price":0.197},{"type":"A","date":"2018-04-16T07:53:56.000Z","volume":40000,"label":" ","price":0.197},{"type":"A","date":"2018-04-16T07:54:25.000Z","volume":12000,"label":" ","price":0.197},{"type":"A","date":"2018-04-16T07:54:25.000Z","volume":4000,"label":" ","price":0.197},{"type":"B","date":"2018-04-16T07:56:16.000Z","volume":24000,"label":" ","price":0.195},{"type":"A","date":"2018-04-16T07:58:51.000Z","volume":4000,"label":" ","price":0.195},{"type":"A","date":"2018-04-16T07:59:32.000Z","volume":32000,"label":" ","price":0.195}]