[{"type":"A","date":"2018-03-13T03:39:27.000Z","volume":88000,"price":2.01,"category":"ubbull"},{"type":"A","date":"2018-03-13T01:44:23.000Z","volume":78000,"price":2.01,"category":"ubbull"},{"type":"A","date":"2018-03-13T01:44:15.000Z","volume":28000,"price":2.01,"category":"ubbull"},{"type":"A","date":"2018-03-13T01:42:35.000Z","volume":62000,"price":2.01,"category":"ubbull"},{"type":"A","date":"2018-03-13T03:26:56.000Z","volume":24000,"price":2.01,"category":"bbull"},{"type":"A","date":"2018-03-13T03:15:53.000Z","volume":10000,"price":2.01,"category":"bbull"},{"type":"A","date":"2018-03-13T02:27:05.000Z","volume":20000,"price":2.01,"category":"bbull"},{"type":"A","date":"2018-03-13T02:25:22.000Z","volume":10000,"price":2.01,"category":"bbull"},{"type":"A","date":"2018-03-13T02:23:38.000Z","volume":24000,"price":2.01,"category":"bbull"},{"type":"A","date":"2018-03-13T02:23:24.000Z","volume":20000,"price":2.01,"category":"bbull"},{"type":"A","date":"2018-03-13T02:20:13.000Z","volume":14000,"price":2.01,"category":"bbull"},{"type":"A","date":"2018-03-13T02:01:15.000Z","volume":26000,"price":2.02,"category":"bbull"},{"type":"A","date":"2018-03-13T01:44:28.000Z","volume":12000,"price":2.02,"category":"bbull"},{"type":"A","date":"2018-03-13T01:33:57.000Z","volume":10000,"price":2,"category":"bbull"},{"type":"A","date":"2018-03-13T02:36:10.000Z","volume":2000,"price":2.01,"category":"rbull"},{"type":"A","date":"2018-03-13T02:20:13.000Z","volume":2000,"price":2.01,"category":"rbull"},{"type":"A","date":"2018-03-13T02:19:27.000Z","volume":2000,"price":2.02,"category":"rbull"},{"type":"A","date":"2018-03-13T02:07:07.000Z","volume":2000,"price":2.02,"category":"rbull"},{"type":"A","date":"2018-03-13T02:01:15.000Z","volume":2000,"price":2.02,"category":"rbull"},{"type":"A","date":"2018-03-13T01:44:42.000Z","volume":2000,"price":2.02,"category":"rbull"},{"type":"A","date":"2018-03-13T01:44:37.000Z","volume":2000,"price":2.02,"category":"rbull"},{"type":"A","date":"2018-03-13T01:44:32.000Z","volume":2000,"price":2.02,"category":"rbull"},{"type":"A","date":"2018-03-13T01:44:23.000Z","volume":2000,"price":2.01,"category":"rbull"},{"type":"A","date":"2018-03-13T01:44:15.000Z","volume":2000,"price":2.01,"category":"rbull"},{"type":"A","date":"2018-03-13T01:43:07.000Z","volume":2000,"price":2.02,"category":"rbull"},{"type":"A","date":"2018-03-13T01:43:03.000Z","volume":2000,"price":2.02,"category":"rbull"},{"type":"A","date":"2018-03-13T01:42:42.000Z","volume":2000,"price":2.02,"category":"rbull"},{"type":"A","date":"2018-03-13T01:42:39.000Z","volume":2000,"price":2.02,"category":"rbull"},{"type":"A","date":"2018-03-13T01:42:36.000Z","volume":2000,"price":2.02,"category":"rbull"},{"type":"A","date":"2018-03-13T01:34:07.000Z","volume":2000,"price":2,"category":"rbull"},{"type":"A","date":"2018-03-13T01:33:58.000Z","volume":2000,"price":2,"category":"rbull"},{"type":"A","date":"2018-03-13T01:31:47.000Z","volume":2000,"price":2,"category":"rbull"},{"type":"A","date":"2018-03-13T01:31:43.000Z","volume":2000,"price":2,"category":"rbull"},{"type":"B","date":"2018-03-13T07:59:55.000Z","volume":2000,"price":2,"category":"rbear"},{"type":"B","date":"2018-03-13T07:59:46.000Z","volume":2000,"price":2,"category":"rbear"},{"type":"B","date":"2018-03-13T07:59:32.000Z","volume":2000,"price":2,"category":"rbear"},{"type":"B","date":"2018-03-13T07:59:30.000Z","volume":2000,"price":2,"category":"rbear"},{"type":"B","date":"2018-03-13T07:59:26.000Z","volume":2000,"price":2,"category":"rbear"},{"type":"B","date":"2018-03-13T07:59:09.000Z","volume":2000,"price":2,"category":"rbear"},{"type":"B","date":"2018-03-13T07:59:01.000Z","volume":2000,"price":2,"category":"rbear"},{"type":"B","date":"2018-03-13T07:58:39.000Z","volume":2000,"price":2,"category":"rbear"},{"type":"B","date":"2018-03-13T07:58:09.000Z","volume":2000,"price":2,"category":"rbear"},{"type":"B","date":"2018-03-13T07:57:39.000Z","volume":2000,"price":2,"category":"rbear"},{"type":"B","date":"2018-03-13T07:57:09.000Z","volume":2000,"price":2,"category":"rbear"},{"type":"B","date":"2018-03-13T07:56:09.000Z","volume":2000,"price":2,"category":"rbear"},{"type":"B","date":"2018-03-13T07:55:39.000Z","volume":2000,"price":2,"category":"rbear"},{"type":"B","date":"2018-03-13T07:54:39.000Z","volume":2000,"price":2,"category":"rbear"},{"type":"B","date":"2018-03-13T07:53:39.000Z","volume":2000,"price":2,"category":"rbear"},{"type":"B","date":"2018-03-13T07:53:09.000Z","volume":2000,"price":2,"category":"rbear"},{"type":"B","date":"2018-03-13T07:52:23.000Z","volume":2000,"price":2,"category":"rbear"},{"type":"B","date":"2018-03-13T07:52:09.000Z","volume":2000,"price":2,"category":"rbear"},{"type":"B","date":"2018-03-13T07:52:09.000Z","volume":2000,"price":2,"category":"rbear"},{"type":"B","date":"2018-03-13T07:51:39.000Z","volume":2000,"price":2,"category":"rbear"},{"type":"B","date":"2018-03-13T07:50:39.000Z","volume":2000,"price":2,"category":"rbear"},{"type":"B","date":"2018-03-13T07:49:39.000Z","volume":2000,"price":2,"category":"rbear"},{"type":"B","date":"2018-03-13T07:48:39.000Z","volume":2000,"price":2,"category":"rbear"},{"type":"B","date":"2018-03-13T07:47:39.000Z","volume":2000,"price":2,"category":"rbear"},{"type":"B","date":"2018-03-13T07:47:39.000Z","volume":2000,"price":2,"category":"rbear"},{"type":"B","date":"2018-03-13T07:45:39.000Z","volume":2000,"price":2,"category":"rbear"},{"type":"B","date":"2018-03-13T07:44:39.000Z","volume":2000,"price":2,"category":"rbear"},{"type":"B","date":"2018-03-13T07:43:49.000Z","volume":2000,"price":2,"category":"rbear"},{"type":"B","date":"2018-03-13T07:43:39.000Z","volume":2000,"price":2,"category":"rbear"},{"type":"B","date":"2018-03-13T07:41:39.000Z","volume":2000,"price":2,"category":"rbear"},{"type":"B","date":"2018-03-13T07:41:39.000Z","volume":2000,"price":2,"category":"rbear"},{"type":"B","date":"2018-03-13T07:41:29.000Z","volume":2000,"price":2,"category":"rbear"},{"type":"B","date":"2018-03-13T07:39:39.000Z","volume":2000,"price":2,"category":"rbear"},{"type":"B","date":"2018-03-13T07:38:39.000Z","volume":2000,"price":2,"category":"rbear"},{"type":"B","date":"2018-03-13T07:38:08.000Z","volume":2000,"price":2,"category":"rbear"},{"type":"B","date":"2018-03-13T07:36:08.000Z","volume":2000,"price":2,"category":"rbear"},{"type":"B","date":"2018-03-13T07:33:38.000Z","volume":2000,"price":2,"category":"rbear"},{"type":"B","date":"2018-03-13T07:31:38.000Z","volume":2000,"price":2,"category":"rbear"},{"type":"B","date":"2018-03-13T07:29:38.000Z","volume":2000,"price":2,"category":"rbear"},{"type":"B","date":"2018-03-13T07:29:38.000Z","volume":2000,"price":2,"category":"rbear"},{"type":"B","date":"2018-03-13T07:27:38.000Z","volume":2000,"price":2,"category":"rbear"},{"type":"B","date":"2018-03-13T07:25:49.000Z","volume":2000,"price":2,"category":"rbear"},{"type":"B","date":"2018-03-13T07:25:49.000Z","volume":2000,"price":2,"category":"rbear"},{"type":"B","date":"2018-03-13T07:25:08.000Z","volume":2000,"price":2,"category":"rbear"},{"type":"B","date":"2018-03-13T07:23:08.000Z","volume":2000,"price":2,"category":"rbear"},{"type":"B","date":"2018-03-13T07:23:08.000Z","volume":2000,"price":2,"category":"rbear"},{"type":"B","date":"2018-03-13T07:19:31.000Z","volume":2000,"price":2,"category":"rbear"},{"type":"B","date":"2018-03-13T07:17:22.000Z","volume":2000,"price":2,"category":"rbear"},{"type":"B","date":"2018-03-13T07:17:05.000Z","volume":2000,"price":2,"category":"rbear"},{"type":"B","date":"2018-03-13T07:11:08.000Z","volume":2000,"price":2,"category":"rbear"},{"type":"B","date":"2018-03-13T07:11:08.000Z","volume":2000,"price":2,"category":"rbear"},{"type":"B","date":"2018-03-13T07:09:08.000Z","volume":2000,"price":2,"category":"rbear"},{"type":"B","date":"2018-03-13T07:08:19.000Z","volume":2000,"price":2,"category":"rbear"},{"type":"B","date":"2018-03-13T07:05:06.000Z","volume":2000,"price":2,"category":"rbear"},{"type":"B","date":"2018-03-13T06:59:50.000Z","volume":2000,"price":2.01,"category":"rbear"},{"type":"B","date":"2018-03-13T06:59:50.000Z","volume":2000,"price":2.01,"category":"rbear"},{"type":"B","date":"2018-03-13T06:59:39.000Z","volume":2000,"price":2.01,"category":"rbear"},{"type":"B","date":"2018-03-13T06:59:38.000Z","volume":2000,"price":2.01,"category":"rbear"},{"type":"B","date":"2018-03-13T06:59:08.000Z","volume":2000,"price":2.01,"category":"rbear"},{"type":"B","date":"2018-03-13T06:58:19.000Z","volume":2000,"price":2.01,"category":"rbear"},{"type":"B","date":"2018-03-13T06:58:19.000Z","volume":2000,"price":2.01,"category":"rbear"},{"type":"B","date":"2018-03-13T06:58:19.000Z","volume":2000,"price":2.01,"category":"rbear"},{"type":"B","date":"2018-03-13T06:58:09.000Z","volume":2000,"price":2.01,"category":"rbear"},{"type":"B","date":"2018-03-13T06:57:26.000Z","volume":2000,"price":2.01,"category":"rbear"},{"type":"B","date":"2018-03-13T06:57:25.000Z","volume":2000,"price":2.01,"category":"rbear"},{"type":"B","date":"2018-03-13T06:56:52.000Z","volume":2000,"price":2.01,"category":"rbear"},{"type":"B","date":"2018-03-13T06:56:51.000Z","volume":2000,"price":2.01,"category":"rbear"},{"type":"B","date":"2018-03-13T06:56:49.000Z","volume":2000,"price":2.01,"category":"rbear"},{"type":"B","date":"2018-03-13T06:54:18.000Z","volume":2000,"price":2.01,"category":"rbear"},{"type":"B","date":"2018-03-13T06:54:15.000Z","volume":2000,"price":2.01,"category":"rbear"},{"type":"B","date":"2018-03-13T06:54:12.000Z","volume":2000,"price":2.01,"category":"rbear"},{"type":"B","date":"2018-03-13T06:53:50.000Z","volume":2000,"price":2.01,"category":"rbear"},{"type":"B","date":"2018-03-13T06:53:48.000Z","volume":2000,"price":2.01,"category":"rbear"},{"type":"B","date":"2018-03-13T06:41:02.000Z","volume":2000,"price":2.01,"category":"rbear"},{"type":"B","date":"2018-03-13T06:31:34.000Z","volume":2000,"price":2.01,"category":"rbear"},{"type":"B","date":"2018-03-13T06:24:57.000Z","volume":2000,"price":2.01,"category":"rbear"},{"type":"B","date":"2018-03-13T06:24:57.000Z","volume":2000,"price":2.01,"category":"rbear"},{"type":"B","date":"2018-03-13T06:22:47.000Z","volume":2000,"price":2.01,"category":"rbear"},{"type":"B","date":"2018-03-13T06:20:17.000Z","volume":2000,"price":2.01,"category":"rbear"},{"type":"B","date":"2018-03-13T06:16:35.000Z","volume":2000,"price":2.01,"category":"rbear"},{"type":"B","date":"2018-03-13T06:03:17.000Z","volume":2000,"price":2.01,"category":"rbear"},{"type":"B","date":"2018-03-13T05:47:18.000Z","volume":2000,"price":2.01,"category":"rbear"},{"type":"B","date":"2018-03-13T05:41:18.000Z","volume":2000,"price":2.01,"category":"rbear"},{"type":"B","date":"2018-03-13T05:41:17.000Z","volume":2000,"price":2.01,"category":"rbear"},{"type":"B","date":"2018-03-13T05:37:29.000Z","volume":2000,"price":2.01,"category":"rbear"},{"type":"B","date":"2018-03-13T05:33:11.000Z","volume":2000,"price":2.01,"category":"rbear"},{"type":"B","date":"2018-03-13T05:28:13.000Z","volume":2000,"price":2.01,"category":"rbear"},{"type":"B","date":"2018-03-13T05:27:37.000Z","volume":2000,"price":2.01,"category":"rbear"},{"type":"B","date":"2018-03-13T05:27:34.000Z","volume":2000,"price":2.01,"category":"rbear"},{"type":"B","date":"2018-03-13T05:27:34.000Z","volume":2000,"price":2.01,"category":"rbear"},{"type":"B","date":"2018-03-13T05:24:08.000Z","volume":2000,"price":2.01,"category":"rbear"},{"type":"B","date":"2018-03-13T05:23:33.000Z","volume":2000,"price":2.01,"category":"rbear"},{"type":"B","date":"2018-03-13T05:23:32.000Z","volume":2000,"price":2.01,"category":"rbear"},{"type":"B","date":"2018-03-13T05:17:10.000Z","volume":2000,"price":2.01,"category":"rbear"},{"type":"B","date":"2018-03-13T05:17:07.000Z","volume":2000,"price":2.01,"category":"rbear"},{"type":"B","date":"2018-03-13T05:02:49.000Z","volume":2000,"price":2.01,"category":"rbear"},{"type":"B","date":"2018-03-13T03:46:10.000Z","volume":2000,"price":2.01,"category":"rbear"},{"type":"B","date":"2018-03-13T03:43:49.000Z","volume":2000,"price":2.01,"category":"rbear"},{"type":"B","date":"2018-03-13T03:39:29.000Z","volume":2000,"price":2.01,"category":"rbear"},{"type":"B","date":"2018-03-13T03:39:28.000Z","volume":2000,"price":2.01,"category":"rbear"},{"type":"B","date":"2018-03-13T03:39:28.000Z","volume":2000,"price":2.01,"category":"rbear"},{"type":"B","date":"2018-03-13T03:39:27.000Z","volume":2000,"price":2.01,"category":"rbear"},{"type":"B","date":"2018-03-13T03:30:06.000Z","volume":2000,"price":2,"category":"rbear"},{"type":"B","date":"2018-03-13T03:26:35.000Z","volume":2000,"price":1.99,"category":"rbear"},{"type":"B","date":"2018-03-13T03:15:55.000Z","volume":2000,"price":2,"category":"rbear"},{"type":"B","date":"2018-03-13T03:00:50.000Z","volume":2000,"price":2,"category":"rbear"},{"type":"B","date":"2018-03-13T02:39:35.000Z","volume":2000,"price":2,"category":"rbear"},{"type":"B","date":"2018-03-13T02:19:27.000Z","volume":2000,"price":2,"category":"rbear"},{"type":"B","date":"2018-03-13T02:18:42.000Z","volume":2000,"price":2.01,"category":"rbear"},{"type":"B","date":"2018-03-13T02:18:35.000Z","volume":2000,"price":2.01,"category":"rbear"},{"type":"B","date":"2018-03-13T02:17:47.000Z","volume":2000,"price":2.01,"category":"rbear"},{"type":"B","date":"2018-03-13T02:17:01.000Z","volume":2000,"price":2.01,"category":"rbear"},{"type":"B","date":"2018-03-13T02:17:00.000Z","volume":2000,"price":2.01,"category":"rbear"},{"type":"B","date":"2018-03-13T02:15:34.000Z","volume":2000,"price":2.01,"category":"rbear"},{"type":"B","date":"2018-03-13T02:01:12.000Z","volume":2000,"price":2.01,"category":"rbear"},{"type":"B","date":"2018-03-13T02:00:35.000Z","volume":2000,"price":2.01,"category":"rbear"},{"type":"B","date":"2018-03-13T02:00:35.000Z","volume":2000,"price":2.01,"category":"rbear"},{"type":"B","date":"2018-03-13T01:44:28.000Z","volume":2000,"price":2.01,"category":"rbear"},{"type":"B","date":"2018-03-13T01:43:32.000Z","volume":2000,"price":2.01,"category":"rbear"},{"type":"B","date":"2018-03-13T01:42:36.000Z","volume":2000,"price":2.01,"category":"rbear"},{"type":"B","date":"2018-03-13T01:42:35.000Z","volume":2000,"price":2.01,"category":"rbear"},{"type":"B","date":"2018-03-13T07:58:09.000Z","volume":12000,"price":2,"category":"bbear"},{"type":"B","date":"2018-03-13T06:59:45.000Z","volume":18000,"price":2.01,"category":"bbear"},{"type":"B","date":"2018-03-13T06:59:15.000Z","volume":10000,"price":2.01,"category":"bbear"},{"type":"B","date":"2018-03-13T06:58:42.000Z","volume":10000,"price":2.01,"category":"bbear"},{"type":"B","date":"2018-03-13T06:58:38.000Z","volume":24000,"price":2.01,"category":"bbear"},{"type":"B","date":"2018-03-13T06:58:18.000Z","volume":10000,"price":2.01,"category":"bbear"},{"type":"B","date":"2018-03-13T06:56:48.000Z","volume":12000,"price":2.01,"category":"bbear"},{"type":"B","date":"2018-03-13T06:54:07.000Z","volume":14000,"price":2.01,"category":"bbear"},{"type":"B","date":"2018-03-13T06:51:24.000Z","volume":24000,"price":2.01,"category":"bbear"},{"type":"B","date":"2018-03-13T06:25:51.000Z","volume":10000,"price":2.01,"category":"bbear"},{"type":"B","date":"2018-03-13T06:20:15.000Z","volume":10000,"price":2.01,"category":"bbear"},{"type":"B","date":"2018-03-13T06:16:34.000Z","volume":10000,"price":2.01,"category":"bbear"},{"type":"B","date":"2018-03-13T05:28:13.000Z","volume":20000,"price":2.01,"category":"bbear"},{"type":"B","date":"2018-03-13T05:13:44.000Z","volume":12000,"price":2.01,"category":"bbear"},{"type":"B","date":"2018-03-13T03:43:50.000Z","volume":12000,"price":2.01,"category":"bbear"},{"type":"B","date":"2018-03-13T03:43:48.000Z","volume":10000,"price":2.01,"category":"bbear"},{"type":"B","date":"2018-03-13T03:20:00.000Z","volume":22000,"price":2,"category":"bbear"},{"type":"B","date":"2018-03-13T03:20:00.000Z","volume":16000,"price":2,"category":"bbear"},{"type":"B","date":"2018-03-13T03:20:00.000Z","volume":26000,"price":2,"category":"bbear"},{"type":"B","date":"2018-03-13T02:19:27.000Z","volume":12000,"price":2.01,"category":"bbear"},{"type":"B","date":"2018-03-13T02:17:47.000Z","volume":10000,"price":2.01,"category":"bbear"},{"type":"B","date":"2018-03-13T01:44:37.000Z","volume":18000,"price":2.01,"category":"bbear"},{"type":"B","date":"2018-03-13T01:44:23.000Z","volume":12000,"price":2,"category":"bbear"},{"type":"B","date":"2018-03-13T01:43:55.000Z","volume":14000,"price":2.01,"category":"bbear"},{"type":"B","date":"2018-03-13T01:43:03.000Z","volume":22000,"price":2.01,"category":"bbear"},{"type":"B","date":"2018-03-13T01:31:43.000Z","volume":12000,"price":1.99,"category":"bbear"},{"type":"B","date":"2018-03-13T06:56:47.000Z","volume":50000,"price":2.01,"category":"ubbear"},{"type":"B","date":"2018-03-13T06:54:07.000Z","volume":60000,"price":2.01,"category":"ubbear"},{"type":"B","date":"2018-03-13T06:21:31.000Z","volume":30000,"price":2.01,"category":"ubbear"},{"type":"B","date":"2018-03-13T05:27:35.000Z","volume":28000,"price":2.01,"category":"ubbear"},{"type":"B","date":"2018-03-13T05:27:34.000Z","volume":100000,"price":2.01,"category":"ubbear"},{"type":"B","date":"2018-03-13T03:43:49.000Z","volume":36000,"price":2.01,"category":"ubbear"},{"type":"B","date":"2018-03-13T03:20:01.000Z","volume":30000,"price":1.99,"category":"ubbear"},{"type":"B","date":"2018-03-13T03:20:00.000Z","volume":200000,"price":2,"category":"ubbear"},{"type":"B","date":"2018-03-13T02:19:27.000Z","volume":58000,"price":2.01,"category":"ubbear"},{"type":"B","date":"2018-03-13T02:16:59.000Z","volume":60000,"price":2.01,"category":"ubbear"},{"type":"B","date":"2018-03-13T01:43:55.000Z","volume":34000,"price":2.01,"category":"ubbear"}]