[{"type":"U","date":"2018-03-26T01:20:00.000Z","volume":6000,"label":"U","price":4.37},{"type":"A","date":"2018-03-26T01:30:19.000Z","volume":5000,"label":" ","price":4.37},{"type":"B","date":"2018-03-26T01:30:19.000Z","volume":14000,"label":" ","price":4.37},{"type":"B","date":"2018-03-26T01:30:19.000Z","volume":8000,"label":" ","price":4.37},{"type":"A","date":"2018-03-26T01:30:21.000Z","volume":4000,"label":" ","price":4.37},{"type":"B","date":"2018-03-26T01:31:08.000Z","volume":1000,"label":" ","price":4.36},{"type":"B","date":"2018-03-26T01:31:08.000Z","volume":19000,"label":" ","price":4.36},{"type":"B","date":"2018-03-26T01:31:08.000Z","volume":4000,"label":" ","price":4.36},{"type":"B","date":"2018-03-26T01:31:20.000Z","volume":2000,"label":" ","price":4.35},{"type":"B","date":"2018-03-26T01:31:20.000Z","volume":6000,"label":" ","price":4.35},{"type":"B","date":"2018-03-26T01:31:29.000Z","volume":3000,"label":" ","price":4.35},{"type":"B","date":"2018-03-26T01:31:29.000Z","volume":1000,"label":" ","price":4.35},{"type":"B","date":"2018-03-26T01:31:30.000Z","volume":2000,"label":" ","price":4.35},{"type":"B","date":"2018-03-26T01:31:40.000Z","volume":2000,"label":" ","price":4.35},{"type":"B","date":"2018-03-26T01:31:40.000Z","volume":1000,"label":" ","price":4.35},{"type":"B","date":"2018-03-26T01:31:50.000Z","volume":2000,"label":" ","price":4.35},{"type":"B","date":"2018-03-26T01:32:00.000Z","volume":2000,"label":" ","price":4.35},{"type":"B","date":"2018-03-26T01:32:00.000Z","volume":1000,"label":" ","price":4.35},{"type":"B","date":"2018-03-26T01:32:30.000Z","volume":1000,"label":" ","price":4.35},{"type":"B","date":"2018-03-26T01:32:45.000Z","volume":1000,"label":" ","price":4.35},{"type":"B","date":"2018-03-26T01:32:59.000Z","volume":1000,"label":" ","price":4.35},{"type":"B","date":"2018-03-26T01:33:04.000Z","volume":1000,"label":"Y","price":4.35},{"type":"B","date":"2018-03-26T01:33:04.000Z","volume":17000,"label":" ","price":4.35},{"type":"B","date":"2018-03-26T01:33:11.000Z","volume":1000,"label":" ","price":4.34},{"type":"B","date":"2018-03-26T01:33:11.000Z","volume":4000,"label":" ","price":4.34},{"type":"B","date":"2018-03-26T01:33:11.000Z","volume":1000,"label":" ","price":4.34},{"type":"B","date":"2018-03-26T01:33:24.000Z","volume":1000,"label":" ","price":4.34},{"type":"B","date":"2018-03-26T01:33:40.000Z","volume":1000,"label":" ","price":4.34},{"type":"B","date":"2018-03-26T01:33:55.000Z","volume":1000,"label":" ","price":4.34},{"type":"B","date":"2018-03-26T01:34:10.000Z","volume":1000,"label":" ","price":4.34},{"type":"B","date":"2018-03-26T01:34:10.000Z","volume":1000,"label":" ","price":4.34},{"type":"B","date":"2018-03-26T01:34:20.000Z","volume":1000,"label":" ","price":4.34},{"type":"B","date":"2018-03-26T01:34:35.000Z","volume":1000,"label":" ","price":4.34},{"type":"B","date":"2018-03-26T01:34:38.000Z","volume":24000,"label":" ","price":4.34},{"type":"A","date":"2018-03-26T01:34:43.000Z","volume":25000,"label":" ","price":4.34},{"type":"A","date":"2018-03-26T01:34:43.000Z","volume":1000,"label":"Y","price":4.34},{"type":"A","date":"2018-03-26T01:34:43.000Z","volume":4000,"label":" ","price":4.34},{"type":"A","date":"2018-03-26T01:34:43.000Z","volume":5000,"label":" ","price":4.34},{"type":"A","date":"2018-03-26T01:34:43.000Z","volume":1000,"label":"Y","price":4.34},{"type":"A","date":"2018-03-26T01:34:43.000Z","volume":2000,"label":" ","price":4.34},{"type":"A","date":"2018-03-26T01:34:43.000Z","volume":3000,"label":" ","price":4.35},{"type":"A","date":"2018-03-26T01:34:43.000Z","volume":1000,"label":" ","price":4.34},{"type":"A","date":"2018-03-26T01:34:43.000Z","volume":2000,"label":" ","price":4.34},{"type":"A","date":"2018-03-26T01:34:43.000Z","volume":1000,"label":" ","price":4.34},{"type":"A","date":"2018-03-26T01:34:43.000Z","volume":6000,"label":" ","price":4.36},{"type":"B","date":"2018-03-26T01:34:43.000Z","volume":1000,"label":" ","price":4.34},{"type":"A","date":"2018-03-26T01:34:51.000Z","volume":9000,"label":" ","price":4.36},{"type":"A","date":"2018-03-26T01:34:51.000Z","volume":2000,"label":" ","price":4.36},{"type":"A","date":"2018-03-26T01:34:52.000Z","volume":3000,"label":" ","price":4.37},{"type":"A","date":"2018-03-26T01:35:29.000Z","volume":5000,"label":" ","price":4.37},{"type":"A","date":"2018-03-26T01:35:30.000Z","volume":1000,"label":" ","price":4.37},{"type":"B","date":"2018-03-26T01:35:44.000Z","volume":93000,"label":" ","price":4.35},{"type":"B","date":"2018-03-26T01:35:44.000Z","volume":17000,"label":" ","price":4.34},{"type":"B","date":"2018-03-26T01:35:44.000Z","volume":1000,"label":" ","price":4.34},{"type":"B","date":"2018-03-26T01:35:44.000Z","volume":4000,"label":" ","price":4.34},{"type":"B","date":"2018-03-26T01:35:44.000Z","volume":2000,"label":" ","price":4.34},{"type":"A","date":"2018-03-26T01:36:14.000Z","volume":6000,"label":" ","price":4.35},{"type":"A","date":"2018-03-26T01:36:14.000Z","volume":143000,"label":" ","price":4.35},{"type":"A","date":"2018-03-26T01:36:14.000Z","volume":44000,"label":" ","price":4.35},{"type":"A","date":"2018-03-26T01:36:14.000Z","volume":1000,"label":" ","price":4.36},{"type":"A","date":"2018-03-26T01:36:14.000Z","volume":3000,"label":" ","price":4.35},{"type":"A","date":"2018-03-26T01:36:15.000Z","volume":1000,"label":" ","price":4.36},{"type":"A","date":"2018-03-26T01:36:15.000Z","volume":1000,"label":" ","price":4.36},{"type":"A","date":"2018-03-26T01:36:16.000Z","volume":7000,"label":" ","price":4.37},{"type":"A","date":"2018-03-26T01:36:16.000Z","volume":2000,"label":" ","price":4.37},{"type":"A","date":"2018-03-26T01:36:16.000Z","volume":15000,"label":" ","price":4.37},{"type":"A","date":"2018-03-26T01:36:16.000Z","volume":10000,"label":" ","price":4.37},{"type":"A","date":"2018-03-26T01:36:16.000Z","volume":57000,"label":" ","price":4.37},{"type":"A","date":"2018-03-26T01:36:16.000Z","volume":4000,"label":" ","price":4.38},{"type":"A","date":"2018-03-26T01:36:16.000Z","volume":3000,"label":" ","price":4.4},{"type":"A","date":"2018-03-26T01:36:17.000Z","volume":19000,"label":" ","price":4.4},{"type":"A","date":"2018-03-26T01:36:17.000Z","volume":2000,"label":" ","price":4.46},{"type":"B","date":"2018-03-26T01:36:32.000Z","volume":20000,"label":" ","price":4.42},{"type":"B","date":"2018-03-26T01:36:32.000Z","volume":4000,"label":" ","price":4.41},{"type":"B","date":"2018-03-26T01:36:32.000Z","volume":8000,"label":" ","price":4.4},{"type":"B","date":"2018-03-26T01:36:42.000Z","volume":18000,"label":" ","price":4.39},{"type":"B","date":"2018-03-26T01:36:43.000Z","volume":26000,"label":" ","price":4.39},{"type":"B","date":"2018-03-26T01:36:43.000Z","volume":6000,"label":" ","price":4.38},{"type":"U","date":"2018-03-26T01:36:55.000Z","volume":4000,"label":" ","price":4.38},{"type":"U","date":"2018-03-26T01:36:55.000Z","volume":10000,"label":" ","price":4.38},{"type":"B","date":"2018-03-26T01:37:00.000Z","volume":2000,"label":" ","price":4.38},{"type":"B","date":"2018-03-26T01:37:00.000Z","volume":2000,"label":" ","price":4.37},{"type":"B","date":"2018-03-26T01:37:00.000Z","volume":1000,"label":" ","price":4.37},{"type":"B","date":"2018-03-26T01:37:31.000Z","volume":33000,"label":" ","price":4.37},{"type":"B","date":"2018-03-26T01:37:31.000Z","volume":9000,"label":" ","price":4.36},{"type":"B","date":"2018-03-26T01:37:31.000Z","volume":85000,"label":" ","price":4.34},{"type":"B","date":"2018-03-26T01:37:31.000Z","volume":43000,"label":" ","price":4.33},{"type":"B","date":"2018-03-26T01:37:31.000Z","volume":20000,"label":" ","price":4.32},{"type":"B","date":"2018-03-26T01:37:31.000Z","volume":26000,"label":" ","price":4.31},{"type":"B","date":"2018-03-26T01:37:31.000Z","volume":84000,"label":" ","price":4.3},{"type":"B","date":"2018-03-26T01:37:31.000Z","volume":6000,"label":" ","price":4.36},{"type":"B","date":"2018-03-26T01:37:31.000Z","volume":10000,"label":"Y","price":4.37},{"type":"B","date":"2018-03-26T01:37:31.000Z","volume":9000,"label":" ","price":4.37},{"type":"A","date":"2018-03-26T01:37:31.000Z","volume":19000,"label":" ","price":4.38},{"type":"U","date":"2018-03-26T01:37:31.000Z","volume":2000,"label":" ","price":4.37},{"type":"U","date":"2018-03-26T01:37:31.000Z","volume":2000,"label":" ","price":4.37},{"type":"U","date":"2018-03-26T01:37:31.000Z","volume":2000,"label":" ","price":4.37},{"type":"U","date":"2018-03-26T01:37:31.000Z","volume":9000,"label":" ","price":4.36},{"type":"B","date":"2018-03-26T01:37:31.000Z","volume":21000,"label":" ","price":4.34},{"type":"B","date":"2018-03-26T01:37:31.000Z","volume":2000,"label":" ","price":4.34},{"type":"U","date":"2018-03-26T01:37:31.000Z","volume":4000,"label":" ","price":4.37},{"type":"A","date":"2018-03-26T01:37:31.000Z","volume":2000,"label":" ","price":4.38},{"type":"U","date":"2018-03-26T01:37:39.000Z","volume":8000,"label":" ","price":4.35},{"type":"A","date":"2018-03-26T01:37:39.000Z","volume":2000,"label":" ","price":4.38},{"type":"U","date":"2018-03-26T01:37:39.000Z","volume":2000,"label":" ","price":4.34},{"type":"B","date":"2018-03-26T01:37:56.000Z","volume":54000,"label":" ","price":4.33},{"type":"B","date":"2018-03-26T01:37:56.000Z","volume":9000,"label":" ","price":4.31},{"type":"B","date":"2018-03-26T01:37:56.000Z","volume":37000,"label":" ","price":4.3},{"type":"B","date":"2018-03-26T01:37:57.000Z","volume":9000,"label":" ","price":4.34},{"type":"B","date":"2018-03-26T01:37:57.000Z","volume":9000,"label":" ","price":4.34},{"type":"B","date":"2018-03-26T01:37:57.000Z","volume":6000,"label":" ","price":4.34},{"type":"B","date":"2018-03-26T01:37:57.000Z","volume":8000,"label":" ","price":4.33},{"type":"B","date":"2018-03-26T01:38:09.000Z","volume":91000,"label":" ","price":4.31},{"type":"B","date":"2018-03-26T01:38:09.000Z","volume":9000,"label":" ","price":4.31},{"type":"B","date":"2018-03-26T01:38:09.000Z","volume":14000,"label":" ","price":4.31},{"type":"U","date":"2018-03-26T01:38:10.000Z","volume":9000,"label":" ","price":4.32},{"type":"B","date":"2018-03-26T01:38:10.000Z","volume":22000,"label":" ","price":4.3},{"type":"B","date":"2018-03-26T01:38:10.000Z","volume":3000,"label":" ","price":4.3},{"type":"B","date":"2018-03-26T01:38:10.000Z","volume":1000,"label":" ","price":4.3},{"type":"B","date":"2018-03-26T01:38:30.000Z","volume":4000,"label":" ","price":4.32},{"type":"B","date":"2018-03-26T01:38:30.000Z","volume":31000,"label":" ","price":4.31},{"type":"B","date":"2018-03-26T01:38:30.000Z","volume":65000,"label":" ","price":4.3},{"type":"B","date":"2018-03-26T01:38:30.000Z","volume":2000,"label":" ","price":4.3},{"type":"B","date":"2018-03-26T01:38:30.000Z","volume":1000,"label":" ","price":4.3},{"type":"A","date":"2018-03-26T01:38:37.000Z","volume":12000,"label":" ","price":4.33},{"type":"A","date":"2018-03-26T01:38:54.000Z","volume":4000,"label":" ","price":4.33},{"type":"A","date":"2018-03-26T01:38:54.000Z","volume":54000,"label":" ","price":4.34},{"type":"A","date":"2018-03-26T01:38:57.000Z","volume":51000,"label":" ","price":4.35},{"type":"A","date":"2018-03-26T01:38:58.000Z","volume":82000,"label":" ","price":4.36},{"type":"A","date":"2018-03-26T01:38:58.000Z","volume":4000,"label":" ","price":4.38},{"type":"A","date":"2018-03-26T01:39:00.000Z","volume":3000,"label":" ","price":4.41},{"type":"A","date":"2018-03-26T01:39:18.000Z","volume":6000,"label":" ","price":4.44},{"type":"B","date":"2018-03-26T01:39:27.000Z","volume":3000,"label":" ","price":4.41},{"type":"B","date":"2018-03-26T01:39:27.000Z","volume":6000,"label":" ","price":4.41},{"type":"B","date":"2018-03-26T01:39:37.000Z","volume":16000,"label":" ","price":4.4},{"type":"U","date":"2018-03-26T01:40:54.000Z","volume":9000,"label":"X","price":4.385},{"type":"U","date":"2018-03-26T01:41:21.000Z","volume":3000,"label":"X","price":4.39},{"type":"U","date":"2018-03-26T01:41:21.000Z","volume":2000,"label":"X","price":4.39},{"type":"U","date":"2018-03-26T01:41:33.000Z","volume":2000,"label":"X","price":4.39},{"type":"U","date":"2018-03-26T01:41:50.000Z","volume":3000,"label":"X","price":4.39},{"type":"U","date":"2018-03-26T01:42:09.000Z","volume":2000,"label":"X","price":4.39},{"type":"U","date":"2018-03-26T01:42:35.000Z","volume":2000,"label":"X","price":4.39},{"type":"U","date":"2018-03-26T01:42:35.000Z","volume":1000,"label":"X","price":4.39},{"type":"U","date":"2018-03-26T01:42:43.000Z","volume":21000,"label":" ","price":4.39},{"type":"A","date":"2018-03-26T01:43:40.000Z","volume":2000,"label":"Y","price":4.4},{"type":"A","date":"2018-03-26T01:43:40.000Z","volume":192000,"label":" ","price":4.4},{"type":"A","date":"2018-03-26T01:43:40.000Z","volume":2000,"label":" ","price":4.41},{"type":"U","date":"2018-03-26T01:43:40.000Z","volume":3000,"label":"X","price":4.395},{"type":"A","date":"2018-03-26T01:43:58.000Z","volume":9000,"label":" ","price":4.45},{"type":"A","date":"2018-03-26T01:44:01.000Z","volume":17000,"label":" ","price":4.45},{"type":"A","date":"2018-03-26T01:44:01.000Z","volume":20000,"label":" ","price":4.47},{"type":"A","date":"2018-03-26T01:44:01.000Z","volume":3000,"label":" ","price":4.47},{"type":"A","date":"2018-03-26T01:44:01.000Z","volume":1000,"label":" ","price":4.47},{"type":"U","date":"2018-03-26T01:44:03.000Z","volume":6000,"label":" ","price":4.46},{"type":"U","date":"2018-03-26T01:44:03.000Z","volume":6000,"label":"Y","price":4.46},{"type":"U","date":"2018-03-26T01:44:03.000Z","volume":4000,"label":" ","price":4.46},{"type":"U","date":"2018-03-26T01:44:03.000Z","volume":2000,"label":" ","price":4.46},{"type":"U","date":"2018-03-26T01:44:03.000Z","volume":15000,"label":" ","price":4.46},{"type":"B","date":"2018-03-26T01:44:03.000Z","volume":7000,"label":" ","price":4.46},{"type":"U","date":"2018-03-26T01:44:07.000Z","volume":26000,"label":" ","price":4.47},{"type":"B","date":"2018-03-26T01:44:14.000Z","volume":16000,"label":" ","price":4.47},{"type":"B","date":"2018-03-26T01:44:14.000Z","volume":1000,"label":" ","price":4.47},{"type":"B","date":"2018-03-26T01:44:14.000Z","volume":25000,"label":" ","price":4.47},{"type":"B","date":"2018-03-26T01:44:14.000Z","volume":1000,"label":" ","price":4.47},{"type":"U","date":"2018-03-26T01:44:14.000Z","volume":5000,"label":" ","price":4.48},{"type":"A","date":"2018-03-26T01:44:35.000Z","volume":3000,"label":" ","price":4.47},{"type":"A","date":"2018-03-26T01:44:35.000Z","volume":1000,"label":" ","price":4.47},{"type":"A","date":"2018-03-26T01:44:35.000Z","volume":3000,"label":" ","price":4.47},{"type":"A","date":"2018-03-26T01:44:36.000Z","volume":1000,"label":"Y","price":4.47},{"type":"A","date":"2018-03-26T01:44:36.000Z","volume":2000,"label":" ","price":4.47},{"type":"A","date":"2018-03-26T01:44:37.000Z","volume":3000,"label":" ","price":4.47},{"type":"A","date":"2018-03-26T01:45:21.000Z","volume":6000,"label":" ","price":4.47},{"type":"A","date":"2018-03-26T01:45:21.000Z","volume":2000,"label":" ","price":4.47},{"type":"A","date":"2018-03-26T01:45:26.000Z","volume":3000,"label":" ","price":4.47},{"type":"A","date":"2018-03-26T01:45:55.000Z","volume":6000,"label":" ","price":4.47},{"type":"A","date":"2018-03-26T01:45:56.000Z","volume":1000,"label":" ","price":4.47},{"type":"A","date":"2018-03-26T01:46:02.000Z","volume":3000,"label":" ","price":4.47},{"type":"A","date":"2018-03-26T01:46:02.000Z","volume":1000,"label":" ","price":4.47},{"type":"A","date":"2018-03-26T01:46:14.000Z","volume":1000,"label":" ","price":4.47},{"type":"A","date":"2018-03-26T01:46:14.000Z","volume":2000,"label":" ","price":4.49},{"type":"A","date":"2018-03-26T01:46:14.000Z","volume":1000,"label":" ","price":4.48},{"type":"A","date":"2018-03-26T01:46:14.000Z","volume":1000,"label":" ","price":4.47},{"type":"A","date":"2018-03-26T01:46:14.000Z","volume":1000,"label":" ","price":4.48},{"type":"A","date":"2018-03-26T01:46:14.000Z","volume":1000,"label":" ","price":4.48},{"type":"A","date":"2018-03-26T01:47:06.000Z","volume":2000,"label":" ","price":4.48},{"type":"U","date":"2018-03-26T01:47:12.000Z","volume":1000,"label":" ","price":4.47},{"type":"U","date":"2018-03-26T01:47:30.000Z","volume":4000,"label":"X","price":4.47},{"type":"A","date":"2018-03-26T01:47:35.000Z","volume":1000,"label":" ","price":4.48},{"type":"A","date":"2018-03-26T01:47:35.000Z","volume":3000,"label":" ","price":4.48},{"type":"U","date":"2018-03-26T01:47:41.000Z","volume":11000,"label":" ","price":4.47},{"type":"U","date":"2018-03-26T01:47:41.000Z","volume":8000,"label":" ","price":4.47},{"type":"U","date":"2018-03-26T01:47:41.000Z","volume":1000,"label":" ","price":4.47},{"type":"U","date":"2018-03-26T01:47:45.000Z","volume":3000,"label":" ","price":4.47},{"type":"U","date":"2018-03-26T01:48:01.000Z","volume":3000,"label":"X","price":4.47},{"type":"A","date":"2018-03-26T01:48:09.000Z","volume":3000,"label":" ","price":4.48},{"type":"B","date":"2018-03-26T01:48:32.000Z","volume":43000,"label":" ","price":4.46},{"type":"B","date":"2018-03-26T01:48:32.000Z","volume":25000,"label":" ","price":4.46},{"type":"B","date":"2018-03-26T01:48:32.000Z","volume":5000,"label":" ","price":4.46},{"type":"B","date":"2018-03-26T01:48:32.000Z","volume":4000,"label":" ","price":4.45},{"type":"B","date":"2018-03-26T01:48:32.000Z","volume":10000,"label":" ","price":4.45},{"type":"B","date":"2018-03-26T01:48:32.000Z","volume":1000,"label":" ","price":4.45},{"type":"A","date":"2018-03-26T01:48:32.000Z","volume":12000,"label":" ","price":4.46},{"type":"U","date":"2018-03-26T01:49:49.000Z","volume":1000,"label":"X","price":4.435},{"type":"U","date":"2018-03-26T01:50:00.000Z","volume":3000,"label":"X","price":4.435},{"type":"U","date":"2018-03-26T01:50:05.000Z","volume":6000,"label":"X","price":4.435},{"type":"A","date":"2018-03-26T01:50:44.000Z","volume":4000,"label":" ","price":4.45},{"type":"A","date":"2018-03-26T01:50:44.000Z","volume":1000,"label":" ","price":4.45},{"type":"A","date":"2018-03-26T01:50:44.000Z","volume":1000,"label":" ","price":4.45},{"type":"B","date":"2018-03-26T01:52:10.000Z","volume":1000,"label":"Y","price":4.42},{"type":"B","date":"2018-03-26T01:52:20.000Z","volume":1000,"label":"Y","price":4.42},{"type":"B","date":"2018-03-26T01:52:30.000Z","volume":1000,"label":"Y","price":4.42},{"type":"B","date":"2018-03-26T01:52:45.000Z","volume":1000,"label":"Y","price":4.42},{"type":"B","date":"2018-03-26T01:52:55.000Z","volume":1000,"label":"Y","price":4.42},{"type":"B","date":"2018-03-26T01:53:05.000Z","volume":1000,"label":"Y","price":4.42},{"type":"A","date":"2018-03-26T01:53:16.000Z","volume":8000,"label":" ","price":4.45},{"type":"U","date":"2018-03-26T01:53:16.000Z","volume":4000,"label":"X","price":4.445},{"type":"U","date":"2018-03-26T01:53:16.000Z","volume":5000,"label":"X","price":4.445},{"type":"U","date":"2018-03-26T01:53:16.000Z","volume":4000,"label":" ","price":4.45},{"type":"A","date":"2018-03-26T01:53:20.000Z","volume":3000,"label":" ","price":4.46},{"type":"A","date":"2018-03-26T01:53:35.000Z","volume":3000,"label":" ","price":4.46},{"type":"A","date":"2018-03-26T01:53:35.000Z","volume":1000,"label":" ","price":4.46},{"type":"A","date":"2018-03-26T01:53:35.000Z","volume":1000,"label":" ","price":4.46},{"type":"A","date":"2018-03-26T01:53:35.000Z","volume":1000,"label":" ","price":4.46},{"type":"A","date":"2018-03-26T01:54:18.000Z","volume":1000,"label":" ","price":4.46},{"type":"A","date":"2018-03-26T01:54:29.000Z","volume":2000,"label":" ","price":4.46},{"type":"U","date":"2018-03-26T01:54:35.000Z","volume":1000,"label":"X","price":4.455},{"type":"U","date":"2018-03-26T01:54:36.000Z","volume":7000,"label":"X","price":4.455},{"type":"A","date":"2018-03-26T01:54:41.000Z","volume":9000,"label":" ","price":4.46},{"type":"A","date":"2018-03-26T01:55:21.000Z","volume":1000,"label":" ","price":4.46},{"type":"A","date":"2018-03-26T01:55:45.000Z","volume":4000,"label":" ","price":4.46},{"type":"A","date":"2018-03-26T01:55:45.000Z","volume":10000,"label":" ","price":4.46},{"type":"A","date":"2018-03-26T01:55:45.000Z","volume":9000,"label":" ","price":4.46},{"type":"A","date":"2018-03-26T01:56:35.000Z","volume":4000,"label":" ","price":4.47},{"type":"A","date":"2018-03-26T01:56:35.000Z","volume":1000,"label":" ","price":4.47},{"type":"A","date":"2018-03-26T01:56:35.000Z","volume":1000,"label":" ","price":4.47},{"type":"A","date":"2018-03-26T01:56:56.000Z","volume":4000,"label":" ","price":4.47},{"type":"A","date":"2018-03-26T01:58:09.000Z","volume":3000,"label":" ","price":4.47},{"type":"B","date":"2018-03-26T01:58:35.000Z","volume":4000,"label":" ","price":4.46},{"type":"A","date":"2018-03-26T01:59:12.000Z","volume":4000,"label":" ","price":4.47},{"type":"A","date":"2018-03-26T01:59:43.000Z","volume":2000,"label":" ","price":4.47},{"type":"B","date":"2018-03-26T01:59:54.000Z","volume":5000,"label":" ","price":4.46},{"type":"A","date":"2018-03-26T01:59:56.000Z","volume":2000,"label":" ","price":4.47},{"type":"A","date":"2018-03-26T01:59:57.000Z","volume":1000,"label":" ","price":4.47},{"type":"A","date":"2018-03-26T01:59:57.000Z","volume":1000,"label":" ","price":4.47},{"type":"A","date":"2018-03-26T01:59:57.000Z","volume":1000,"label":" ","price":4.47},{"type":"A","date":"2018-03-26T01:59:57.000Z","volume":1000,"label":" ","price":4.47},{"type":"B","date":"2018-03-26T02:00:40.000Z","volume":1000,"label":" ","price":4.46},{"type":"B","date":"2018-03-26T02:00:55.000Z","volume":1000,"label":" ","price":4.46},{"type":"B","date":"2018-03-26T02:01:05.000Z","volume":1000,"label":" ","price":4.46},{"type":"B","date":"2018-03-26T02:01:15.000Z","volume":1000,"label":" ","price":4.46},{"type":"B","date":"2018-03-26T02:01:25.000Z","volume":1000,"label":" ","price":4.46},{"type":"B","date":"2018-03-26T02:01:35.000Z","volume":1000,"label":" ","price":4.46},{"type":"B","date":"2018-03-26T02:01:45.000Z","volume":2000,"label":" ","price":4.46},{"type":"B","date":"2018-03-26T02:01:55.000Z","volume":1000,"label":" ","price":4.46},{"type":"B","date":"2018-03-26T02:02:05.000Z","volume":1000,"label":" ","price":4.46},{"type":"B","date":"2018-03-26T02:02:07.000Z","volume":22000,"label":" ","price":4.46},{"type":"B","date":"2018-03-26T02:02:20.000Z","volume":1000,"label":" ","price":4.46},{"type":"B","date":"2018-03-26T02:02:35.000Z","volume":1000,"label":" ","price":4.46},{"type":"B","date":"2018-03-26T02:02:38.000Z","volume":2000,"label":" ","price":4.46},{"type":"B","date":"2018-03-26T02:02:38.000Z","volume":4000,"label":" ","price":4.46},{"type":"A","date":"2018-03-26T02:02:41.000Z","volume":1000,"label":" ","price":4.47},{"type":"B","date":"2018-03-26T02:02:50.000Z","volume":1000,"label":" ","price":4.46},{"type":"B","date":"2018-03-26T02:03:05.000Z","volume":1000,"label":" ","price":4.46},{"type":"B","date":"2018-03-26T02:03:05.000Z","volume":28000,"label":" ","price":4.46},{"type":"B","date":"2018-03-26T02:03:05.000Z","volume":1000,"label":" ","price":4.46},{"type":"B","date":"2018-03-26T02:03:05.000Z","volume":53000,"label":" ","price":4.45},{"type":"B","date":"2018-03-26T02:03:06.000Z","volume":2000,"label":" ","price":4.44},{"type":"B","date":"2018-03-26T02:03:16.000Z","volume":1000,"label":"Y","price":4.42},{"type":"B","date":"2018-03-26T02:03:26.000Z","volume":1000,"label":"Y","price":4.42},{"type":"U","date":"2018-03-26T02:03:27.000Z","volume":8000,"label":"X","price":4.425},{"type":"B","date":"2018-03-26T02:05:00.000Z","volume":1000,"label":"Y","price":4.42},{"type":"B","date":"2018-03-26T02:05:09.000Z","volume":1000,"label":"Y","price":4.42},{"type":"A","date":"2018-03-26T02:05:09.000Z","volume":4000,"label":"Y","price":4.43},{"type":"A","date":"2018-03-26T02:05:09.000Z","volume":93000,"label":" ","price":4.43},{"type":"U","date":"2018-03-26T02:05:09.000Z","volume":9000,"label":" ","price":4.43},{"type":"A","date":"2018-03-26T02:05:09.000Z","volume":5000,"label":" ","price":4.44},{"type":"A","date":"2018-03-26T02:06:38.000Z","volume":4000,"label":" ","price":4.45},{"type":"A","date":"2018-03-26T02:06:38.000Z","volume":1000,"label":" ","price":4.45},{"type":"A","date":"2018-03-26T02:06:41.000Z","volume":1000,"label":" ","price":4.45},{"type":"A","date":"2018-03-26T02:06:47.000Z","volume":1000,"label":" ","price":4.45},{"type":"A","date":"2018-03-26T02:06:48.000Z","volume":2000,"label":" ","price":4.45},{"type":"A","date":"2018-03-26T02:07:11.000Z","volume":3000,"label":" ","price":4.46},{"type":"A","date":"2018-03-26T02:07:11.000Z","volume":1000,"label":" ","price":4.46},{"type":"A","date":"2018-03-26T02:07:11.000Z","volume":1000,"label":" ","price":4.46},{"type":"A","date":"2018-03-26T02:07:11.000Z","volume":1000,"label":" ","price":4.46},{"type":"B","date":"2018-03-26T02:07:25.000Z","volume":7000,"label":"Y","price":4.44},{"type":"B","date":"2018-03-26T02:07:25.000Z","volume":13000,"label":" ","price":4.44},{"type":"B","date":"2018-03-26T02:08:06.000Z","volume":5000,"label":" ","price":4.44},{"type":"B","date":"2018-03-26T02:08:06.000Z","volume":2000,"label":" ","price":4.44},{"type":"A","date":"2018-03-26T02:08:22.000Z","volume":4000,"label":" ","price":4.44},{"type":"B","date":"2018-03-26T02:08:36.000Z","volume":7000,"label":" ","price":4.43},{"type":"U","date":"2018-03-26T02:08:48.000Z","volume":8000,"label":"X","price":4.43},{"type":"A","date":"2018-03-26T02:12:02.000Z","volume":3000,"label":" ","price":4.44},{"type":"A","date":"2018-03-26T02:12:02.000Z","volume":1000,"label":" ","price":4.44},{"type":"A","date":"2018-03-26T02:12:02.000Z","volume":1000,"label":" ","price":4.44},{"type":"A","date":"2018-03-26T02:12:02.000Z","volume":1000,"label":" ","price":4.44},{"type":"A","date":"2018-03-26T02:12:17.000Z","volume":10000,"label":" ","price":4.44},{"type":"B","date":"2018-03-26T02:12:58.000Z","volume":1000,"label":"Y","price":4.42},{"type":"B","date":"2018-03-26T02:13:12.000Z","volume":1000,"label":"Y","price":4.42},{"type":"B","date":"2018-03-26T02:13:25.000Z","volume":1000,"label":"Y","price":4.42},{"type":"B","date":"2018-03-26T02:13:40.000Z","volume":1000,"label":"Y","price":4.42},{"type":"B","date":"2018-03-26T02:13:55.000Z","volume":1000,"label":" ","price":4.43},{"type":"B","date":"2018-03-26T02:13:58.000Z","volume":2000,"label":" ","price":4.43},{"type":"B","date":"2018-03-26T02:14:15.000Z","volume":1000,"label":" ","price":4.43},{"type":"B","date":"2018-03-26T02:14:25.000Z","volume":1000,"label":" ","price":4.43},{"type":"B","date":"2018-03-26T02:14:35.000Z","volume":1000,"label":" ","price":4.43},{"type":"B","date":"2018-03-26T02:14:45.000Z","volume":1000,"label":" ","price":4.43},{"type":"B","date":"2018-03-26T02:14:54.000Z","volume":1000,"label":" ","price":4.43},{"type":"A","date":"2018-03-26T02:14:56.000Z","volume":5000,"label":" ","price":4.44},{"type":"B","date":"2018-03-26T02:15:05.000Z","volume":1000,"label":" ","price":4.43},{"type":"A","date":"2018-03-26T02:15:12.000Z","volume":2000,"label":" ","price":4.44},{"type":"A","date":"2018-03-26T02:15:12.000Z","volume":1000,"label":" ","price":4.44},{"type":"A","date":"2018-03-26T02:15:12.000Z","volume":1000,"label":" ","price":4.44},{"type":"A","date":"2018-03-26T02:15:12.000Z","volume":1000,"label":" ","price":4.44},{"type":"A","date":"2018-03-26T02:15:12.000Z","volume":1000,"label":" ","price":4.44},{"type":"B","date":"2018-03-26T02:15:15.000Z","volume":1000,"label":" ","price":4.43},{"type":"B","date":"2018-03-26T02:15:25.000Z","volume":1000,"label":" ","price":4.43},{"type":"B","date":"2018-03-26T02:15:35.000Z","volume":1000,"label":" ","price":4.43},{"type":"B","date":"2018-03-26T02:15:44.000Z","volume":1000,"label":" ","price":4.43},{"type":"B","date":"2018-03-26T02:15:54.000Z","volume":1000,"label":" ","price":4.43},{"type":"B","date":"2018-03-26T02:16:25.000Z","volume":1000,"label":" ","price":4.43},{"type":"B","date":"2018-03-26T02:16:45.000Z","volume":1000,"label":" ","price":4.43},{"type":"B","date":"2018-03-26T02:17:05.000Z","volume":1000,"label":" ","price":4.43},{"type":"B","date":"2018-03-26T02:17:20.000Z","volume":1000,"label":" ","price":4.43},{"type":"B","date":"2018-03-26T02:17:35.000Z","volume":1000,"label":" ","price":4.43},{"type":"B","date":"2018-03-26T02:17:50.000Z","volume":2000,"label":" ","price":4.43},{"type":"U","date":"2018-03-26T02:17:58.000Z","volume":1000,"label":"X","price":4.43},{"type":"B","date":"2018-03-26T02:18:05.000Z","volume":1000,"label":" ","price":4.43},{"type":"B","date":"2018-03-26T02:18:14.000Z","volume":1000,"label":" ","price":4.43},{"type":"B","date":"2018-03-26T02:18:25.000Z","volume":1000,"label":" ","price":4.43},{"type":"B","date":"2018-03-26T02:18:34.000Z","volume":1000,"label":" ","price":4.43},{"type":"B","date":"2018-03-26T02:18:45.000Z","volume":1000,"label":" ","price":4.43},{"type":"B","date":"2018-03-26T02:18:55.000Z","volume":1000,"label":" ","price":4.43},{"type":"B","date":"2018-03-26T02:19:05.000Z","volume":1000,"label":" ","price":4.43},{"type":"A","date":"2018-03-26T02:19:14.000Z","volume":4000,"label":" ","price":4.44},{"type":"A","date":"2018-03-26T02:19:14.000Z","volume":1000,"label":" ","price":4.44},{"type":"A","date":"2018-03-26T02:19:14.000Z","volume":1000,"label":" ","price":4.44},{"type":"B","date":"2018-03-26T02:19:20.000Z","volume":1000,"label":" ","price":4.43},{"type":"B","date":"2018-03-26T02:19:30.000Z","volume":1000,"label":" ","price":4.43},{"type":"B","date":"2018-03-26T02:19:33.000Z","volume":2000,"label":" ","price":4.43},{"type":"B","date":"2018-03-26T02:19:33.000Z","volume":2000,"label":" ","price":4.43},{"type":"B","date":"2018-03-26T02:19:35.000Z","volume":1000,"label":" ","price":4.43},{"type":"A","date":"2018-03-26T02:19:35.000Z","volume":4000,"label":" ","price":4.43},{"type":"B","date":"2018-03-26T02:19:55.000Z","volume":1000,"label":"Y","price":4.42},{"type":"A","date":"2018-03-26T02:19:55.000Z","volume":2000,"label":" ","price":4.43},{"type":"B","date":"2018-03-26T02:20:25.000Z","volume":1000,"label":"Y","price":4.42},{"type":"B","date":"2018-03-26T02:20:35.000Z","volume":1000,"label":"Y","price":4.42},{"type":"B","date":"2018-03-26T02:20:45.000Z","volume":1000,"label":"Y","price":4.42},{"type":"B","date":"2018-03-26T02:21:10.000Z","volume":1000,"label":"Y","price":4.42},{"type":"B","date":"2018-03-26T02:21:10.000Z","volume":1000,"label":" ","price":4.42},{"type":"B","date":"2018-03-26T02:21:40.000Z","volume":1000,"label":" ","price":4.42},{"type":"B","date":"2018-03-26T02:21:55.000Z","volume":1000,"label":" ","price":4.42},{"type":"B","date":"2018-03-26T02:22:10.000Z","volume":1000,"label":" ","price":4.42},{"type":"B","date":"2018-03-26T02:22:20.000Z","volume":1000,"label":" ","price":4.42},{"type":"B","date":"2018-03-26T02:22:30.000Z","volume":1000,"label":" ","price":4.42},{"type":"B","date":"2018-03-26T02:22:40.000Z","volume":1000,"label":"Y","price":4.42},{"type":"B","date":"2018-03-26T02:22:50.000Z","volume":1000,"label":"Y","price":4.42},{"type":"B","date":"2018-03-26T02:23:00.000Z","volume":1000,"label":"Y","price":4.42},{"type":"B","date":"2018-03-26T02:23:10.000Z","volume":1000,"label":"Y","price":4.42},{"type":"B","date":"2018-03-26T02:23:10.000Z","volume":1000,"label":" ","price":4.42},{"type":"A","date":"2018-03-26T02:23:16.000Z","volume":3000,"label":" ","price":4.43},{"type":"A","date":"2018-03-26T02:23:16.000Z","volume":1000,"label":" ","price":4.43},{"type":"A","date":"2018-03-26T02:23:16.000Z","volume":18000,"label":" ","price":4.43},{"type":"A","date":"2018-03-26T02:23:16.000Z","volume":1000,"label":" ","price":4.43},{"type":"A","date":"2018-03-26T02:23:16.000Z","volume":12000,"label":" ","price":4.43},{"type":"U","date":"2018-03-26T02:23:16.000Z","volume":2000,"label":" ","price":4.43},{"type":"A","date":"2018-03-26T02:23:20.000Z","volume":2000,"label":" ","price":4.44},{"type":"B","date":"2018-03-26T02:24:05.000Z","volume":2000,"label":" ","price":4.44},{"type":"B","date":"2018-03-26T02:24:40.000Z","volume":3000,"label":" ","price":4.44},{"type":"B","date":"2018-03-26T02:24:40.000Z","volume":4000,"label":" ","price":4.43},{"type":"A","date":"2018-03-26T02:25:47.000Z","volume":1000,"label":" ","price":4.44},{"type":"A","date":"2018-03-26T02:25:47.000Z","volume":3000,"label":" ","price":4.44},{"type":"A","date":"2018-03-26T02:25:47.000Z","volume":1000,"label":" ","price":4.44},{"type":"A","date":"2018-03-26T02:25:47.000Z","volume":1000,"label":" ","price":4.44},{"type":"B","date":"2018-03-26T02:26:47.000Z","volume":21000,"label":" ","price":4.42},{"type":"A","date":"2018-03-26T02:26:47.000Z","volume":17000,"label":" ","price":4.42},{"type":"A","date":"2018-03-26T02:26:47.000Z","volume":13000,"label":"Y","price":4.42},{"type":"A","date":"2018-03-26T02:26:47.000Z","volume":3000,"label":"Y","price":4.42},{"type":"A","date":"2018-03-26T02:26:47.000Z","volume":1000,"label":" ","price":4.42},{"type":"A","date":"2018-03-26T02:26:47.000Z","volume":1000,"label":" ","price":4.42},{"type":"A","date":"2018-03-26T02:26:47.000Z","volume":1000,"label":"Y","price":4.42},{"type":"A","date":"2018-03-26T02:26:47.000Z","volume":5000,"label":" ","price":4.43},{"type":"U","date":"2018-03-26T02:28:23.000Z","volume":1000,"label":"X","price":4.42},{"type":"U","date":"2018-03-26T02:28:36.000Z","volume":12000,"label":"X","price":4.42},{"type":"A","date":"2018-03-26T02:29:15.000Z","volume":3000,"label":" ","price":4.43},{"type":"A","date":"2018-03-26T02:29:48.000Z","volume":2000,"label":"Y","price":4.43},{"type":"A","date":"2018-03-26T02:29:48.000Z","volume":1000,"label":" ","price":4.43},{"type":"A","date":"2018-03-26T02:29:48.000Z","volume":1000,"label":" ","price":4.44},{"type":"A","date":"2018-03-26T02:29:48.000Z","volume":1000,"label":" ","price":4.44},{"type":"A","date":"2018-03-26T02:29:48.000Z","volume":1000,"label":" ","price":4.44},{"type":"A","date":"2018-03-26T02:32:20.000Z","volume":3000,"label":" ","price":4.44},{"type":"A","date":"2018-03-26T02:32:20.000Z","volume":17000,"label":" ","price":4.44},{"type":"A","date":"2018-03-26T02:32:59.000Z","volume":3000,"label":" ","price":4.45},{"type":"A","date":"2018-03-26T02:32:59.000Z","volume":1000,"label":" ","price":4.45},{"type":"A","date":"2018-03-26T02:32:59.000Z","volume":1000,"label":" ","price":4.45},{"type":"A","date":"2018-03-26T02:32:59.000Z","volume":1000,"label":" ","price":4.45},{"type":"A","date":"2018-03-26T02:32:59.000Z","volume":2000,"label":" ","price":4.45},{"type":"A","date":"2018-03-26T02:34:42.000Z","volume":1000,"label":" ","price":4.45},{"type":"A","date":"2018-03-26T02:36:09.000Z","volume":2000,"label":" ","price":4.45},{"type":"A","date":"2018-03-26T02:36:09.000Z","volume":1000,"label":" ","price":4.45},{"type":"A","date":"2018-03-26T02:36:09.000Z","volume":1000,"label":" ","price":4.45},{"type":"A","date":"2018-03-26T02:36:09.000Z","volume":1000,"label":" ","price":4.45},{"type":"A","date":"2018-03-26T02:36:09.000Z","volume":1000,"label":" ","price":4.45},{"type":"A","date":"2018-03-26T02:36:32.000Z","volume":4000,"label":" ","price":4.45},{"type":"A","date":"2018-03-26T02:37:20.000Z","volume":1000,"label":" ","price":4.45},{"type":"B","date":"2018-03-26T02:37:30.000Z","volume":1000,"label":" ","price":4.44},{"type":"B","date":"2018-03-26T02:37:45.000Z","volume":1000,"label":" ","price":4.44},{"type":"A","date":"2018-03-26T02:37:45.000Z","volume":1000,"label":" ","price":4.45},{"type":"B","date":"2018-03-26T02:38:00.000Z","volume":1000,"label":" ","price":4.44},{"type":"B","date":"2018-03-26T02:38:30.000Z","volume":1000,"label":" ","price":4.44},{"type":"B","date":"2018-03-26T02:38:45.000Z","volume":1000,"label":" ","price":4.44},{"type":"B","date":"2018-03-26T02:39:10.000Z","volume":1000,"label":" ","price":4.44},{"type":"B","date":"2018-03-26T02:39:20.000Z","volume":1000,"label":" ","price":4.44},{"type":"B","date":"2018-03-26T02:39:30.000Z","volume":1000,"label":" ","price":4.44},{"type":"B","date":"2018-03-26T02:39:40.000Z","volume":1000,"label":" ","price":4.44},{"type":"B","date":"2018-03-26T02:40:00.000Z","volume":1000,"label":" ","price":4.44},{"type":"A","date":"2018-03-26T02:40:01.000Z","volume":2000,"label":" ","price":4.45},{"type":"A","date":"2018-03-26T02:40:01.000Z","volume":1000,"label":" ","price":4.45},{"type":"A","date":"2018-03-26T02:40:01.000Z","volume":1000,"label":" ","price":4.45},{"type":"A","date":"2018-03-26T02:40:01.000Z","volume":1000,"label":" ","price":4.45},{"type":"A","date":"2018-03-26T02:40:01.000Z","volume":1000,"label":" ","price":4.45},{"type":"B","date":"2018-03-26T02:40:10.000Z","volume":1000,"label":" ","price":4.44},{"type":"A","date":"2018-03-26T02:40:20.000Z","volume":4000,"label":" ","price":4.45},{"type":"A","date":"2018-03-26T02:40:20.000Z","volume":15000,"label":" ","price":4.45},{"type":"B","date":"2018-03-26T02:40:30.000Z","volume":1000,"label":" ","price":4.44},{"type":"B","date":"2018-03-26T02:40:40.000Z","volume":1000,"label":" ","price":4.44},{"type":"B","date":"2018-03-26T02:41:00.000Z","volume":1000,"label":" ","price":4.44},{"type":"A","date":"2018-03-26T02:41:11.000Z","volume":1000,"label":" ","price":4.45},{"type":"B","date":"2018-03-26T02:41:20.000Z","volume":1000,"label":" ","price":4.44},{"type":"B","date":"2018-03-26T02:41:43.000Z","volume":5000,"label":" ","price":4.44},{"type":"B","date":"2018-03-26T02:41:43.000Z","volume":4000,"label":" ","price":4.44},{"type":"B","date":"2018-03-26T02:42:00.000Z","volume":1000,"label":" ","price":4.44},{"type":"B","date":"2018-03-26T02:42:07.000Z","volume":2000,"label":" ","price":4.44},{"type":"B","date":"2018-03-26T02:42:20.000Z","volume":1000,"label":" ","price":4.44},{"type":"A","date":"2018-03-26T02:42:45.000Z","volume":10000,"label":" ","price":4.45},{"type":"A","date":"2018-03-26T02:42:57.000Z","volume":1000,"label":" ","price":4.45},{"type":"B","date":"2018-03-26T02:42:57.000Z","volume":1000,"label":" ","price":4.44},{"type":"B","date":"2018-03-26T02:43:10.000Z","volume":1000,"label":" ","price":4.44},{"type":"B","date":"2018-03-26T02:43:19.000Z","volume":1000,"label":" ","price":4.44},{"type":"B","date":"2018-03-26T02:43:40.000Z","volume":1000,"label":" ","price":4.44},{"type":"B","date":"2018-03-26T02:43:50.000Z","volume":1000,"label":" ","price":4.44},{"type":"A","date":"2018-03-26T02:43:51.000Z","volume":3000,"label":" ","price":4.45},{"type":"B","date":"2018-03-26T02:44:18.000Z","volume":1000,"label":" ","price":4.44},{"type":"B","date":"2018-03-26T02:44:36.000Z","volume":10000,"label":" ","price":4.44},{"type":"B","date":"2018-03-26T02:44:36.000Z","volume":4000,"label":" ","price":4.44},{"type":"B","date":"2018-03-26T02:44:36.000Z","volume":2000,"label":" ","price":4.44},{"type":"A","date":"2018-03-26T02:44:36.000Z","volume":2000,"label":" ","price":4.45},{"type":"A","date":"2018-03-26T02:44:36.000Z","volume":1000,"label":" ","price":4.44},{"type":"B","date":"2018-03-26T02:45:35.000Z","volume":1000,"label":" ","price":4.43},{"type":"A","date":"2018-03-26T02:46:08.000Z","volume":1000,"label":" ","price":4.44},{"type":"B","date":"2018-03-26T02:46:15.000Z","volume":1000,"label":" ","price":4.43},{"type":"A","date":"2018-03-26T02:46:22.000Z","volume":4000,"label":" ","price":4.44},{"type":"A","date":"2018-03-26T02:46:22.000Z","volume":1000,"label":" ","price":4.44},{"type":"A","date":"2018-03-26T02:46:22.000Z","volume":1000,"label":" ","price":4.44},{"type":"A","date":"2018-03-26T02:46:22.000Z","volume":16000,"label":" ","price":4.44},{"type":"A","date":"2018-03-26T02:46:22.000Z","volume":3000,"label":" ","price":4.44},{"type":"A","date":"2018-03-26T02:46:22.000Z","volume":1000,"label":" ","price":4.44},{"type":"A","date":"2018-03-26T02:47:58.000Z","volume":3000,"label":" ","price":4.44},{"type":"A","date":"2018-03-26T02:50:13.000Z","volume":2000,"label":" ","price":4.44},{"type":"A","date":"2018-03-26T02:50:13.000Z","volume":1000,"label":" ","price":4.44},{"type":"A","date":"2018-03-26T02:50:13.000Z","volume":1000,"label":" ","price":4.44},{"type":"A","date":"2018-03-26T02:50:13.000Z","volume":1000,"label":" ","price":4.44},{"type":"A","date":"2018-03-26T02:50:13.000Z","volume":1000,"label":" ","price":4.44},{"type":"B","date":"2018-03-26T02:50:28.000Z","volume":2000,"label":" ","price":4.43},{"type":"A","date":"2018-03-26T02:51:08.000Z","volume":1000,"label":" ","price":4.44},{"type":"B","date":"2018-03-26T02:53:35.000Z","volume":1000,"label":" ","price":4.43},{"type":"A","date":"2018-03-26T02:53:53.000Z","volume":4000,"label":" ","price":4.44},{"type":"A","date":"2018-03-26T02:53:53.000Z","volume":1000,"label":" ","price":4.44},{"type":"A","date":"2018-03-26T02:53:53.000Z","volume":1000,"label":" ","price":4.44},{"type":"B","date":"2018-03-26T02:54:02.000Z","volume":17000,"label":" ","price":4.43},{"type":"B","date":"2018-03-26T02:54:02.000Z","volume":23000,"label":" ","price":4.42},{"type":"B","date":"2018-03-26T02:54:02.000Z","volume":2000,"label":" ","price":4.41},{"type":"B","date":"2018-03-26T02:54:02.000Z","volume":4000,"label":" ","price":4.4},{"type":"B","date":"2018-03-26T02:54:02.000Z","volume":4000,"label":" ","price":4.39},{"type":"B","date":"2018-03-26T02:54:02.000Z","volume":13000,"label":" ","price":4.42},{"type":"B","date":"2018-03-26T02:54:02.000Z","volume":13000,"label":" ","price":4.42},{"type":"B","date":"2018-03-26T02:54:13.000Z","volume":1000,"label":" ","price":4.39},{"type":"A","date":"2018-03-26T02:54:13.000Z","volume":1000,"label":" ","price":4.42},{"type":"U","date":"2018-03-26T02:54:13.000Z","volume":1000,"label":" ","price":4.42},{"type":"A","date":"2018-03-26T02:54:13.000Z","volume":1000,"label":" ","price":4.42},{"type":"A","date":"2018-03-26T02:54:13.000Z","volume":1000,"label":"Y","price":4.42},{"type":"A","date":"2018-03-26T02:54:13.000Z","volume":12000,"label":"Y","price":4.42},{"type":"U","date":"2018-03-26T02:55:20.000Z","volume":3000,"label":"X","price":4.415},{"type":"U","date":"2018-03-26T02:55:29.000Z","volume":8000,"label":"X","price":4.415},{"type":"U","date":"2018-03-26T02:56:10.000Z","volume":2000,"label":"X","price":4.415},{"type":"U","date":"2018-03-26T02:56:45.000Z","volume":2000,"label":"X","price":4.415},{"type":"U","date":"2018-03-26T02:58:01.000Z","volume":2000,"label":"X","price":4.42},{"type":"A","date":"2018-03-26T02:58:39.000Z","volume":2000,"label":" ","price":4.42},{"type":"B","date":"2018-03-26T02:59:29.000Z","volume":2000,"label":" ","price":4.42},{"type":"A","date":"2018-03-26T03:00:35.000Z","volume":1000,"label":" ","price":4.43},{"type":"A","date":"2018-03-26T03:00:35.000Z","volume":3000,"label":" ","price":4.43},{"type":"A","date":"2018-03-26T03:00:36.000Z","volume":1000,"label":" ","price":4.43},{"type":"A","date":"2018-03-26T03:00:36.000Z","volume":1000,"label":" ","price":4.43},{"type":"A","date":"2018-03-26T03:03:01.000Z","volume":1000,"label":" ","price":4.43},{"type":"A","date":"2018-03-26T03:04:46.000Z","volume":2000,"label":" ","price":4.43},{"type":"A","date":"2018-03-26T03:04:46.000Z","volume":1000,"label":" ","price":4.43},{"type":"A","date":"2018-03-26T03:04:46.000Z","volume":1000,"label":" ","price":4.43},{"type":"A","date":"2018-03-26T03:04:46.000Z","volume":1000,"label":" ","price":4.43},{"type":"A","date":"2018-03-26T03:04:46.000Z","volume":1000,"label":" ","price":4.43},{"type":"A","date":"2018-03-26T03:05:59.000Z","volume":15000,"label":" ","price":4.43},{"type":"B","date":"2018-03-26T03:05:59.000Z","volume":1000,"label":" ","price":4.42},{"type":"B","date":"2018-03-26T03:06:15.000Z","volume":1000,"label":" ","price":4.42},{"type":"B","date":"2018-03-26T03:06:45.000Z","volume":1000,"label":" ","price":4.42},{"type":"A","date":"2018-03-26T03:06:57.000Z","volume":1000,"label":" ","price":4.43},{"type":"B","date":"2018-03-26T03:07:00.000Z","volume":1000,"label":" ","price":4.42},{"type":"B","date":"2018-03-26T03:07:50.000Z","volume":1000,"label":" ","price":4.42},{"type":"B","date":"2018-03-26T03:08:05.000Z","volume":1000,"label":" ","price":4.42},{"type":"B","date":"2018-03-26T03:08:06.000Z","volume":3000,"label":" ","price":4.42},{"type":"B","date":"2018-03-26T03:08:30.000Z","volume":1000,"label":" ","price":4.42},{"type":"B","date":"2018-03-26T03:08:40.000Z","volume":1000,"label":"Y","price":4.42},{"type":"B","date":"2018-03-26T03:08:40.000Z","volume":1000,"label":" ","price":4.42},{"type":"U","date":"2018-03-26T03:08:58.000Z","volume":1000,"label":"X","price":4.425},{"type":"A","date":"2018-03-26T03:08:58.000Z","volume":2000,"label":" ","price":4.43},{"type":"A","date":"2018-03-26T03:08:58.000Z","volume":1000,"label":" ","price":4.43},{"type":"A","date":"2018-03-26T03:08:58.000Z","volume":1000,"label":" ","price":4.43},{"type":"A","date":"2018-03-26T03:08:58.000Z","volume":1000,"label":" ","price":4.43},{"type":"A","date":"2018-03-26T03:08:58.000Z","volume":1000,"label":" ","price":4.43},{"type":"B","date":"2018-03-26T03:09:00.000Z","volume":1000,"label":"Y","price":4.42},{"type":"B","date":"2018-03-26T03:09:07.000Z","volume":3000,"label":" ","price":4.42},{"type":"B","date":"2018-03-26T03:09:15.000Z","volume":1000,"label":"Y","price":4.42},{"type":"B","date":"2018-03-26T03:09:30.000Z","volume":1000,"label":"Y","price":4.42},{"type":"A","date":"2018-03-26T03:09:53.000Z","volume":2000,"label":" ","price":4.43},{"type":"B","date":"2018-03-26T03:09:57.000Z","volume":1000,"label":"Y","price":4.42},{"type":"B","date":"2018-03-26T03:10:15.000Z","volume":1000,"label":"Y","price":4.42},{"type":"A","date":"2018-03-26T03:10:30.000Z","volume":1000,"label":" ","price":4.43},{"type":"B","date":"2018-03-26T03:10:35.000Z","volume":1000,"label":"Y","price":4.42},{"type":"A","date":"2018-03-26T03:10:46.000Z","volume":1000,"label":" ","price":4.43},{"type":"A","date":"2018-03-26T03:11:02.000Z","volume":6000,"label":" ","price":4.43},{"type":"B","date":"2018-03-26T03:11:15.000Z","volume":1000,"label":"Y","price":4.42},{"type":"B","date":"2018-03-26T03:11:47.000Z","volume":4000,"label":"Y","price":4.42},{"type":"B","date":"2018-03-26T03:11:47.000Z","volume":73000,"label":" ","price":4.42},{"type":"B","date":"2018-03-26T03:11:47.000Z","volume":10000,"label":" ","price":4.41},{"type":"B","date":"2018-03-26T03:11:47.000Z","volume":22000,"label":" ","price":4.42},{"type":"B","date":"2018-03-26T03:11:47.000Z","volume":12000,"label":" ","price":4.42},{"type":"B","date":"2018-03-26T03:11:47.000Z","volume":22000,"label":" ","price":4.42},{"type":"B","date":"2018-03-26T03:11:47.000Z","volume":10000,"label":" ","price":4.42},{"type":"B","date":"2018-03-26T03:11:47.000Z","volume":10000,"label":"Y","price":4.42},{"type":"B","date":"2018-03-26T03:11:47.000Z","volume":3000,"label":"Y","price":4.42},{"type":"A","date":"2018-03-26T03:11:47.000Z","volume":1000,"label":" ","price":4.42},{"type":"A","date":"2018-03-26T03:11:48.000Z","volume":3000,"label":" ","price":4.42},{"type":"A","date":"2018-03-26T03:11:48.000Z","volume":3000,"label":" ","price":4.42},{"type":"A","date":"2018-03-26T03:11:48.000Z","volume":1000,"label":"Y","price":4.42},{"type":"A","date":"2018-03-26T03:11:48.000Z","volume":2000,"label":" ","price":4.42},{"type":"A","date":"2018-03-26T03:11:48.000Z","volume":2000,"label":" ","price":4.42},{"type":"A","date":"2018-03-26T03:11:48.000Z","volume":5000,"label":" ","price":4.42},{"type":"A","date":"2018-03-26T03:11:48.000Z","volume":2000,"label":" ","price":4.42},{"type":"A","date":"2018-03-26T03:11:48.000Z","volume":1000,"label":"Y","price":4.42},{"type":"A","date":"2018-03-26T03:11:48.000Z","volume":3000,"label":" ","price":4.42},{"type":"A","date":"2018-03-26T03:11:48.000Z","volume":3000,"label":" ","price":4.42},{"type":"A","date":"2018-03-26T03:11:48.000Z","volume":5000,"label":" ","price":4.42},{"type":"A","date":"2018-03-26T03:11:53.000Z","volume":4000,"label":" ","price":4.42},{"type":"U","date":"2018-03-26T03:12:00.000Z","volume":7000,"label":" ","price":4.42},{"type":"A","date":"2018-03-26T03:14:58.000Z","volume":4000,"label":"Y","price":4.42},{"type":"A","date":"2018-03-26T03:14:58.000Z","volume":6000,"label":" ","price":4.42},{"type":"A","date":"2018-03-26T03:16:09.000Z","volume":3000,"label":" ","price":4.42},{"type":"B","date":"2018-03-26T03:16:17.000Z","volume":2000,"label":" ","price":4.39},{"type":"A","date":"2018-03-26T03:16:21.000Z","volume":2000,"label":" ","price":4.42},{"type":"A","date":"2018-03-26T03:16:21.000Z","volume":1000,"label":" ","price":4.42},{"type":"A","date":"2018-03-26T03:16:21.000Z","volume":1000,"label":" ","price":4.42},{"type":"A","date":"2018-03-26T03:16:21.000Z","volume":1000,"label":" ","price":4.42},{"type":"A","date":"2018-03-26T03:16:21.000Z","volume":1000,"label":" ","price":4.42},{"type":"A","date":"2018-03-26T03:18:12.000Z","volume":5000,"label":" ","price":4.42},{"type":"U","date":"2018-03-26T03:19:03.000Z","volume":1000,"label":" ","price":4.4},{"type":"B","date":"2018-03-26T03:19:18.000Z","volume":2000,"label":" ","price":4.4},{"type":"B","date":"2018-03-26T03:19:20.000Z","volume":3000,"label":" ","price":4.4},{"type":"U","date":"2018-03-26T03:19:20.000Z","volume":9000,"label":"X","price":4.4},{"type":"A","date":"2018-03-26T03:19:20.000Z","volume":2000,"label":" ","price":4.41},{"type":"B","date":"2018-03-26T03:19:55.000Z","volume":1000,"label":" ","price":4.39},{"type":"B","date":"2018-03-26T03:20:10.000Z","volume":1000,"label":" ","price":4.39},{"type":"A","date":"2018-03-26T03:20:20.000Z","volume":2000,"label":" ","price":4.41},{"type":"A","date":"2018-03-26T03:21:02.000Z","volume":2000,"label":" ","price":4.41},{"type":"A","date":"2018-03-26T03:21:02.000Z","volume":1000,"label":" ","price":4.41},{"type":"A","date":"2018-03-26T03:21:02.000Z","volume":1000,"label":" ","price":4.41},{"type":"A","date":"2018-03-26T03:21:02.000Z","volume":1000,"label":" ","price":4.41},{"type":"A","date":"2018-03-26T03:21:02.000Z","volume":1000,"label":" ","price":4.41},{"type":"A","date":"2018-03-26T03:21:05.000Z","volume":1000,"label":" ","price":4.41},{"type":"A","date":"2018-03-26T03:23:12.000Z","volume":2000,"label":" ","price":4.41},{"type":"U","date":"2018-03-26T03:23:21.000Z","volume":2000,"label":"X","price":4.39},{"type":"B","date":"2018-03-26T03:23:54.000Z","volume":1000,"label":" ","price":4.4},{"type":"B","date":"2018-03-26T03:25:33.000Z","volume":1000,"label":" ","price":4.39},{"type":"B","date":"2018-03-26T03:25:50.000Z","volume":1000,"label":" ","price":4.39},{"type":"A","date":"2018-03-26T03:26:04.000Z","volume":2000,"label":" ","price":4.41},{"type":"A","date":"2018-03-26T03:26:04.000Z","volume":1000,"label":" ","price":4.41},{"type":"A","date":"2018-03-26T03:26:04.000Z","volume":1000,"label":" ","price":4.41},{"type":"A","date":"2018-03-26T03:26:04.000Z","volume":1000,"label":" ","price":4.41},{"type":"A","date":"2018-03-26T03:26:04.000Z","volume":1000,"label":" ","price":4.41},{"type":"B","date":"2018-03-26T03:27:02.000Z","volume":1000,"label":" ","price":4.39},{"type":"B","date":"2018-03-26T03:27:22.000Z","volume":2000,"label":" ","price":4.4},{"type":"U","date":"2018-03-26T03:27:22.000Z","volume":7000,"label":"X","price":4.4},{"type":"B","date":"2018-03-26T03:27:24.000Z","volume":1000,"label":" ","price":4.4},{"type":"B","date":"2018-03-26T03:28:10.000Z","volume":1000,"label":" ","price":4.4},{"type":"B","date":"2018-03-26T03:28:30.000Z","volume":1000,"label":" ","price":4.4},{"type":"B","date":"2018-03-26T03:29:25.000Z","volume":1000,"label":" ","price":4.4},{"type":"B","date":"2018-03-26T03:30:05.000Z","volume":1000,"label":" ","price":4.4},{"type":"A","date":"2018-03-26T03:30:06.000Z","volume":4000,"label":" ","price":4.41},{"type":"A","date":"2018-03-26T03:30:06.000Z","volume":4000,"label":" ","price":4.41},{"type":"A","date":"2018-03-26T03:30:06.000Z","volume":1000,"label":" ","price":4.41},{"type":"A","date":"2018-03-26T03:30:06.000Z","volume":1000,"label":" ","price":4.41},{"type":"A","date":"2018-03-26T03:30:26.000Z","volume":1000,"label":" ","price":4.41},{"type":"A","date":"2018-03-26T03:31:05.000Z","volume":2000,"label":" ","price":4.41},{"type":"A","date":"2018-03-26T03:31:27.000Z","volume":1000,"label":" ","price":4.41},{"type":"A","date":"2018-03-26T03:31:54.000Z","volume":2000,"label":" ","price":4.41},{"type":"A","date":"2018-03-26T03:32:17.000Z","volume":1000,"label":" ","price":4.41},{"type":"A","date":"2018-03-26T03:32:17.000Z","volume":14000,"label":" ","price":4.41},{"type":"A","date":"2018-03-26T03:32:17.000Z","volume":6000,"label":" ","price":4.41},{"type":"A","date":"2018-03-26T03:32:20.000Z","volume":1000,"label":" ","price":4.41},{"type":"A","date":"2018-03-26T03:32:20.000Z","volume":3000,"label":" ","price":4.42},{"type":"A","date":"2018-03-26T03:32:20.000Z","volume":1000,"label":" ","price":4.41},{"type":"B","date":"2018-03-26T03:33:13.000Z","volume":2000,"label":" ","price":4.41},{"type":"A","date":"2018-03-26T03:33:17.000Z","volume":1000,"label":" ","price":4.42},{"type":"A","date":"2018-03-26T03:34:07.000Z","volume":1000,"label":" ","price":4.42},{"type":"B","date":"2018-03-26T03:34:46.000Z","volume":3000,"label":"Y","price":4.41},{"type":"B","date":"2018-03-26T03:34:46.000Z","volume":7000,"label":" ","price":4.41},{"type":"B","date":"2018-03-26T03:34:46.000Z","volume":5000,"label":" ","price":4.41},{"type":"A","date":"2018-03-26T03:34:46.000Z","volume":2000,"label":" ","price":4.42},{"type":"A","date":"2018-03-26T03:36:05.000Z","volume":1000,"label":" ","price":4.42},{"type":"A","date":"2018-03-26T03:36:07.000Z","volume":1000,"label":" ","price":4.42},{"type":"A","date":"2018-03-26T03:36:57.000Z","volume":1000,"label":" ","price":4.42},{"type":"A","date":"2018-03-26T03:37:58.000Z","volume":1000,"label":" ","price":4.42},{"type":"B","date":"2018-03-26T03:38:04.000Z","volume":1000,"label":" ","price":4.41},{"type":"A","date":"2018-03-26T03:38:48.000Z","volume":1000,"label":" ","price":4.42},{"type":"A","date":"2018-03-26T03:39:48.000Z","volume":1000,"label":" ","price":4.42},{"type":"A","date":"2018-03-26T03:40:38.000Z","volume":1000,"label":" ","price":4.42},{"type":"A","date":"2018-03-26T03:40:55.000Z","volume":2000,"label":" ","price":4.42},{"type":"B","date":"2018-03-26T03:41:35.000Z","volume":1000,"label":" ","price":4.41},{"type":"A","date":"2018-03-26T03:41:39.000Z","volume":1000,"label":" ","price":4.42},{"type":"B","date":"2018-03-26T03:42:05.000Z","volume":1000,"label":" ","price":4.41},{"type":"A","date":"2018-03-26T03:42:29.000Z","volume":1000,"label":" ","price":4.42},{"type":"B","date":"2018-03-26T03:42:29.000Z","volume":1000,"label":" ","price":4.41},{"type":"B","date":"2018-03-26T03:42:35.000Z","volume":2000,"label":" ","price":4.41},{"type":"B","date":"2018-03-26T03:43:15.000Z","volume":1000,"label":" ","price":4.41},{"type":"A","date":"2018-03-26T03:43:29.000Z","volume":1000,"label":" ","price":4.42},{"type":"B","date":"2018-03-26T03:43:52.000Z","volume":1000,"label":" ","price":4.41},{"type":"B","date":"2018-03-26T03:44:10.000Z","volume":1000,"label":" ","price":4.41},{"type":"B","date":"2018-03-26T03:44:35.000Z","volume":2000,"label":" ","price":4.41},{"type":"B","date":"2018-03-26T03:44:50.000Z","volume":1000,"label":" ","price":4.41},{"type":"B","date":"2018-03-26T03:45:07.000Z","volume":1000,"label":" ","price":4.41},{"type":"A","date":"2018-03-26T03:45:10.000Z","volume":1000,"label":" ","price":4.42},{"type":"A","date":"2018-03-26T03:45:19.000Z","volume":1000,"label":" ","price":4.42},{"type":"A","date":"2018-03-26T03:45:25.000Z","volume":3000,"label":" ","price":4.42},{"type":"B","date":"2018-03-26T03:45:38.000Z","volume":2000,"label":" ","price":4.41},{"type":"B","date":"2018-03-26T03:45:50.000Z","volume":1000,"label":" ","price":4.41},{"type":"A","date":"2018-03-26T03:46:09.000Z","volume":1000,"label":" ","price":4.42},{"type":"B","date":"2018-03-26T03:46:09.000Z","volume":1000,"label":" ","price":4.41},{"type":"B","date":"2018-03-26T03:46:50.000Z","volume":1000,"label":" ","price":4.41},{"type":"B","date":"2018-03-26T03:47:07.000Z","volume":2000,"label":" ","price":4.41},{"type":"B","date":"2018-03-26T03:47:10.000Z","volume":1000,"label":" ","price":4.41},{"type":"A","date":"2018-03-26T03:48:00.000Z","volume":1000,"label":" ","price":4.42},{"type":"B","date":"2018-03-26T03:48:00.000Z","volume":1000,"label":" ","price":4.41},{"type":"B","date":"2018-03-26T03:48:50.000Z","volume":1000,"label":" ","price":4.41},{"type":"B","date":"2018-03-26T03:48:50.000Z","volume":11000,"label":" ","price":4.41},{"type":"B","date":"2018-03-26T03:49:20.000Z","volume":1000,"label":" ","price":4.4},{"type":"A","date":"2018-03-26T03:49:20.000Z","volume":1000,"label":" ","price":4.41},{"type":"A","date":"2018-03-26T03:49:20.000Z","volume":2000,"label":" ","price":4.42},{"type":"A","date":"2018-03-26T03:49:32.000Z","volume":1000,"label":" ","price":4.41},{"type":"A","date":"2018-03-26T03:49:32.000Z","volume":18000,"label":" ","price":4.41},{"type":"A","date":"2018-03-26T03:49:32.000Z","volume":3000,"label":" ","price":4.41},{"type":"A","date":"2018-03-26T03:50:51.000Z","volume":1000,"label":" ","price":4.41},{"type":"A","date":"2018-03-26T03:51:51.000Z","volume":1000,"label":" ","price":4.41},{"type":"A","date":"2018-03-26T03:52:51.000Z","volume":1000,"label":" ","price":4.41},{"type":"A","date":"2018-03-26T03:54:02.000Z","volume":1000,"label":" ","price":4.41},{"type":"A","date":"2018-03-26T03:55:22.000Z","volume":1000,"label":" ","price":4.41},{"type":"A","date":"2018-03-26T03:56:02.000Z","volume":1000,"label":" ","price":4.41},{"type":"A","date":"2018-03-26T03:57:22.000Z","volume":1000,"label":" ","price":4.41},{"type":"A","date":"2018-03-26T03:57:50.000Z","volume":10000,"label":" ","price":4.41},{"type":"A","date":"2018-03-26T03:57:50.000Z","volume":2000,"label":" ","price":4.41},{"type":"A","date":"2018-03-26T03:58:10.000Z","volume":1000,"label":" ","price":4.41},{"type":"A","date":"2018-03-26T03:59:06.000Z","volume":2000,"label":" ","price":4.41},{"type":"B","date":"2018-03-26T03:59:15.000Z","volume":2000,"label":"Y","price":4.4},{"type":"B","date":"2018-03-26T03:59:15.000Z","volume":27000,"label":" ","price":4.4},{"type":"U","date":"2018-03-26T03:59:15.000Z","volume":6000,"label":" ","price":4.4},{"type":"A","date":"2018-03-26T03:59:27.000Z","volume":2000,"label":" ","price":4.41},{"type":"B","date":"2018-03-26T03:59:50.000Z","volume":2000,"label":"Y","price":4.4},{"type":"B","date":"2018-03-26T03:59:50.000Z","volume":15000,"label":" ","price":4.4},{"type":"A","date":"2018-03-26T03:59:50.000Z","volume":1000,"label":" ","price":4.41},{"type":"U","date":"2018-03-26T05:00:02.000Z","volume":4000,"label":"X","price":4.4},{"type":"B","date":"2018-03-26T05:00:12.000Z","volume":1000,"label":" ","price":4.39},{"type":"U","date":"2018-03-26T05:01:17.000Z","volume":1000,"label":"X","price":4.4},{"type":"U","date":"2018-03-26T05:01:24.000Z","volume":1000,"label":"X","price":4.4},{"type":"A","date":"2018-03-26T05:02:15.000Z","volume":16000,"label":" ","price":4.4},{"type":"A","date":"2018-03-26T05:02:15.000Z","volume":9000,"label":" ","price":4.4},{"type":"U","date":"2018-03-26T05:02:15.000Z","volume":4000,"label":" ","price":4.4},{"type":"U","date":"2018-03-26T05:02:15.000Z","volume":2000,"label":" ","price":4.4},{"type":"A","date":"2018-03-26T05:02:16.000Z","volume":2000,"label":" ","price":4.4},{"type":"A","date":"2018-03-26T05:02:17.000Z","volume":3000,"label":" ","price":4.4},{"type":"A","date":"2018-03-26T05:02:17.000Z","volume":1000,"label":" ","price":4.4},{"type":"A","date":"2018-03-26T05:02:30.000Z","volume":1000,"label":"Y","price":4.4},{"type":"A","date":"2018-03-26T05:02:30.000Z","volume":3000,"label":" ","price":4.4},{"type":"A","date":"2018-03-26T05:02:31.000Z","volume":1000,"label":" ","price":4.4},{"type":"A","date":"2018-03-26T05:02:32.000Z","volume":1000,"label":" ","price":4.4},{"type":"A","date":"2018-03-26T05:02:32.000Z","volume":3000,"label":" ","price":4.41},{"type":"A","date":"2018-03-26T05:03:38.000Z","volume":3000,"label":" ","price":4.41},{"type":"A","date":"2018-03-26T05:03:52.000Z","volume":3000,"label":" ","price":4.4},{"type":"A","date":"2018-03-26T05:03:54.000Z","volume":1000,"label":" ","price":4.4},{"type":"A","date":"2018-03-26T05:04:09.000Z","volume":1000,"label":" ","price":4.4},{"type":"A","date":"2018-03-26T05:04:55.000Z","volume":1000,"label":" ","price":4.4},{"type":"U","date":"2018-03-26T05:05:09.000Z","volume":2000,"label":"X","price":4.395},{"type":"A","date":"2018-03-26T05:05:09.000Z","volume":1000,"label":" ","price":4.4},{"type":"U","date":"2018-03-26T05:05:10.000Z","volume":2000,"label":"X","price":4.395},{"type":"A","date":"2018-03-26T05:05:10.000Z","volume":7000,"label":" ","price":4.4},{"type":"A","date":"2018-03-26T05:05:10.000Z","volume":3000,"label":" ","price":4.4},{"type":"A","date":"2018-03-26T05:05:12.000Z","volume":2000,"label":" ","price":4.4},{"type":"A","date":"2018-03-26T05:05:24.000Z","volume":3000,"label":" ","price":4.4},{"type":"A","date":"2018-03-26T05:05:24.000Z","volume":1000,"label":" ","price":4.4},{"type":"A","date":"2018-03-26T05:05:24.000Z","volume":1000,"label":" ","price":4.4},{"type":"A","date":"2018-03-26T05:06:12.000Z","volume":1000,"label":" ","price":4.4},{"type":"A","date":"2018-03-26T05:06:13.000Z","volume":1000,"label":" ","price":4.4},{"type":"A","date":"2018-03-26T05:06:40.000Z","volume":1000,"label":" ","price":4.4},{"type":"A","date":"2018-03-26T05:06:54.000Z","volume":1000,"label":" ","price":4.4},{"type":"A","date":"2018-03-26T05:06:54.000Z","volume":1000,"label":" ","price":4.4},{"type":"A","date":"2018-03-26T05:06:55.000Z","volume":1000,"label":" ","price":4.4},{"type":"A","date":"2018-03-26T05:07:10.000Z","volume":1000,"label":" ","price":4.4},{"type":"A","date":"2018-03-26T05:07:20.000Z","volume":1000,"label":" ","price":4.4},{"type":"U","date":"2018-03-26T05:07:20.000Z","volume":2000,"label":"X","price":4.395},{"type":"U","date":"2018-03-26T05:07:20.000Z","volume":4000,"label":"X","price":4.395},{"type":"U","date":"2018-03-26T05:07:20.000Z","volume":1000,"label":"X","price":4.395},{"type":"U","date":"2018-03-26T05:08:52.000Z","volume":1000,"label":"X","price":4.395},{"type":"U","date":"2018-03-26T05:08:52.000Z","volume":1000,"label":"X","price":4.395},{"type":"U","date":"2018-03-26T05:10:05.000Z","volume":1000,"label":"X","price":4.395},{"type":"U","date":"2018-03-26T05:10:05.000Z","volume":1000,"label":"X","price":4.395},{"type":"A","date":"2018-03-26T05:10:25.000Z","volume":2000,"label":" ","price":4.4},{"type":"A","date":"2018-03-26T05:10:25.000Z","volume":1000,"label":" ","price":4.4},{"type":"A","date":"2018-03-26T05:10:29.000Z","volume":2000,"label":" ","price":4.4},{"type":"U","date":"2018-03-26T05:10:48.000Z","volume":2000,"label":"X","price":4.395},{"type":"A","date":"2018-03-26T05:11:25.000Z","volume":1000,"label":" ","price":4.4},{"type":"A","date":"2018-03-26T05:11:35.000Z","volume":1000,"label":" ","price":4.4},{"type":"A","date":"2018-03-26T05:11:35.000Z","volume":1000,"label":" ","price":4.4},{"type":"A","date":"2018-03-26T05:12:01.000Z","volume":1000,"label":" ","price":4.4},{"type":"U","date":"2018-03-26T05:12:05.000Z","volume":2000,"label":"X","price":4.395},{"type":"A","date":"2018-03-26T05:12:23.000Z","volume":1000,"label":" ","price":4.4},{"type":"A","date":"2018-03-26T05:12:58.000Z","volume":4000,"label":" ","price":4.4},{"type":"A","date":"2018-03-26T05:12:58.000Z","volume":1000,"label":" ","price":4.4},{"type":"A","date":"2018-03-26T05:12:58.000Z","volume":1000,"label":" ","price":4.4},{"type":"A","date":"2018-03-26T05:12:58.000Z","volume":3000,"label":" ","price":4.4},{"type":"A","date":"2018-03-26T05:12:58.000Z","volume":1000,"label":" ","price":4.4},{"type":"A","date":"2018-03-26T05:12:58.000Z","volume":1000,"label":" ","price":4.4},{"type":"A","date":"2018-03-26T05:12:58.000Z","volume":1000,"label":" ","price":4.4},{"type":"A","date":"2018-03-26T05:12:58.000Z","volume":1000,"label":" ","price":4.4},{"type":"A","date":"2018-03-26T05:12:58.000Z","volume":1000,"label":" ","price":4.4},{"type":"A","date":"2018-03-26T05:12:58.000Z","volume":1000,"label":" ","price":4.4},{"type":"A","date":"2018-03-26T05:12:59.000Z","volume":2000,"label":" ","price":4.4},{"type":"U","date":"2018-03-26T05:13:16.000Z","volume":3000,"label":"X","price":4.395},{"type":"A","date":"2018-03-26T05:13:46.000Z","volume":2000,"label":" ","price":4.4},{"type":"A","date":"2018-03-26T05:14:30.000Z","volume":1000,"label":" ","price":4.4},{"type":"A","date":"2018-03-26T05:14:30.000Z","volume":1000,"label":" ","price":4.4},{"type":"A","date":"2018-03-26T05:14:35.000Z","volume":1000,"label":" ","price":4.4},{"type":"A","date":"2018-03-26T05:14:45.000Z","volume":1000,"label":" ","price":4.4},{"type":"U","date":"2018-03-26T05:14:46.000Z","volume":2000,"label":"X","price":4.395},{"type":"A","date":"2018-03-26T05:15:24.000Z","volume":2000,"label":" ","price":4.4},{"type":"A","date":"2018-03-26T05:15:40.000Z","volume":1000,"label":" ","price":4.4},{"type":"A","date":"2018-03-26T05:15:40.000Z","volume":6000,"label":" ","price":4.4},{"type":"A","date":"2018-03-26T05:15:40.000Z","volume":10000,"label":" ","price":4.41},{"type":"A","date":"2018-03-26T05:15:40.000Z","volume":1000,"label":" ","price":4.4},{"type":"A","date":"2018-03-26T05:15:40.000Z","volume":1000,"label":"Y","price":4.4},{"type":"A","date":"2018-03-26T05:15:40.000Z","volume":3000,"label":"Y","price":4.41},{"type":"A","date":"2018-03-26T05:15:41.000Z","volume":1000,"label":" ","price":4.41},{"type":"A","date":"2018-03-26T05:15:41.000Z","volume":1000,"label":" ","price":4.41},{"type":"A","date":"2018-03-26T05:15:41.000Z","volume":1000,"label":" ","price":4.41},{"type":"B","date":"2018-03-26T05:15:48.000Z","volume":9000,"label":" ","price":4.41},{"type":"A","date":"2018-03-26T05:15:48.000Z","volume":3000,"label":" ","price":4.42},{"type":"A","date":"2018-03-26T05:15:50.000Z","volume":2000,"label":" ","price":4.42},{"type":"A","date":"2018-03-26T05:19:49.000Z","volume":4000,"label":" ","price":4.42},{"type":"A","date":"2018-03-26T05:19:49.000Z","volume":1000,"label":" ","price":4.42},{"type":"A","date":"2018-03-26T05:19:49.000Z","volume":1000,"label":" ","price":4.42},{"type":"A","date":"2018-03-26T05:19:49.000Z","volume":1000,"label":" ","price":4.42},{"type":"A","date":"2018-03-26T05:19:49.000Z","volume":1000,"label":" ","price":4.42},{"type":"A","date":"2018-03-26T05:20:25.000Z","volume":2000,"label":" ","price":4.42},{"type":"A","date":"2018-03-26T05:20:25.000Z","volume":1000,"label":" ","price":4.42},{"type":"B","date":"2018-03-26T05:20:54.000Z","volume":5000,"label":"Y","price":4.41},{"type":"B","date":"2018-03-26T05:20:54.000Z","volume":18000,"label":" ","price":4.41},{"type":"B","date":"2018-03-26T05:20:55.000Z","volume":4000,"label":" ","price":4.41},{"type":"B","date":"2018-03-26T05:23:08.000Z","volume":4000,"label":" ","price":4.4},{"type":"B","date":"2018-03-26T05:23:50.000Z","volume":50000,"label":" ","price":4.4},{"type":"B","date":"2018-03-26T05:23:50.000Z","volume":6000,"label":" ","price":4.4},{"type":"B","date":"2018-03-26T05:23:50.000Z","volume":11000,"label":" ","price":4.4},{"type":"B","date":"2018-03-26T05:23:51.000Z","volume":4000,"label":" ","price":4.4},{"type":"B","date":"2018-03-26T05:23:51.000Z","volume":1000,"label":" ","price":4.4},{"type":"A","date":"2018-03-26T05:23:51.000Z","volume":4000,"label":" ","price":4.4},{"type":"A","date":"2018-03-26T05:23:51.000Z","volume":1000,"label":"Y","price":4.4},{"type":"A","date":"2018-03-26T05:23:51.000Z","volume":4000,"label":" ","price":4.4},{"type":"A","date":"2018-03-26T05:23:51.000Z","volume":4000,"label":" ","price":4.4},{"type":"A","date":"2018-03-26T05:23:51.000Z","volume":1000,"label":" ","price":4.4},{"type":"A","date":"2018-03-26T05:23:51.000Z","volume":3000,"label":" ","price":4.4},{"type":"A","date":"2018-03-26T05:23:51.000Z","volume":9000,"label":" ","price":4.41},{"type":"U","date":"2018-03-26T05:23:51.000Z","volume":1000,"label":" ","price":4.4},{"type":"A","date":"2018-03-26T05:24:32.000Z","volume":21000,"label":" ","price":4.4},{"type":"A","date":"2018-03-26T05:24:32.000Z","volume":5000,"label":" ","price":4.4},{"type":"A","date":"2018-03-26T05:24:32.000Z","volume":1000,"label":" ","price":4.4},{"type":"A","date":"2018-03-26T05:25:22.000Z","volume":10000,"label":" ","price":4.41},{"type":"A","date":"2018-03-26T05:25:23.000Z","volume":10000,"label":" ","price":4.41},{"type":"A","date":"2018-03-26T05:25:23.000Z","volume":3000,"label":" ","price":4.41},{"type":"A","date":"2018-03-26T05:25:23.000Z","volume":2000,"label":" ","price":4.41},{"type":"A","date":"2018-03-26T05:25:23.000Z","volume":1000,"label":"Y","price":4.41},{"type":"B","date":"2018-03-26T05:25:26.000Z","volume":2000,"label":" ","price":4.41},{"type":"U","date":"2018-03-26T05:25:29.000Z","volume":1000,"label":" ","price":4.41},{"type":"A","date":"2018-03-26T05:26:58.000Z","volume":5000,"label":" ","price":4.41},{"type":"A","date":"2018-03-26T05:26:59.000Z","volume":1000,"label":" ","price":4.41},{"type":"A","date":"2018-03-26T05:27:02.000Z","volume":3000,"label":" ","price":4.41},{"type":"A","date":"2018-03-26T05:27:02.000Z","volume":1000,"label":" ","price":4.41},{"type":"U","date":"2018-03-26T05:27:02.000Z","volume":1000,"label":" ","price":4.41},{"type":"B","date":"2018-03-26T05:27:56.000Z","volume":10000,"label":" ","price":4.4},{"type":"B","date":"2018-03-26T05:28:53.000Z","volume":4000,"label":"Y","price":4.4},{"type":"B","date":"2018-03-26T05:28:53.000Z","volume":41000,"label":" ","price":4.4},{"type":"U","date":"2018-03-26T05:30:10.000Z","volume":1000,"label":"X","price":4.395},{"type":"U","date":"2018-03-26T05:30:10.000Z","volume":1000,"label":"X","price":4.395},{"type":"U","date":"2018-03-26T05:31:26.000Z","volume":1000,"label":"X","price":4.395},{"type":"U","date":"2018-03-26T05:31:26.000Z","volume":1000,"label":"X","price":4.395},{"type":"U","date":"2018-03-26T05:31:43.000Z","volume":1000,"label":"X","price":4.395},{"type":"A","date":"2018-03-26T05:32:17.000Z","volume":1000,"label":" ","price":4.4},{"type":"A","date":"2018-03-26T05:32:17.000Z","volume":1000,"label":" ","price":4.4},{"type":"U","date":"2018-03-26T05:32:43.000Z","volume":2000,"label":"X","price":4.395},{"type":"U","date":"2018-03-26T05:32:59.000Z","volume":1000,"label":"X","price":4.395},{"type":"U","date":"2018-03-26T05:34:00.000Z","volume":2000,"label":"X","price":4.395},{"type":"U","date":"2018-03-26T05:35:16.000Z","volume":3000,"label":"X","price":4.395},{"type":"A","date":"2018-03-26T05:35:22.000Z","volume":1000,"label":" ","price":4.4},{"type":"A","date":"2018-03-26T05:35:25.000Z","volume":1000,"label":"Y","price":4.4},{"type":"A","date":"2018-03-26T05:35:25.000Z","volume":2000,"label":" ","price":4.4},{"type":"A","date":"2018-03-26T05:35:32.000Z","volume":1000,"label":"Y","price":4.4},{"type":"A","date":"2018-03-26T05:35:39.000Z","volume":1000,"label":" ","price":4.4},{"type":"A","date":"2018-03-26T05:36:09.000Z","volume":1000,"label":" ","price":4.4},{"type":"A","date":"2018-03-26T05:36:09.000Z","volume":8000,"label":" ","price":4.4},{"type":"A","date":"2018-03-26T05:36:09.000Z","volume":1000,"label":" ","price":4.4},{"type":"A","date":"2018-03-26T05:36:17.000Z","volume":2000,"label":" ","price":4.4},{"type":"A","date":"2018-03-26T05:36:17.000Z","volume":1000,"label":" ","price":4.4},{"type":"A","date":"2018-03-26T05:36:32.000Z","volume":1000,"label":" ","price":4.41},{"type":"A","date":"2018-03-26T05:36:55.000Z","volume":1000,"label":" ","price":4.41},{"type":"A","date":"2018-03-26T05:37:25.000Z","volume":1000,"label":" ","price":4.41},{"type":"A","date":"2018-03-26T05:37:26.000Z","volume":3000,"label":" ","price":4.4},{"type":"A","date":"2018-03-26T05:37:26.000Z","volume":1000,"label":" ","price":4.4},{"type":"A","date":"2018-03-26T05:37:26.000Z","volume":1000,"label":" ","price":4.4},{"type":"A","date":"2018-03-26T05:37:30.000Z","volume":1000,"label":"Y","price":4.4},{"type":"A","date":"2018-03-26T05:37:36.000Z","volume":1000,"label":"Y","price":4.4},{"type":"A","date":"2018-03-26T05:37:36.000Z","volume":2000,"label":" ","price":4.4},{"type":"A","date":"2018-03-26T05:37:38.000Z","volume":1000,"label":" ","price":4.4},{"type":"A","date":"2018-03-26T05:37:47.000Z","volume":1000,"label":" ","price":4.4},{"type":"A","date":"2018-03-26T05:38:01.000Z","volume":1000,"label":" ","price":4.4},{"type":"B","date":"2018-03-26T05:38:01.000Z","volume":1000,"label":" ","price":4.4},{"type":"B","date":"2018-03-26T05:38:01.000Z","volume":1000,"label":" ","price":4.4},{"type":"A","date":"2018-03-26T05:38:01.000Z","volume":3000,"label":" ","price":4.4},{"type":"B","date":"2018-03-26T05:38:01.000Z","volume":10000,"label":" ","price":4.4},{"type":"A","date":"2018-03-26T05:38:01.000Z","volume":1000,"label":" ","price":4.4},{"type":"A","date":"2018-03-26T05:38:01.000Z","volume":1000,"label":" ","price":4.4},{"type":"B","date":"2018-03-26T05:38:01.000Z","volume":1000,"label":" ","price":4.4},{"type":"B","date":"2018-03-26T05:38:01.000Z","volume":2000,"label":" ","price":4.4},{"type":"A","date":"2018-03-26T05:38:25.000Z","volume":1000,"label":" ","price":4.4},{"type":"A","date":"2018-03-26T05:38:25.000Z","volume":5000,"label":" ","price":4.4},{"type":"A","date":"2018-03-26T05:39:32.000Z","volume":1000,"label":" ","price":4.4},{"type":"A","date":"2018-03-26T05:40:20.000Z","volume":1000,"label":" ","price":4.4},{"type":"A","date":"2018-03-26T05:40:23.000Z","volume":1000,"label":" ","price":4.4},{"type":"A","date":"2018-03-26T05:40:23.000Z","volume":1000,"label":"Y","price":4.4},{"type":"A","date":"2018-03-26T05:40:23.000Z","volume":3000,"label":" ","price":4.4},{"type":"A","date":"2018-03-26T05:40:27.000Z","volume":1000,"label":" ","price":4.4},{"type":"A","date":"2018-03-26T05:40:27.000Z","volume":2000,"label":"Y","price":4.41},{"type":"A","date":"2018-03-26T05:40:27.000Z","volume":1000,"label":"Y","price":4.41},{"type":"A","date":"2018-03-26T05:40:27.000Z","volume":1000,"label":"Y","price":4.41},{"type":"A","date":"2018-03-26T05:40:27.000Z","volume":1000,"label":"Y","price":4.41},{"type":"A","date":"2018-03-26T05:40:27.000Z","volume":1000,"label":"Y","price":4.41},{"type":"A","date":"2018-03-26T05:40:27.000Z","volume":1000,"label":"Y","price":4.41},{"type":"A","date":"2018-03-26T05:41:20.000Z","volume":1000,"label":" ","price":4.4},{"type":"U","date":"2018-03-26T05:41:33.000Z","volume":2000,"label":"X","price":4.395},{"type":"A","date":"2018-03-26T05:42:30.000Z","volume":3000,"label":" ","price":4.4},{"type":"U","date":"2018-03-26T05:42:46.000Z","volume":2000,"label":"X","price":4.395},{"type":"U","date":"2018-03-26T05:43:07.000Z","volume":2000,"label":"X","price":4.395},{"type":"U","date":"2018-03-26T05:44:03.000Z","volume":2000,"label":"X","price":4.395},{"type":"U","date":"2018-03-26T05:44:39.000Z","volume":3000,"label":"X","price":4.395},{"type":"A","date":"2018-03-26T05:45:20.000Z","volume":1000,"label":" ","price":4.4},{"type":"A","date":"2018-03-26T05:45:41.000Z","volume":2000,"label":" ","price":4.4},{"type":"U","date":"2018-03-26T05:45:53.000Z","volume":479,"label":"D","price":4.34},{"type":"A","date":"2018-03-26T05:45:53.000Z","volume":1000,"label":" ","price":4.4},{"type":"A","date":"2018-03-26T05:46:08.000Z","volume":5000,"label":" ","price":4.4},{"type":"A","date":"2018-03-26T05:46:08.000Z","volume":1000,"label":" ","price":4.4},{"type":"A","date":"2018-03-26T05:46:08.000Z","volume":1000,"label":" ","price":4.4},{"type":"A","date":"2018-03-26T05:46:08.000Z","volume":1000,"label":" ","price":4.4},{"type":"A","date":"2018-03-26T05:46:08.000Z","volume":1000,"label":" ","price":4.4},{"type":"U","date":"2018-03-26T05:46:16.000Z","volume":2000,"label":"X","price":4.395},{"type":"A","date":"2018-03-26T05:47:05.000Z","volume":1000,"label":" ","price":4.4},{"type":"A","date":"2018-03-26T05:47:10.000Z","volume":1000,"label":" ","price":4.4},{"type":"A","date":"2018-03-26T05:47:34.000Z","volume":2000,"label":" ","price":4.4},{"type":"A","date":"2018-03-26T05:47:38.000Z","volume":1000,"label":" ","price":4.4},{"type":"A","date":"2018-03-26T05:47:50.000Z","volume":1000,"label":" ","price":4.4},{"type":"U","date":"2018-03-26T05:47:54.000Z","volume":2000,"label":"X","price":4.395},{"type":"U","date":"2018-03-26T05:47:54.000Z","volume":1000,"label":"X","price":4.395},{"type":"A","date":"2018-03-26T05:47:58.000Z","volume":2000,"label":" ","price":4.4},{"type":"A","date":"2018-03-26T05:47:58.000Z","volume":1000,"label":" ","price":4.4},{"type":"A","date":"2018-03-26T05:48:16.000Z","volume":3000,"label":" ","price":4.4},{"type":"A","date":"2018-03-26T05:48:22.000Z","volume":1000,"label":" ","price":4.4},{"type":"A","date":"2018-03-26T05:48:32.000Z","volume":1000,"label":" ","price":4.4},{"type":"A","date":"2018-03-26T05:49:07.000Z","volume":1000,"label":" ","price":4.4},{"type":"U","date":"2018-03-26T05:49:16.000Z","volume":1000,"label":"X","price":4.395},{"type":"U","date":"2018-03-26T05:49:16.000Z","volume":1000,"label":"X","price":4.395},{"type":"B","date":"2018-03-26T05:49:36.000Z","volume":3000,"label":" ","price":4.39},{"type":"A","date":"2018-03-26T05:50:05.000Z","volume":1000,"label":" ","price":4.4},{"type":"A","date":"2018-03-26T05:50:15.000Z","volume":2000,"label":" ","price":4.4},{"type":"A","date":"2018-03-26T05:50:19.000Z","volume":1000,"label":" ","price":4.4},{"type":"A","date":"2018-03-26T05:50:37.000Z","volume":1000,"label":" ","price":4.4},{"type":"U","date":"2018-03-26T05:50:46.000Z","volume":1000,"label":"X","price":4.395},{"type":"U","date":"2018-03-26T05:50:46.000Z","volume":2000,"label":"X","price":4.395},{"type":"A","date":"2018-03-26T05:51:39.000Z","volume":5000,"label":" ","price":4.4},{"type":"A","date":"2018-03-26T05:51:39.000Z","volume":1000,"label":" ","price":4.4},{"type":"A","date":"2018-03-26T05:51:39.000Z","volume":1000,"label":" ","price":4.4},{"type":"A","date":"2018-03-26T05:51:39.000Z","volume":1000,"label":" ","price":4.4},{"type":"A","date":"2018-03-26T05:51:43.000Z","volume":1000,"label":" ","price":4.4},{"type":"A","date":"2018-03-26T05:52:00.000Z","volume":1000,"label":" ","price":4.4},{"type":"A","date":"2018-03-26T05:52:04.000Z","volume":1000,"label":" ","price":4.4},{"type":"U","date":"2018-03-26T05:52:11.000Z","volume":1000,"label":"X","price":4.395},{"type":"U","date":"2018-03-26T05:52:11.000Z","volume":1000,"label":"X","price":4.395},{"type":"A","date":"2018-03-26T05:52:11.000Z","volume":1000,"label":" ","price":4.4},{"type":"A","date":"2018-03-26T05:52:14.000Z","volume":1000,"label":" ","price":4.4},{"type":"A","date":"2018-03-26T05:52:33.000Z","volume":1000,"label":" ","price":4.4},{"type":"A","date":"2018-03-26T05:52:40.000Z","volume":1000,"label":" ","price":4.4},{"type":"A","date":"2018-03-26T05:53:05.000Z","volume":1000,"label":" ","price":4.4},{"type":"A","date":"2018-03-26T05:53:11.000Z","volume":1000,"label":" ","price":4.4},{"type":"A","date":"2018-03-26T05:53:14.000Z","volume":1000,"label":" ","price":4.4},{"type":"A","date":"2018-03-26T05:53:14.000Z","volume":1000,"label":" ","price":4.4},{"type":"A","date":"2018-03-26T05:53:14.000Z","volume":3000,"label":" ","price":4.4},{"type":"A","date":"2018-03-26T05:53:14.000Z","volume":6000,"label":" ","price":4.4},{"type":"A","date":"2018-03-26T05:53:14.000Z","volume":2000,"label":" ","price":4.4},{"type":"A","date":"2018-03-26T05:53:14.000Z","volume":1000,"label":" ","price":4.4},{"type":"A","date":"2018-03-26T05:53:32.000Z","volume":3000,"label":" ","price":4.41},{"type":"A","date":"2018-03-26T05:53:32.000Z","volume":3000,"label":" ","price":4.41},{"type":"A","date":"2018-03-26T05:53:54.000Z","volume":3000,"label":" ","price":4.41},{"type":"A","date":"2018-03-26T05:53:54.000Z","volume":3000,"label":"Y","price":4.41},{"type":"A","date":"2018-03-26T05:53:54.000Z","volume":1000,"label":" ","price":4.41},{"type":"B","date":"2018-03-26T05:54:06.000Z","volume":49000,"label":" ","price":4.4},{"type":"A","date":"2018-03-26T05:54:06.000Z","volume":5000,"label":" ","price":4.4},{"type":"A","date":"2018-03-26T05:54:07.000Z","volume":2000,"label":"Y","price":4.41},{"type":"A","date":"2018-03-26T05:54:07.000Z","volume":2000,"label":" ","price":4.41},{"type":"A","date":"2018-03-26T05:55:18.000Z","volume":1000,"label":"Y","price":4.41},{"type":"A","date":"2018-03-26T05:57:48.000Z","volume":1000,"label":" ","price":4.41},{"type":"B","date":"2018-03-26T06:00:47.000Z","volume":8000,"label":"Y","price":4.4},{"type":"B","date":"2018-03-26T06:00:47.000Z","volume":37000,"label":" ","price":4.4},{"type":"A","date":"2018-03-26T06:00:47.000Z","volume":5000,"label":" ","price":4.4},{"type":"B","date":"2018-03-26T06:00:47.000Z","volume":1000,"label":" ","price":4.4},{"type":"B","date":"2018-03-26T06:00:47.000Z","volume":7000,"label":"Y","price":4.4},{"type":"A","date":"2018-03-26T06:00:47.000Z","volume":4000,"label":" ","price":4.4},{"type":"A","date":"2018-03-26T06:00:47.000Z","volume":1000,"label":"Y","price":4.4},{"type":"A","date":"2018-03-26T06:00:47.000Z","volume":1000,"label":" ","price":4.4},{"type":"U","date":"2018-03-26T06:02:03.000Z","volume":2000,"label":"X","price":4.395},{"type":"A","date":"2018-03-26T06:02:36.000Z","volume":1000,"label":" ","price":4.4},{"type":"U","date":"2018-03-26T06:02:36.000Z","volume":3000,"label":"X","price":4.395},{"type":"U","date":"2018-03-26T06:02:36.000Z","volume":3000,"label":"X","price":4.395},{"type":"U","date":"2018-03-26T06:03:22.000Z","volume":1000,"label":"X","price":4.395},{"type":"U","date":"2018-03-26T06:03:42.000Z","volume":2000,"label":"X","price":4.395},{"type":"A","date":"2018-03-26T06:04:11.000Z","volume":4000,"label":" ","price":4.4},{"type":"A","date":"2018-03-26T06:04:11.000Z","volume":1000,"label":" ","price":4.4},{"type":"A","date":"2018-03-26T06:04:11.000Z","volume":1000,"label":" ","price":4.4},{"type":"A","date":"2018-03-26T06:04:11.000Z","volume":1000,"label":" ","price":4.4},{"type":"A","date":"2018-03-26T06:04:11.000Z","volume":1000,"label":" ","price":4.4},{"type":"A","date":"2018-03-26T06:05:19.000Z","volume":2000,"label":" ","price":4.4},{"type":"U","date":"2018-03-26T06:05:36.000Z","volume":2000,"label":"X","price":4.395},{"type":"U","date":"2018-03-26T06:05:56.000Z","volume":2000,"label":"X","price":4.395},{"type":"A","date":"2018-03-26T06:06:22.000Z","volume":2000,"label":" ","price":4.4},{"type":"U","date":"2018-03-26T06:06:53.000Z","volume":2000,"label":"X","price":4.395},{"type":"A","date":"2018-03-26T06:07:07.000Z","volume":1000,"label":" ","price":4.4},{"type":"A","date":"2018-03-26T06:07:12.000Z","volume":3000,"label":" ","price":4.4},{"type":"A","date":"2018-03-26T06:07:14.000Z","volume":1000,"label":" ","price":4.4},{"type":"A","date":"2018-03-26T06:07:19.000Z","volume":1000,"label":" ","price":4.4},{"type":"A","date":"2018-03-26T06:07:21.000Z","volume":1000,"label":" ","price":4.4},{"type":"U","date":"2018-03-26T06:07:31.000Z","volume":2000,"label":"X","price":4.395},{"type":"U","date":"2018-03-26T06:08:10.000Z","volume":2000,"label":"X","price":4.395},{"type":"U","date":"2018-03-26T06:08:48.000Z","volume":1000,"label":"X","price":4.395},{"type":"U","date":"2018-03-26T06:08:48.000Z","volume":2000,"label":"X","price":4.395},{"type":"U","date":"2018-03-26T06:09:09.000Z","volume":2000,"label":"X","price":4.395},{"type":"U","date":"2018-03-26T06:09:09.000Z","volume":1000,"label":"X","price":4.395},{"type":"U","date":"2018-03-26T06:09:33.000Z","volume":1000,"label":"X","price":4.395},{"type":"U","date":"2018-03-26T06:09:33.000Z","volume":1000,"label":"X","price":4.395},{"type":"A","date":"2018-03-26T06:10:12.000Z","volume":2000,"label":" ","price":4.4},{"type":"A","date":"2018-03-26T06:10:19.000Z","volume":2000,"label":" ","price":4.4},{"type":"A","date":"2018-03-26T06:10:32.000Z","volume":4000,"label":" ","price":4.4},{"type":"A","date":"2018-03-26T06:10:32.000Z","volume":1000,"label":" ","price":4.4},{"type":"A","date":"2018-03-26T06:10:32.000Z","volume":1000,"label":" ","price":4.4},{"type":"A","date":"2018-03-26T06:10:32.000Z","volume":1000,"label":" ","price":4.4},{"type":"A","date":"2018-03-26T06:10:32.000Z","volume":1000,"label":" ","price":4.4},{"type":"U","date":"2018-03-26T06:11:18.000Z","volume":1000,"label":"X","price":4.395},{"type":"U","date":"2018-03-26T06:11:18.000Z","volume":1000,"label":"X","price":4.395},{"type":"A","date":"2018-03-26T06:11:24.000Z","volume":1000,"label":" ","price":4.4},{"type":"U","date":"2018-03-26T06:12:33.000Z","volume":1000,"label":"X","price":4.395},{"type":"U","date":"2018-03-26T06:12:33.000Z","volume":1000,"label":"X","price":4.395},{"type":"U","date":"2018-03-26T06:13:08.000Z","volume":2000,"label":"X","price":4.395},{"type":"A","date":"2018-03-26T06:14:05.000Z","volume":1000,"label":" ","price":4.4},{"type":"U","date":"2018-03-26T06:14:08.000Z","volume":2000,"label":"X","price":4.395},{"type":"A","date":"2018-03-26T06:14:28.000Z","volume":3000,"label":" ","price":4.4},{"type":"A","date":"2018-03-26T06:14:32.000Z","volume":1000,"label":" ","price":4.4},{"type":"A","date":"2018-03-26T06:14:38.000Z","volume":40000,"label":" ","price":4.4},{"type":"U","date":"2018-03-26T06:14:38.000Z","volume":3000,"label":"X","price":4.395},{"type":"A","date":"2018-03-26T06:14:38.000Z","volume":8000,"label":" ","price":4.4},{"type":"A","date":"2018-03-26T06:14:55.000Z","volume":1000,"label":" ","price":4.4},{"type":"A","date":"2018-03-26T06:15:02.000Z","volume":1000,"label":" ","price":4.4},{"type":"U","date":"2018-03-26T06:15:09.000Z","volume":2000,"label":"X","price":4.395},{"type":"A","date":"2018-03-26T06:15:16.000Z","volume":2000,"label":" ","price":4.4},{"type":"A","date":"2018-03-26T06:15:26.000Z","volume":2000,"label":" ","price":4.4},{"type":"A","date":"2018-03-26T06:15:26.000Z","volume":156000,"label":" ","price":4.4},{"type":"U","date":"2018-03-26T06:15:26.000Z","volume":1000,"label":" ","price":4.4},{"type":"U","date":"2018-03-26T06:16:19.000Z","volume":1000,"label":" ","price":4.4},{"type":"U","date":"2018-03-26T06:16:19.000Z","volume":1000,"label":" ","price":4.4},{"type":"U","date":"2018-03-26T06:16:19.000Z","volume":1000,"label":" ","price":4.4},{"type":"A","date":"2018-03-26T06:16:43.000Z","volume":4000,"label":" ","price":4.41},{"type":"A","date":"2018-03-26T06:16:43.000Z","volume":1000,"label":" ","price":4.41},{"type":"A","date":"2018-03-26T06:16:43.000Z","volume":1000,"label":" ","price":4.41},{"type":"A","date":"2018-03-26T06:16:43.000Z","volume":1000,"label":" ","price":4.41},{"type":"A","date":"2018-03-26T06:16:43.000Z","volume":1000,"label":" ","price":4.41},{"type":"A","date":"2018-03-26T06:18:16.000Z","volume":1000,"label":" ","price":4.41},{"type":"B","date":"2018-03-26T06:20:19.000Z","volume":2000,"label":"Y","price":4.4},{"type":"B","date":"2018-03-26T06:20:19.000Z","volume":48000,"label":" ","price":4.4},{"type":"B","date":"2018-03-26T06:20:19.000Z","volume":14000,"label":"Y","price":4.4},{"type":"B","date":"2018-03-26T06:20:19.000Z","volume":2000,"label":" ","price":4.4},{"type":"B","date":"2018-03-26T06:20:20.000Z","volume":4000,"label":" ","price":4.4},{"type":"B","date":"2018-03-26T06:20:20.000Z","volume":4000,"label":" ","price":4.4},{"type":"B","date":"2018-03-26T06:20:20.000Z","volume":3000,"label":" ","price":4.4},{"type":"B","date":"2018-03-26T06:20:20.000Z","volume":5000,"label":" ","price":4.4},{"type":"B","date":"2018-03-26T06:23:58.000Z","volume":2000,"label":"Y","price":4.4},{"type":"B","date":"2018-03-26T06:23:58.000Z","volume":38000,"label":" ","price":4.4},{"type":"B","date":"2018-03-26T06:23:58.000Z","volume":4000,"label":" ","price":4.4},{"type":"A","date":"2018-03-26T06:24:32.000Z","volume":2000,"label":" ","price":4.41},{"type":"A","date":"2018-03-26T06:25:24.000Z","volume":4000,"label":" ","price":4.41},{"type":"A","date":"2018-03-26T06:25:24.000Z","volume":1000,"label":" ","price":4.41},{"type":"A","date":"2018-03-26T06:25:24.000Z","volume":1000,"label":" ","price":4.41},{"type":"A","date":"2018-03-26T06:25:24.000Z","volume":1000,"label":" ","price":4.41},{"type":"A","date":"2018-03-26T06:25:24.000Z","volume":1000,"label":" ","price":4.41},{"type":"A","date":"2018-03-26T06:26:16.000Z","volume":6000,"label":"Y","price":4.41},{"type":"B","date":"2018-03-26T06:27:35.000Z","volume":1000,"label":" ","price":4.4},{"type":"B","date":"2018-03-26T06:27:41.000Z","volume":4000,"label":"Y","price":4.4},{"type":"B","date":"2018-03-26T06:27:41.000Z","volume":31000,"label":" ","price":4.4},{"type":"B","date":"2018-03-26T06:27:50.000Z","volume":1000,"label":" ","price":4.4},{"type":"B","date":"2018-03-26T06:28:12.000Z","volume":15000,"label":"Y","price":4.4},{"type":"B","date":"2018-03-26T06:28:12.000Z","volume":35000,"label":" ","price":4.4},{"type":"B","date":"2018-03-26T06:28:12.000Z","volume":24000,"label":" ","price":4.4},{"type":"B","date":"2018-03-26T06:28:12.000Z","volume":2000,"label":" ","price":4.4},{"type":"B","date":"2018-03-26T06:28:22.000Z","volume":1000,"label":" ","price":4.4},{"type":"B","date":"2018-03-26T06:28:48.000Z","volume":1000,"label":"Y","price":4.4},{"type":"B","date":"2018-03-26T06:28:55.000Z","volume":1000,"label":"Y","price":4.4},{"type":"B","date":"2018-03-26T06:29:15.000Z","volume":1000,"label":"Y","price":4.4},{"type":"B","date":"2018-03-26T06:29:30.000Z","volume":1000,"label":"Y","price":4.4},{"type":"B","date":"2018-03-26T06:30:00.000Z","volume":1000,"label":"Y","price":4.4},{"type":"B","date":"2018-03-26T06:30:10.000Z","volume":1000,"label":"Y","price":4.4},{"type":"B","date":"2018-03-26T06:30:30.000Z","volume":1000,"label":"Y","price":4.4},{"type":"B","date":"2018-03-26T06:30:40.000Z","volume":1000,"label":"Y","price":4.4},{"type":"B","date":"2018-03-26T06:30:50.000Z","volume":1000,"label":"Y","price":4.4},{"type":"B","date":"2018-03-26T06:31:20.000Z","volume":1000,"label":"Y","price":4.4},{"type":"A","date":"2018-03-26T06:31:26.000Z","volume":11000,"label":" ","price":4.41},{"type":"B","date":"2018-03-26T06:31:40.000Z","volume":1000,"label":" ","price":4.4},{"type":"B","date":"2018-03-26T06:32:15.000Z","volume":1000,"label":" ","price":4.4},{"type":"B","date":"2018-03-26T06:32:45.000Z","volume":1000,"label":" ","price":4.4},{"type":"B","date":"2018-03-26T06:33:00.000Z","volume":1000,"label":" ","price":4.4},{"type":"B","date":"2018-03-26T06:33:29.000Z","volume":1000,"label":" ","price":4.4},{"type":"B","date":"2018-03-26T06:33:45.000Z","volume":1000,"label":" ","price":4.4},{"type":"B","date":"2018-03-26T06:34:20.000Z","volume":1000,"label":" ","price":4.4},{"type":"B","date":"2018-03-26T06:34:38.000Z","volume":8000,"label":"Y","price":4.4},{"type":"B","date":"2018-03-26T06:34:38.000Z","volume":42000,"label":" ","price":4.4},{"type":"B","date":"2018-03-26T06:34:38.000Z","volume":1000,"label":" ","price":4.4},{"type":"B","date":"2018-03-26T06:34:38.000Z","volume":9000,"label":" ","price":4.4},{"type":"A","date":"2018-03-26T06:34:38.000Z","volume":5000,"label":" ","price":4.41},{"type":"B","date":"2018-03-26T06:34:39.000Z","volume":4000,"label":" ","price":4.4},{"type":"U","date":"2018-03-26T06:34:46.000Z","volume":1000,"label":"X","price":4.4},{"type":"B","date":"2018-03-26T06:35:00.000Z","volume":1000,"label":"Y","price":4.4},{"type":"B","date":"2018-03-26T06:35:00.000Z","volume":16000,"label":" ","price":4.4},{"type":"B","date":"2018-03-26T06:35:06.000Z","volume":1000,"label":" ","price":4.39},{"type":"B","date":"2018-03-26T06:35:10.000Z","volume":1000,"label":" ","price":4.39},{"type":"B","date":"2018-03-26T06:35:11.000Z","volume":1000,"label":" ","price":4.39},{"type":"B","date":"2018-03-26T06:35:28.000Z","volume":1000,"label":" ","price":4.39},{"type":"B","date":"2018-03-26T06:35:40.000Z","volume":1000,"label":" ","price":4.39},{"type":"B","date":"2018-03-26T06:35:46.000Z","volume":1000,"label":" ","price":4.39},{"type":"B","date":"2018-03-26T06:35:50.000Z","volume":1000,"label":" ","price":4.39},{"type":"B","date":"2018-03-26T06:36:00.000Z","volume":1000,"label":" ","price":4.39},{"type":"U","date":"2018-03-26T06:36:16.000Z","volume":4000,"label":"X","price":4.395},{"type":"U","date":"2018-03-26T06:36:34.000Z","volume":1000,"label":"X","price":4.395},{"type":"B","date":"2018-03-26T06:37:14.000Z","volume":1000,"label":" ","price":4.39},{"type":"B","date":"2018-03-26T06:37:28.000Z","volume":1000,"label":" ","price":4.39},{"type":"U","date":"2018-03-26T06:37:30.000Z","volume":3000,"label":"X","price":4.395},{"type":"U","date":"2018-03-26T06:37:47.000Z","volume":1000,"label":"X","price":4.395},{"type":"U","date":"2018-03-26T06:37:49.000Z","volume":1000,"label":"X","price":4.395},{"type":"U","date":"2018-03-26T06:37:51.000Z","volume":1000,"label":"X","price":4.395},{"type":"U","date":"2018-03-26T06:38:12.000Z","volume":1000,"label":"X","price":4.395},{"type":"U","date":"2018-03-26T06:38:21.000Z","volume":1000,"label":"X","price":4.395},{"type":"U","date":"2018-03-26T06:38:21.000Z","volume":1000,"label":"X","price":4.395},{"type":"B","date":"2018-03-26T06:38:28.000Z","volume":1000,"label":" ","price":4.39},{"type":"U","date":"2018-03-26T06:38:36.000Z","volume":2000,"label":"X","price":4.395},{"type":"U","date":"2018-03-26T06:38:38.000Z","volume":1000,"label":"X","price":4.395},{"type":"U","date":"2018-03-26T06:38:38.000Z","volume":4000,"label":"X","price":4.395},{"type":"U","date":"2018-03-26T06:38:55.000Z","volume":3000,"label":"X","price":4.395},{"type":"U","date":"2018-03-26T06:39:07.000Z","volume":1000,"label":"X","price":4.395},{"type":"U","date":"2018-03-26T06:39:26.000Z","volume":2000,"label":"X","price":4.395},{"type":"U","date":"2018-03-26T06:39:44.000Z","volume":1000,"label":"X","price":4.395},{"type":"U","date":"2018-03-26T06:39:44.000Z","volume":3000,"label":"X","price":4.395},{"type":"U","date":"2018-03-26T06:39:44.000Z","volume":2000,"label":"X","price":4.395},{"type":"B","date":"2018-03-26T06:39:51.000Z","volume":1000,"label":" ","price":4.39},{"type":"U","date":"2018-03-26T06:40:07.000Z","volume":1000,"label":"X","price":4.395},{"type":"U","date":"2018-03-26T06:40:07.000Z","volume":2000,"label":"X","price":4.395},{"type":"U","date":"2018-03-26T06:40:17.000Z","volume":1000,"label":"X","price":4.395},{"type":"A","date":"2018-03-26T06:40:25.000Z","volume":1000,"label":" ","price":4.4},{"type":"U","date":"2018-03-26T06:40:59.000Z","volume":2000,"label":"X","price":4.395},{"type":"U","date":"2018-03-26T06:41:13.000Z","volume":1000,"label":"X","price":4.39},{"type":"U","date":"2018-03-26T06:41:20.000Z","volume":2000,"label":"X","price":4.395},{"type":"U","date":"2018-03-26T06:41:38.000Z","volume":1000,"label":"X","price":4.395},{"type":"A","date":"2018-03-26T06:42:02.000Z","volume":3000,"label":" ","price":4.4},{"type":"A","date":"2018-03-26T06:42:02.000Z","volume":1000,"label":" ","price":4.4},{"type":"A","date":"2018-03-26T06:42:02.000Z","volume":1000,"label":" ","price":4.4},{"type":"A","date":"2018-03-26T06:42:02.000Z","volume":1000,"label":" ","price":4.4},{"type":"A","date":"2018-03-26T06:42:02.000Z","volume":1000,"label":" ","price":4.4},{"type":"A","date":"2018-03-26T06:42:02.000Z","volume":1000,"label":" ","price":4.4},{"type":"U","date":"2018-03-26T06:42:16.000Z","volume":1000,"label":"X","price":4.395},{"type":"A","date":"2018-03-26T06:42:26.000Z","volume":2000,"label":" ","price":4.4},{"type":"U","date":"2018-03-26T06:42:36.000Z","volume":1000,"label":"X","price":4.395},{"type":"U","date":"2018-03-26T06:42:46.000Z","volume":1000,"label":"X","price":4.395},{"type":"U","date":"2018-03-26T06:42:55.000Z","volume":1000,"label":"X","price":4.395},{"type":"A","date":"2018-03-26T06:43:20.000Z","volume":12000,"label":" ","price":4.4},{"type":"A","date":"2018-03-26T06:43:30.000Z","volume":3000,"label":" ","price":4.4},{"type":"U","date":"2018-03-26T06:43:30.000Z","volume":1000,"label":" ","price":4.4},{"type":"A","date":"2018-03-26T06:43:30.000Z","volume":3000,"label":" ","price":4.41},{"type":"A","date":"2018-03-26T06:44:26.000Z","volume":2000,"label":" ","price":4.41},{"type":"A","date":"2018-03-26T06:44:54.000Z","volume":17000,"label":" ","price":4.41},{"type":"B","date":"2018-03-26T06:44:54.000Z","volume":3000,"label":" ","price":4.41},{"type":"A","date":"2018-03-26T06:45:08.000Z","volume":4000,"label":" ","price":4.42},{"type":"A","date":"2018-03-26T06:45:26.000Z","volume":3000,"label":" ","price":4.42},{"type":"A","date":"2018-03-26T06:45:52.000Z","volume":2000,"label":" ","price":4.42},{"type":"A","date":"2018-03-26T06:45:53.000Z","volume":3000,"label":" ","price":4.42},{"type":"A","date":"2018-03-26T06:45:53.000Z","volume":1000,"label":" ","price":4.42},{"type":"A","date":"2018-03-26T06:45:53.000Z","volume":1000,"label":" ","price":4.42},{"type":"A","date":"2018-03-26T06:45:53.000Z","volume":1000,"label":" ","price":4.42},{"type":"A","date":"2018-03-26T06:45:53.000Z","volume":1000,"label":" ","price":4.42},{"type":"A","date":"2018-03-26T06:45:53.000Z","volume":1000,"label":" ","price":4.42},{"type":"B","date":"2018-03-26T06:46:14.000Z","volume":3000,"label":"Y","price":4.41},{"type":"B","date":"2018-03-26T06:46:14.000Z","volume":17000,"label":" ","price":4.41},{"type":"A","date":"2018-03-26T06:46:14.000Z","volume":5000,"label":" ","price":4.42},{"type":"A","date":"2018-03-26T06:46:17.000Z","volume":10000,"label":" ","price":4.42},{"type":"A","date":"2018-03-26T06:46:17.000Z","volume":3000,"label":" ","price":4.42},{"type":"A","date":"2018-03-26T06:46:17.000Z","volume":2000,"label":" ","price":4.42},{"type":"A","date":"2018-03-26T06:46:17.000Z","volume":2000,"label":" ","price":4.42},{"type":"A","date":"2018-03-26T06:49:41.000Z","volume":2000,"label":" ","price":4.43},{"type":"B","date":"2018-03-26T06:50:02.000Z","volume":12000,"label":"Y","price":4.42},{"type":"B","date":"2018-03-26T06:50:02.000Z","volume":18000,"label":" ","price":4.42},{"type":"B","date":"2018-03-26T06:50:02.000Z","volume":3000,"label":" ","price":4.42},{"type":"B","date":"2018-03-26T06:50:02.000Z","volume":1000,"label":" ","price":4.42},{"type":"A","date":"2018-03-26T06:50:18.000Z","volume":2000,"label":"Y","price":4.42},{"type":"U","date":"2018-03-26T06:50:29.000Z","volume":498,"label":"D","price":4.35},{"type":"A","date":"2018-03-26T06:51:04.000Z","volume":4000,"label":" ","price":4.42},{"type":"A","date":"2018-03-26T06:51:04.000Z","volume":1000,"label":" ","price":4.42},{"type":"A","date":"2018-03-26T06:51:04.000Z","volume":1000,"label":" ","price":4.42},{"type":"A","date":"2018-03-26T06:51:04.000Z","volume":1000,"label":" ","price":4.42},{"type":"A","date":"2018-03-26T06:51:04.000Z","volume":1000,"label":" ","price":4.42},{"type":"B","date":"2018-03-26T06:53:13.000Z","volume":1000,"label":" ","price":4.41},{"type":"B","date":"2018-03-26T06:53:40.000Z","volume":1000,"label":" ","price":4.41},{"type":"B","date":"2018-03-26T06:54:07.000Z","volume":6000,"label":" ","price":4.41},{"type":"A","date":"2018-03-26T06:54:13.000Z","volume":1000,"label":"Y","price":4.42},{"type":"B","date":"2018-03-26T06:54:49.000Z","volume":2000,"label":" ","price":4.41},{"type":"A","date":"2018-03-26T06:54:53.000Z","volume":1000,"label":" ","price":4.42},{"type":"A","date":"2018-03-26T06:55:05.000Z","volume":4000,"label":" ","price":4.42},{"type":"A","date":"2018-03-26T06:55:05.000Z","volume":1000,"label":" ","price":4.42},{"type":"A","date":"2018-03-26T06:55:05.000Z","volume":1000,"label":" ","price":4.42},{"type":"A","date":"2018-03-26T06:55:05.000Z","volume":1000,"label":" ","price":4.42},{"type":"A","date":"2018-03-26T06:55:05.000Z","volume":1000,"label":" ","price":4.42},{"type":"A","date":"2018-03-26T06:55:05.000Z","volume":1000,"label":" ","price":4.42},{"type":"A","date":"2018-03-26T06:55:05.000Z","volume":5000,"label":" ","price":4.42},{"type":"B","date":"2018-03-26T06:57:09.000Z","volume":1000,"label":" ","price":4.41},{"type":"B","date":"2018-03-26T06:57:20.000Z","volume":1000,"label":" ","price":4.41},{"type":"B","date":"2018-03-26T06:57:30.000Z","volume":1000,"label":" ","price":4.41},{"type":"B","date":"2018-03-26T06:57:40.000Z","volume":1000,"label":" ","price":4.41},{"type":"A","date":"2018-03-26T06:57:54.000Z","volume":1000,"label":" ","price":4.42},{"type":"B","date":"2018-03-26T06:58:07.000Z","volume":1000,"label":" ","price":4.41},{"type":"A","date":"2018-03-26T06:58:15.000Z","volume":3000,"label":"Y","price":4.42},{"type":"A","date":"2018-03-26T06:58:15.000Z","volume":24000,"label":" ","price":4.42},{"type":"U","date":"2018-03-26T06:58:15.000Z","volume":6000,"label":"X","price":4.415},{"type":"U","date":"2018-03-26T06:58:15.000Z","volume":6000,"label":"X","price":4.415}