[{"type":"A","date":"2018-03-15T07:59:48.000Z","volume":32000,"price":1.27,"category":"ubbull"},{"type":"A","date":"2018-03-15T07:59:34.000Z","volume":50000,"price":1.28,"category":"ubbull"},{"type":"A","date":"2018-03-15T07:58:41.000Z","volume":46000,"price":1.27,"category":"ubbull"},{"type":"A","date":"2018-03-15T07:55:56.000Z","volume":40000,"price":1.26,"category":"ubbull"},{"type":"A","date":"2018-03-15T07:54:51.000Z","volume":38000,"price":1.26,"category":"ubbull"},{"type":"A","date":"2018-03-15T07:54:19.000Z","volume":24000,"price":1.27,"category":"ubbull"},{"type":"A","date":"2018-03-15T07:54:14.000Z","volume":24000,"price":1.27,"category":"ubbull"},{"type":"A","date":"2018-03-15T07:52:17.000Z","volume":78000,"price":1.28,"category":"ubbull"},{"type":"A","date":"2018-03-15T07:51:25.000Z","volume":40000,"price":1.28,"category":"ubbull"},{"type":"A","date":"2018-03-15T07:50:17.000Z","volume":26000,"price":1.28,"category":"ubbull"},{"type":"A","date":"2018-03-15T07:49:54.000Z","volume":36000,"price":1.28,"category":"ubbull"},{"type":"A","date":"2018-03-15T07:49:07.000Z","volume":30000,"price":1.28,"category":"ubbull"},{"type":"A","date":"2018-03-15T07:45:10.000Z","volume":40000,"price":1.3,"category":"ubbull"},{"type":"A","date":"2018-03-15T07:44:20.000Z","volume":46000,"price":1.3,"category":"ubbull"},{"type":"A","date":"2018-03-15T07:43:47.000Z","volume":40000,"price":1.31,"category":"ubbull"},{"type":"A","date":"2018-03-15T07:43:30.000Z","volume":44000,"price":1.3,"category":"ubbull"},{"type":"A","date":"2018-03-15T07:40:07.000Z","volume":30000,"price":1.33,"category":"ubbull"},{"type":"A","date":"2018-03-15T07:39:54.000Z","volume":34000,"price":1.31,"category":"ubbull"},{"type":"A","date":"2018-03-15T07:35:33.000Z","volume":88000,"price":1.35,"category":"ubbull"},{"type":"A","date":"2018-03-15T07:34:52.000Z","volume":32000,"price":1.34,"category":"ubbull"},{"type":"A","date":"2018-03-15T07:34:02.000Z","volume":52000,"price":1.36,"category":"ubbull"},{"type":"A","date":"2018-03-15T07:31:08.000Z","volume":30000,"price":1.35,"category":"ubbull"},{"type":"A","date":"2018-03-15T07:30:45.000Z","volume":30000,"price":1.35,"category":"ubbull"},{"type":"A","date":"2018-03-15T07:22:51.000Z","volume":94000,"price":1.4,"category":"ubbull"},{"type":"A","date":"2018-03-15T07:01:20.000Z","volume":60000,"price":1.45,"category":"ubbull"},{"type":"A","date":"2018-03-15T06:58:02.000Z","volume":130000,"price":1.45,"category":"ubbull"},{"type":"A","date":"2018-03-15T06:47:16.000Z","volume":24000,"price":1.5,"category":"ubbull"},{"type":"A","date":"2018-03-15T06:38:48.000Z","volume":24000,"price":1.5,"category":"ubbull"},{"type":"A","date":"2018-03-15T06:14:38.000Z","volume":30000,"price":1.6,"category":"ubbull"},{"type":"A","date":"2018-03-15T03:56:21.000Z","volume":50000,"price":1.8,"category":"ubbull"},{"type":"A","date":"2018-03-15T02:57:20.000Z","volume":98000,"price":1.86,"category":"ubbull"},{"type":"A","date":"2018-03-15T01:53:02.000Z","volume":36000,"price":1.91,"category":"ubbull"},{"type":"A","date":"2018-03-15T07:59:48.000Z","volume":12000,"price":1.28,"category":"bbull"},{"type":"A","date":"2018-03-15T07:59:32.000Z","volume":14000,"price":1.27,"category":"bbull"},{"type":"A","date":"2018-03-15T07:59:27.000Z","volume":20000,"price":1.27,"category":"bbull"},{"type":"A","date":"2018-03-15T07:58:56.000Z","volume":12000,"price":1.27,"category":"bbull"},{"type":"A","date":"2018-03-15T07:58:50.000Z","volume":16000,"price":1.27,"category":"bbull"},{"type":"A","date":"2018-03-15T07:58:34.000Z","volume":20000,"price":1.27,"category":"bbull"},{"type":"A","date":"2018-03-15T07:58:29.000Z","volume":20000,"price":1.27,"category":"bbull"},{"type":"A","date":"2018-03-15T07:58:15.000Z","volume":16000,"price":1.27,"category":"bbull"},{"type":"A","date":"2018-03-15T07:58:00.000Z","volume":20000,"price":1.27,"category":"bbull"},{"type":"A","date":"2018-03-15T07:57:02.000Z","volume":18000,"price":1.26,"category":"bbull"},{"type":"A","date":"2018-03-15T07:56:49.000Z","volume":20000,"price":1.26,"category":"bbull"},{"type":"A","date":"2018-03-15T07:56:46.000Z","volume":20000,"price":1.26,"category":"bbull"},{"type":"A","date":"2018-03-15T07:56:38.000Z","volume":20000,"price":1.26,"category":"bbull"},{"type":"A","date":"2018-03-15T07:53:08.000Z","volume":12000,"price":1.28,"category":"bbull"},{"type":"A","date":"2018-03-15T07:52:11.000Z","volume":20000,"price":1.28,"category":"bbull"},{"type":"A","date":"2018-03-15T07:51:32.000Z","volume":20000,"price":1.28,"category":"bbull"},{"type":"A","date":"2018-03-15T07:51:00.000Z","volume":20000,"price":1.28,"category":"bbull"},{"type":"A","date":"2018-03-15T07:48:38.000Z","volume":20000,"price":1.28,"category":"bbull"},{"type":"A","date":"2018-03-15T07:45:34.000Z","volume":20000,"price":1.29,"category":"bbull"},{"type":"A","date":"2018-03-15T07:44:53.000Z","volume":20000,"price":1.3,"category":"bbull"},{"type":"A","date":"2018-03-15T07:44:32.000Z","volume":20000,"price":1.3,"category":"bbull"},{"type":"A","date":"2018-03-15T07:44:09.000Z","volume":20000,"price":1.3,"category":"bbull"},{"type":"A","date":"2018-03-15T07:44:03.000Z","volume":20000,"price":1.3,"category":"bbull"},{"type":"A","date":"2018-03-15T07:43:53.000Z","volume":12000,"price":1.31,"category":"bbull"},{"type":"A","date":"2018-03-15T07:42:26.000Z","volume":18000,"price":1.3,"category":"bbull"},{"type":"A","date":"2018-03-15T07:42:26.000Z","volume":12000,"price":1.3,"category":"bbull"},{"type":"A","date":"2018-03-15T07:41:50.000Z","volume":12000,"price":1.3,"category":"bbull"},{"type":"A","date":"2018-03-15T07:41:34.000Z","volume":20000,"price":1.33,"category":"bbull"},{"type":"A","date":"2018-03-15T07:41:18.000Z","volume":14000,"price":1.3,"category":"bbull"},{"type":"A","date":"2018-03-15T07:40:56.000Z","volume":18000,"price":1.3,"category":"bbull"},{"type":"A","date":"2018-03-15T07:35:33.000Z","volume":12000,"price":1.34,"category":"bbull"},{"type":"A","date":"2018-03-15T07:35:23.000Z","volume":18000,"price":1.34,"category":"bbull"},{"type":"A","date":"2018-03-15T07:34:46.000Z","volume":18000,"price":1.34,"category":"bbull"},{"type":"A","date":"2018-03-15T07:32:16.000Z","volume":12000,"price":1.35,"category":"bbull"},{"type":"A","date":"2018-03-15T07:31:46.000Z","volume":18000,"price":1.35,"category":"bbull"},{"type":"A","date":"2018-03-15T07:31:46.000Z","volume":16000,"price":1.35,"category":"bbull"},{"type":"A","date":"2018-03-15T07:31:44.000Z","volume":16000,"price":1.35,"category":"bbull"},{"type":"A","date":"2018-03-15T07:29:55.000Z","volume":22000,"price":1.34,"category":"bbull"},{"type":"A","date":"2018-03-15T07:29:06.000Z","volume":12000,"price":1.34,"category":"bbull"},{"type":"A","date":"2018-03-15T07:29:06.000Z","volume":18000,"price":1.34,"category":"bbull"},{"type":"A","date":"2018-03-15T07:29:05.000Z","volume":18000,"price":1.36,"category":"bbull"},{"type":"A","date":"2018-03-15T07:28:22.000Z","volume":20000,"price":1.35,"category":"bbull"},{"type":"A","date":"2018-03-15T07:20:03.000Z","volume":12000,"price":1.4,"category":"bbull"},{"type":"A","date":"2018-03-15T07:18:22.000Z","volume":18000,"price":1.4,"category":"bbull"},{"type":"A","date":"2018-03-15T07:16:32.000Z","volume":14000,"price":1.41,"category":"bbull"},{"type":"A","date":"2018-03-15T07:10:46.000Z","volume":22000,"price":1.42,"category":"bbull"},{"type":"A","date":"2018-03-15T07:01:47.000Z","volume":20000,"price":1.45,"category":"bbull"},{"type":"A","date":"2018-03-15T06:55:19.000Z","volume":18000,"price":1.46,"category":"bbull"},{"type":"A","date":"2018-03-15T06:55:19.000Z","volume":12000,"price":1.46,"category":"bbull"},{"type":"A","date":"2018-03-15T06:48:35.000Z","volume":12000,"price":1.49,"category":"bbull"},{"type":"A","date":"2018-03-15T06:47:41.000Z","volume":12000,"price":1.49,"category":"bbull"},{"type":"A","date":"2018-03-15T06:47:28.000Z","volume":12000,"price":1.49,"category":"bbull"},{"type":"A","date":"2018-03-15T06:26:24.000Z","volume":18000,"price":1.63,"category":"bbull"},{"type":"A","date":"2018-03-15T06:26:24.000Z","volume":12000,"price":1.62,"category":"bbull"},{"type":"A","date":"2018-03-15T06:22:51.000Z","volume":18000,"price":1.61,"category":"bbull"},{"type":"A","date":"2018-03-15T06:22:51.000Z","volume":12000,"price":1.6,"category":"bbull"},{"type":"A","date":"2018-03-15T06:13:54.000Z","volume":14000,"price":1.6,"category":"bbull"},{"type":"A","date":"2018-03-15T06:13:35.000Z","volume":12000,"price":1.6,"category":"bbull"},{"type":"A","date":"2018-03-15T06:10:34.000Z","volume":22000,"price":1.6,"category":"bbull"},{"type":"A","date":"2018-03-15T06:04:39.000Z","volume":12000,"price":1.59,"category":"bbull"},{"type":"A","date":"2018-03-15T05:49:14.000Z","volume":12000,"price":1.64,"category":"bbull"},{"type":"A","date":"2018-03-15T05:48:33.000Z","volume":20000,"price":1.64,"category":"bbull"},{"type":"A","date":"2018-03-15T05:43:55.000Z","volume":12000,"price":1.64,"category":"bbull"},{"type":"A","date":"2018-03-15T05:39:21.000Z","volume":12000,"price":1.62,"category":"bbull"},{"type":"A","date":"2018-03-15T05:39:02.000Z","volume":12000,"price":1.62,"category":"bbull"},{"type":"A","date":"2018-03-15T05:38:52.000Z","volume":12000,"price":1.62,"category":"bbull"},{"type":"A","date":"2018-03-15T05:38:45.000Z","volume":12000,"price":1.62,"category":"bbull"},{"type":"A","date":"2018-03-15T05:38:30.000Z","volume":12000,"price":1.62,"category":"bbull"},{"type":"A","date":"2018-03-15T05:38:23.000Z","volume":22000,"price":1.62,"category":"bbull"},{"type":"A","date":"2018-03-15T05:37:35.000Z","volume":12000,"price":1.62,"category":"bbull"},{"type":"A","date":"2018-03-15T05:34:06.000Z","volume":12000,"price":1.62,"category":"bbull"},{"type":"A","date":"2018-03-15T05:22:15.000Z","volume":16000,"price":1.74,"category":"bbull"},{"type":"A","date":"2018-03-15T05:01:48.000Z","volume":20000,"price":1.78,"category":"bbull"},{"type":"A","date":"2018-03-15T03:25:06.000Z","volume":20000,"price":1.8,"category":"bbull"},{"type":"A","date":"2018-03-15T03:15:50.000Z","volume":12000,"price":1.8,"category":"bbull"},{"type":"A","date":"2018-03-15T02:59:59.000Z","volume":20000,"price":1.85,"category":"bbull"},{"type":"A","date":"2018-03-15T02:50:35.000Z","volume":22000,"price":1.84,"category":"bbull"},{"type":"A","date":"2018-03-15T02:34:00.000Z","volume":20000,"price":1.86,"category":"bbull"},{"type":"A","date":"2018-03-15T02:15:27.000Z","volume":20000,"price":1.89,"category":"bbull"},{"type":"A","date":"2018-03-15T02:13:07.000Z","volume":20000,"price":1.89,"category":"bbull"},{"type":"A","date":"2018-03-15T02:06:23.000Z","volume":20000,"price":1.91,"category":"bbull"},{"type":"A","date":"2018-03-15T02:02:34.000Z","volume":20000,"price":1.9,"category":"bbull"},{"type":"A","date":"2018-03-15T01:57:30.000Z","volume":20000,"price":1.93,"category":"bbull"},{"type":"A","date":"2018-03-15T01:50:57.000Z","volume":20000,"price":1.88,"category":"bbull"},{"type":"A","date":"2018-03-15T01:46:32.000Z","volume":18000,"price":1.84,"category":"bbull"},{"type":"A","date":"2018-03-15T01:30:47.000Z","volume":20000,"price":2.18,"category":"bbull"},{"type":"A","date":"2018-03-15T07:59:40.000Z","volume":2000,"price":1.27,"category":"rbull"},{"type":"A","date":"2018-03-15T07:58:14.000Z","volume":2000,"price":1.27,"category":"rbull"},{"type":"A","date":"2018-03-15T07:56:58.000Z","volume":2000,"price":1.26,"category":"rbull"},{"type":"A","date":"2018-03-15T07:56:56.000Z","volume":2000,"price":1.26,"category":"rbull"},{"type":"A","date":"2018-03-15T07:56:02.000Z","volume":2000,"price":1.26,"category":"rbull"},{"type":"A","date":"2018-03-15T07:55:46.000Z","volume":2000,"price":1.26,"category":"rbull"},{"type":"A","date":"2018-03-15T07:54:51.000Z","volume":2000,"price":1.27,"category":"rbull"},{"type":"A","date":"2018-03-15T07:54:50.000Z","volume":2000,"price":1.26,"category":"rbull"},{"type":"A","date":"2018-03-15T07:54:47.000Z","volume":2000,"price":1.26,"category":"rbull"},{"type":"A","date":"2018-03-15T07:54:20.000Z","volume":2000,"price":1.27,"category":"rbull"},{"type":"A","date":"2018-03-15T07:53:17.000Z","volume":2000,"price":1.27,"category":"rbull"},{"type":"A","date":"2018-03-15T07:53:01.000Z","volume":2000,"price":1.28,"category":"rbull"},{"type":"A","date":"2018-03-15T07:52:39.000Z","volume":2000,"price":1.28,"category":"rbull"},{"type":"A","date":"2018-03-15T07:52:14.000Z","volume":2000,"price":1.28,"category":"rbull"},{"type":"A","date":"2018-03-15T07:51:05.000Z","volume":2000,"price":1.28,"category":"rbull"},{"type":"A","date":"2018-03-15T07:50:46.000Z","volume":2000,"price":1.28,"category":"rbull"},{"type":"A","date":"2018-03-15T07:44:32.000Z","volume":2000,"price":1.3,"category":"rbull"},{"type":"A","date":"2018-03-15T07:44:20.000Z","volume":2000,"price":1.3,"category":"rbull"},{"type":"A","date":"2018-03-15T07:40:07.000Z","volume":2000,"price":1.32,"category":"rbull"},{"type":"A","date":"2018-03-15T07:39:06.000Z","volume":2000,"price":1.32,"category":"rbull"},{"type":"A","date":"2018-03-15T07:38:18.000Z","volume":2000,"price":1.32,"category":"rbull"},{"type":"A","date":"2018-03-15T07:35:27.000Z","volume":2000,"price":1.34,"category":"rbull"},{"type":"A","date":"2018-03-15T07:31:32.000Z","volume":2000,"price":1.35,"category":"rbull"},{"type":"A","date":"2018-03-15T07:31:10.000Z","volume":2000,"price":1.35,"category":"rbull"},{"type":"A","date":"2018-03-15T07:29:50.000Z","volume":2000,"price":1.34,"category":"rbull"},{"type":"A","date":"2018-03-15T07:29:42.000Z","volume":2000,"price":1.34,"category":"rbull"},{"type":"A","date":"2018-03-15T07:29:25.000Z","volume":2000,"price":1.34,"category":"rbull"},{"type":"A","date":"2018-03-15T07:29:23.000Z","volume":2000,"price":1.34,"category":"rbull"},{"type":"A","date":"2018-03-15T07:20:08.000Z","volume":2000,"price":1.4,"category":"rbull"},{"type":"A","date":"2018-03-15T07:20:07.000Z","volume":2000,"price":1.4,"category":"rbull"},{"type":"A","date":"2018-03-15T07:18:47.000Z","volume":2000,"price":1.41,"category":"rbull"},{"type":"A","date":"2018-03-15T07:11:47.000Z","volume":2000,"price":1.41,"category":"rbull"},{"type":"A","date":"2018-03-15T07:11:28.000Z","volume":2000,"price":1.42,"category":"rbull"},{"type":"A","date":"2018-03-15T07:06:49.000Z","volume":2000,"price":1.43,"category":"rbull"},{"type":"A","date":"2018-03-15T06:58:56.000Z","volume":2000,"price":1.45,"category":"rbull"},{"type":"A","date":"2018-03-15T06:56:56.000Z","volume":2000,"price":1.44,"category":"rbull"},{"type":"A","date":"2018-03-15T06:48:57.000Z","volume":2000,"price":1.49,"category":"rbull"},{"type":"A","date":"2018-03-15T06:47:16.000Z","volume":2000,"price":1.49,"category":"rbull"},{"type":"A","date":"2018-03-15T06:47:06.000Z","volume":2000,"price":1.49,"category":"rbull"},{"type":"A","date":"2018-03-15T06:43:36.000Z","volume":2000,"price":1.46,"category":"rbull"},{"type":"A","date":"2018-03-15T06:43:36.000Z","volume":2000,"price":1.46,"category":"rbull"},{"type":"A","date":"2018-03-15T06:42:46.000Z","volume":2000,"price":1.48,"category":"rbull"},{"type":"A","date":"2018-03-15T06:42:26.000Z","volume":2000,"price":1.48,"category":"rbull"},{"type":"A","date":"2018-03-15T06:41:54.000Z","volume":2000,"price":1.49,"category":"rbull"},{"type":"A","date":"2018-03-15T06:41:54.000Z","volume":2000,"price":1.49,"category":"rbull"},{"type":"A","date":"2018-03-15T06:36:43.000Z","volume":2000,"price":1.53,"category":"rbull"},{"type":"A","date":"2018-03-15T06:24:41.000Z","volume":2000,"price":1.61,"category":"rbull"},{"type":"A","date":"2018-03-15T06:20:48.000Z","volume":2000,"price":1.6,"category":"rbull"},{"type":"A","date":"2018-03-15T06:04:39.000Z","volume":2000,"price":1.59,"category":"rbull"},{"type":"A","date":"2018-03-15T05:53:07.000Z","volume":2000,"price":1.64,"category":"rbull"},{"type":"A","date":"2018-03-15T05:39:31.000Z","volume":2000,"price":1.62,"category":"rbull"},{"type":"A","date":"2018-03-15T05:39:02.000Z","volume":2000,"price":1.62,"category":"rbull"},{"type":"A","date":"2018-03-15T05:39:01.000Z","volume":2000,"price":1.62,"category":"rbull"},{"type":"A","date":"2018-03-15T05:39:01.000Z","volume":2000,"price":1.62,"category":"rbull"},{"type":"A","date":"2018-03-15T05:38:53.000Z","volume":2000,"price":1.62,"category":"rbull"},{"type":"A","date":"2018-03-15T05:37:30.000Z","volume":2000,"price":1.62,"category":"rbull"},{"type":"A","date":"2018-03-15T05:34:00.000Z","volume":2000,"price":1.62,"category":"rbull"},{"type":"A","date":"2018-03-15T05:11:09.000Z","volume":2000,"price":1.75,"category":"rbull"},{"type":"A","date":"2018-03-15T05:01:00.000Z","volume":2000,"price":1.76,"category":"rbull"},{"type":"A","date":"2018-03-15T03:57:39.000Z","volume":2000,"price":1.75,"category":"rbull"},{"type":"A","date":"2018-03-15T03:57:08.000Z","volume":2000,"price":1.76,"category":"rbull"},{"type":"A","date":"2018-03-15T03:41:19.000Z","volume":2000,"price":1.78,"category":"rbull"},{"type":"A","date":"2018-03-15T03:37:47.000Z","volume":2000,"price":1.79,"category":"rbull"},{"type":"A","date":"2018-03-15T02:57:20.000Z","volume":2000,"price":1.85,"category":"rbull"},{"type":"A","date":"2018-03-15T02:40:13.000Z","volume":2000,"price":1.86,"category":"rbull"},{"type":"A","date":"2018-03-15T02:27:43.000Z","volume":2000,"price":1.9,"category":"rbull"},{"type":"A","date":"2018-03-15T02:16:59.000Z","volume":2000,"price":1.9,"category":"rbull"},{"type":"A","date":"2018-03-15T02:15:34.000Z","volume":2000,"price":1.9,"category":"rbull"},{"type":"A","date":"2018-03-15T02:06:23.000Z","volume":2000,"price":1.89,"category":"rbull"},{"type":"A","date":"2018-03-15T02:02:34.000Z","volume":2000,"price":1.89,"category":"rbull"},{"type":"A","date":"2018-03-15T02:02:05.000Z","volume":2000,"price":1.85,"category":"rbull"},{"type":"A","date":"2018-03-15T02:02:05.000Z","volume":2000,"price":1.84,"category":"rbull"},{"type":"A","date":"2018-03-15T01:51:05.000Z","volume":2000,"price":1.89,"category":"rbull"},{"type":"A","date":"2018-03-15T01:44:57.000Z","volume":2000,"price":1.9,"category":"rbull"},{"type":"A","date":"2018-03-15T01:44:54.000Z","volume":2000,"price":1.9,"category":"rbull"},{"type":"B","date":"2018-03-15T07:46:34.000Z","volume":2000,"price":1.28,"category":"rbear"},{"type":"B","date":"2018-03-15T07:45:57.000Z","volume":2000,"price":1.27,"category":"rbear"},{"type":"B","date":"2018-03-15T07:40:57.000Z","volume":2000,"price":1.31,"category":"rbear"},{"type":"B","date":"2018-03-15T07:40:38.000Z","volume":2000,"price":1.29,"category":"rbear"},{"type":"B","date":"2018-03-15T07:40:08.000Z","volume":2000,"price":1.32,"category":"rbear"},{"type":"B","date":"2018-03-15T07:39:54.000Z","volume":2000,"price":1.3,"category":"rbear"},{"type":"B","date":"2018-03-15T07:38:02.000Z","volume":2000,"price":1.32,"category":"rbear"},{"type":"B","date":"2018-03-15T07:37:11.000Z","volume":2000,"price":1.33,"category":"rbear"},{"type":"B","date":"2018-03-15T07:34:07.000Z","volume":2000,"price":1.35,"category":"rbear"},{"type":"B","date":"2018-03-15T07:27:50.000Z","volume":2000,"price":1.34,"category":"rbear"},{"type":"B","date":"2018-03-15T07:25:12.000Z","volume":2000,"price":1.38,"category":"rbear"},{"type":"B","date":"2018-03-15T07:13:53.000Z","volume":2000,"price":1.4,"category":"rbear"},{"type":"B","date":"2018-03-15T07:13:53.000Z","volume":2000,"price":1.4,"category":"rbear"},{"type":"B","date":"2018-03-15T07:13:42.000Z","volume":2000,"price":1.4,"category":"rbear"},{"type":"B","date":"2018-03-15T07:12:54.000Z","volume":2000,"price":1.39,"category":"rbear"},{"type":"B","date":"2018-03-15T07:12:21.000Z","volume":2000,"price":1.39,"category":"rbear"},{"type":"B","date":"2018-03-15T07:08:09.000Z","volume":2000,"price":1.42,"category":"rbear"},{"type":"B","date":"2018-03-15T07:04:46.000Z","volume":2000,"price":1.43,"category":"rbear"},{"type":"B","date":"2018-03-15T06:48:57.000Z","volume":2000,"price":1.49,"category":"rbear"},{"type":"B","date":"2018-03-15T06:22:16.000Z","volume":2000,"price":1.59,"category":"rbear"},{"type":"B","date":"2018-03-15T06:21:32.000Z","volume":2000,"price":1.59,"category":"rbear"},{"type":"B","date":"2018-03-15T06:16:49.000Z","volume":2000,"price":1.6,"category":"rbear"},{"type":"B","date":"2018-03-15T06:12:42.000Z","volume":2000,"price":1.59,"category":"rbear"},{"type":"B","date":"2018-03-15T05:58:35.000Z","volume":2000,"price":1.58,"category":"rbear"},{"type":"B","date":"2018-03-15T05:44:00.000Z","volume":2000,"price":1.62,"category":"rbear"},{"type":"B","date":"2018-03-15T05:39:24.000Z","volume":2000,"price":1.62,"category":"rbear"},{"type":"B","date":"2018-03-15T05:36:30.000Z","volume":2000,"price":1.6,"category":"rbear"},{"type":"B","date":"2018-03-15T05:34:46.000Z","volume":2000,"price":1.6,"category":"rbear"},{"type":"B","date":"2018-03-15T05:33:57.000Z","volume":2000,"price":1.62,"category":"rbear"},{"type":"B","date":"2018-03-15T05:31:41.000Z","volume":2000,"price":1.65,"category":"rbear"},{"type":"B","date":"2018-03-15T05:28:46.000Z","volume":2000,"price":1.7,"category":"rbear"},{"type":"B","date":"2018-03-15T05:05:22.000Z","volume":2000,"price":1.75,"category":"rbear"},{"type":"B","date":"2018-03-15T03:48:17.000Z","volume":2000,"price":1.77,"category":"rbear"},{"type":"B","date":"2018-03-15T03:15:14.000Z","volume":2000,"price":1.78,"category":"rbear"},{"type":"B","date":"2018-03-15T03:09:11.000Z","volume":2000,"price":1.8,"category":"rbear"},{"type":"B","date":"2018-03-15T02:45:19.000Z","volume":2000,"price":1.79,"category":"rbear"},{"type":"B","date":"2018-03-15T02:43:30.000Z","volume":2000,"price":1.82,"category":"rbear"},{"type":"B","date":"2018-03-15T01:47:38.000Z","volume":2000,"price":1.81,"category":"rbear"},{"type":"B","date":"2018-03-15T01:46:51.000Z","volume":2000,"price":1.8,"category":"rbear"},{"type":"B","date":"2018-03-15T01:46:51.000Z","volume":2000,"price":1.84,"category":"rbear"},{"type":"B","date":"2018-03-15T01:46:04.000Z","volume":2000,"price":1.84,"category":"rbear"},{"type":"B","date":"2018-03-15T01:45:36.000Z","volume":2000,"price":1.84,"category":"rbear"},{"type":"B","date":"2018-03-15T01:43:35.000Z","volume":2000,"price":1.94,"category":"rbear"},{"type":"B","date":"2018-03-15T01:30:57.000Z","volume":2000,"price":2.12,"category":"rbear"},{"type":"B","date":"2018-03-15T07:58:50.000Z","volume":14000,"price":1.27,"category":"bbear"},{"type":"B","date":"2018-03-15T07:56:58.000Z","volume":18000,"price":1.26,"category":"bbear"},{"type":"B","date":"2018-03-15T07:52:25.000Z","volume":12000,"price":1.28,"category":"bbear"},{"type":"B","date":"2018-03-15T07:49:07.000Z","volume":20000,"price":1.28,"category":"bbear"},{"type":"B","date":"2018-03-15T07:48:58.000Z","volume":20000,"price":1.27,"category":"bbear"},{"type":"B","date":"2018-03-15T07:44:56.000Z","volume":14000,"price":1.3,"category":"bbear"},{"type":"B","date":"2018-03-15T07:42:13.000Z","volume":20000,"price":1.31,"category":"bbear"},{"type":"B","date":"2018-03-15T07:41:06.000Z","volume":16000,"price":1.3,"category":"bbear"},{"type":"B","date":"2018-03-15T07:37:26.000Z","volume":20000,"price":1.33,"category":"bbear"},{"type":"B","date":"2018-03-15T07:35:51.000Z","volume":12000,"price":1.33,"category":"bbear"},{"type":"B","date":"2018-03-15T07:35:32.000Z","volume":14000,"price":1.33,"category":"bbear"},{"type":"B","date":"2018-03-15T07:35:14.000Z","volume":18000,"price":1.34,"category":"bbear"},{"type":"B","date":"2018-03-15T07:31:44.000Z","volume":14000,"price":1.35,"category":"bbear"},{"type":"B","date":"2018-03-15T07:31:27.000Z","volume":12000,"price":1.35,"category":"bbear"},{"type":"B","date":"2018-03-15T07:31:13.000Z","volume":22000,"price":1.35,"category":"bbear"},{"type":"B","date":"2018-03-15T07:31:08.000Z","volume":20000,"price":1.35,"category":"bbear"},{"type":"B","date":"2018-03-15T07:28:58.000Z","volume":12000,"price":1.34,"category":"bbear"},{"type":"B","date":"2018-03-15T07:26:41.000Z","volume":20000,"price":1.35,"category":"bbear"},{"type":"B","date":"2018-03-15T07:25:42.000Z","volume":18000,"price":1.36,"category":"bbear"},{"type":"B","date":"2018-03-15T07:24:05.000Z","volume":12000,"price":1.39,"category":"bbear"},{"type":"B","date":"2018-03-15T07:19:01.000Z","volume":16000,"price":1.41,"category":"bbear"},{"type":"B","date":"2018-03-15T07:18:26.000Z","volume":12000,"price":1.4,"category":"bbear"},{"type":"B","date":"2018-03-15T07:12:21.000Z","volume":20000,"price":1.39,"category":"bbear"},{"type":"B","date":"2018-03-15T07:11:57.000Z","volume":14000,"price":1.4,"category":"bbear"},{"type":"B","date":"2018-03-15T07:11:05.000Z","volume":20000,"price":1.4,"category":"bbear"},{"type":"B","date":"2018-03-15T07:09:37.000Z","volume":14000,"price":1.42,"category":"bbear"},{"type":"B","date":"2018-03-15T07:06:47.000Z","volume":14000,"price":1.43,"category":"bbear"},{"type":"B","date":"2018-03-15T07:04:57.000Z","volume":20000,"price":1.43,"category":"bbear"},{"type":"B","date":"2018-03-15T07:03:10.000Z","volume":18000,"price":1.43,"category":"bbear"},{"type":"B","date":"2018-03-15T07:02:52.000Z","volume":16000,"price":1.44,"category":"bbear"},{"type":"B","date":"2018-03-15T07:01:31.000Z","volume":12000,"price":1.43,"category":"bbear"},{"type":"B","date":"2018-03-15T06:59:12.000Z","volume":20000,"price":1.45,"category":"bbear"},{"type":"B","date":"2018-03-15T06:57:52.000Z","volume":14000,"price":1.44,"category":"bbear"},{"type":"B","date":"2018-03-15T06:55:48.000Z","volume":18000,"price":1.45,"category":"bbear"},{"type":"B","date":"2018-03-15T06:55:15.000Z","volume":22000,"price":1.46,"category":"bbear"},{"type":"B","date":"2018-03-15T06:55:12.000Z","volume":12000,"price":1.46,"category":"bbear"},{"type":"B","date":"2018-03-15T06:48:35.000Z","volume":14000,"price":1.49,"category":"bbear"},{"type":"B","date":"2018-03-15T06:48:35.000Z","volume":12000,"price":1.49,"category":"bbear"},{"type":"B","date":"2018-03-15T06:48:35.000Z","volume":12000,"price":1.49,"category":"bbear"},{"type":"B","date":"2018-03-15T06:47:29.000Z","volume":12000,"price":1.49,"category":"bbear"},{"type":"B","date":"2018-03-15T06:47:29.000Z","volume":12000,"price":1.49,"category":"bbear"},{"type":"B","date":"2018-03-15T06:40:32.000Z","volume":22000,"price":1.48,"category":"bbear"},{"type":"B","date":"2018-03-15T06:37:00.000Z","volume":18000,"price":1.52,"category":"bbear"},{"type":"B","date":"2018-03-15T06:13:35.000Z","volume":12000,"price":1.6,"category":"bbear"},{"type":"B","date":"2018-03-15T06:13:35.000Z","volume":12000,"price":1.6,"category":"bbear"},{"type":"B","date":"2018-03-15T05:52:26.000Z","volume":16000,"price":1.62,"category":"bbear"},{"type":"B","date":"2018-03-15T05:44:00.000Z","volume":18000,"price":1.61,"category":"bbear"},{"type":"B","date":"2018-03-15T05:44:00.000Z","volume":20000,"price":1.62,"category":"bbear"},{"type":"B","date":"2018-03-15T05:40:28.000Z","volume":12000,"price":1.62,"category":"bbear"},{"type":"B","date":"2018-03-15T05:40:08.000Z","volume":12000,"price":1.62,"category":"bbear"},{"type":"B","date":"2018-03-15T05:39:46.000Z","volume":20000,"price":1.61,"category":"bbear"},{"type":"B","date":"2018-03-15T05:39:21.000Z","volume":12000,"price":1.62,"category":"bbear"},{"type":"B","date":"2018-03-15T05:39:02.000Z","volume":12000,"price":1.62,"category":"bbear"},{"type":"B","date":"2018-03-15T05:26:43.000Z","volume":22000,"price":1.7,"category":"bbear"},{"type":"B","date":"2018-03-15T05:19:57.000Z","volume":20000,"price":1.73,"category":"bbear"},{"type":"B","date":"2018-03-15T05:05:44.000Z","volume":20000,"price":1.75,"category":"bbear"},{"type":"B","date":"2018-03-15T03:57:16.000Z","volume":18000,"price":1.75,"category":"bbear"},{"type":"B","date":"2018-03-15T03:54:59.000Z","volume":20000,"price":1.76,"category":"bbear"},{"type":"B","date":"2018-03-15T03:52:26.000Z","volume":20000,"price":1.75,"category":"bbear"},{"type":"B","date":"2018-03-15T03:47:36.000Z","volume":12000,"price":1.78,"category":"bbear"},{"type":"B","date":"2018-03-15T03:02:18.000Z","volume":14000,"price":1.78,"category":"bbear"},{"type":"B","date":"2018-03-15T03:01:59.000Z","volume":20000,"price":1.8,"category":"bbear"},{"type":"B","date":"2018-03-15T03:01:44.000Z","volume":12000,"price":1.79,"category":"bbear"},{"type":"B","date":"2018-03-15T02:45:22.000Z","volume":12000,"price":1.78,"category":"bbear"},{"type":"B","date":"2018-03-15T02:43:36.000Z","volume":18000,"price":1.81,"category":"bbear"},{"type":"B","date":"2018-03-15T02:41:46.000Z","volume":20000,"price":1.84,"category":"bbear"},{"type":"B","date":"2018-03-15T02:04:02.000Z","volume":12000,"price":1.85,"category":"bbear"},{"type":"B","date":"2018-03-15T02:00:04.000Z","volume":22000,"price":1.85,"category":"bbear"},{"type":"B","date":"2018-03-15T01:46:51.000Z","volume":20000,"price":1.8,"category":"bbear"},{"type":"B","date":"2018-03-15T01:44:15.000Z","volume":16000,"price":1.92,"category":"bbear"},{"type":"B","date":"2018-03-15T01:44:03.000Z","volume":12000,"price":1.94,"category":"bbear"},{"type":"B","date":"2018-03-15T01:40:22.000Z","volume":20000,"price":2,"category":"bbear"},{"type":"B","date":"2018-03-15T01:39:11.000Z","volume":16000,"price":2.05,"category":"bbear"},{"type":"B","date":"2018-03-15T07:59:48.000Z","volume":56000,"price":1.28,"category":"ubbear"},{"type":"B","date":"2018-03-15T07:59:48.000Z","volume":30000,"price":1.28,"category":"ubbear"},{"type":"B","date":"2018-03-15T07:59:48.000Z","volume":30000,"price":1.28,"category":"ubbear"},{"type":"B","date":"2018-03-15T07:59:48.000Z","volume":30000,"price":1.28,"category":"ubbear"},{"type":"B","date":"2018-03-15T07:59:48.000Z","volume":30000,"price":1.28,"category":"ubbear"},{"type":"B","date":"2018-03-15T07:59:33.000Z","volume":30000,"price":1.27,"category":"ubbear"},{"type":"B","date":"2018-03-15T07:56:56.000Z","volume":28000,"price":1.26,"category":"ubbear"},{"type":"B","date":"2018-03-15T07:56:24.000Z","volume":26000,"price":1.26,"category":"ubbear"},{"type":"B","date":"2018-03-15T07:55:43.000Z","volume":56000,"price":1.26,"category":"ubbear"},{"type":"B","date":"2018-03-15T07:55:10.000Z","volume":34000,"price":1.26,"category":"ubbear"},{"type":"B","date":"2018-03-15T07:53:19.000Z","volume":72000,"price":1.26,"category":"ubbear"},{"type":"B","date":"2018-03-15T07:53:12.000Z","volume":28000,"price":1.27,"category":"ubbear"},{"type":"B","date":"2018-03-15T07:50:16.000Z","volume":24000,"price":1.28,"category":"ubbear"},{"type":"B","date":"2018-03-15T07:49:35.000Z","volume":40000,"price":1.28,"category":"ubbear"},{"type":"B","date":"2018-03-15T07:48:58.000Z","volume":42000,"price":1.27,"category":"ubbear"},{"type":"B","date":"2018-03-15T07:48:40.000Z","volume":40000,"price":1.28,"category":"ubbear"},{"type":"B","date":"2018-03-15T07:45:50.000Z","volume":40000,"price":1.28,"category":"ubbear"},{"type":"B","date":"2018-03-15T07:44:52.000Z","volume":54000,"price":1.29,"category":"ubbear"},{"type":"B","date":"2018-03-15T07:42:59.000Z","volume":40000,"price":1.3,"category":"ubbear"},{"type":"B","date":"2018-03-15T07:42:46.000Z","volume":40000,"price":1.3,"category":"ubbear"},{"type":"B","date":"2018-03-15T07:42:17.000Z","volume":50000,"price":1.3,"category":"ubbear"},{"type":"B","date":"2018-03-15T07:39:54.000Z","volume":24000,"price":1.29,"category":"ubbear"},{"type":"B","date":"2018-03-15T07:38:48.000Z","volume":76000,"price":1.3,"category":"ubbear"},{"type":"B","date":"2018-03-15T07:38:26.000Z","volume":292000,"price":1.3,"category":"ubbear"},{"type":"B","date":"2018-03-15T07:38:26.000Z","volume":36000,"price":1.31,"category":"ubbear"},{"type":"B","date":"2018-03-15T07:37:11.000Z","volume":84000,"price":1.32,"category":"ubbear"},{"type":"B","date":"2018-03-15T07:34:33.000Z","volume":44000,"price":1.33,"category":"ubbear"},{"type":"B","date":"2018-03-15T07:31:46.000Z","volume":30000,"price":1.35,"category":"ubbear"},{"type":"B","date":"2018-03-15T07:31:46.000Z","volume":30000,"price":1.35,"category":"ubbear"},{"type":"B","date":"2018-03-15T07:26:45.000Z","volume":40000,"price":1.34,"category":"ubbear"},{"type":"B","date":"2018-03-15T07:25:42.000Z","volume":26000,"price":1.35,"category":"ubbear"},{"type":"B","date":"2018-03-15T07:20:02.000Z","volume":114000,"price":1.38,"category":"ubbear"},{"type":"B","date":"2018-03-15T07:18:11.000Z","volume":56000,"price":1.4,"category":"ubbear"},{"type":"B","date":"2018-03-15T07:09:54.000Z","volume":88000,"price":1.4,"category":"ubbear"},{"type":"B","date":"2018-03-15T07:09:50.000Z","volume":28000,"price":1.41,"category":"ubbear"},{"type":"B","date":"2018-03-15T07:06:57.000Z","volume":24000,"price":1.41,"category":"ubbear"},{"type":"B","date":"2018-03-15T07:06:57.000Z","volume":30000,"price":1.42,"category":"ubbear"},{"type":"B","date":"2018-03-15T06:53:40.000Z","volume":50000,"price":1.48,"category":"ubbear"},{"type":"B","date":"2018-03-15T06:39:03.000Z","volume":76000,"price":1.5,"category":"ubbear"},{"type":"B","date":"2018-03-15T06:37:00.000Z","volume":104000,"price":1.5,"category":"ubbear"},{"type":"B","date":"2018-03-15T06:37:00.000Z","volume":70000,"price":1.51,"category":"ubbear"},{"type":"B","date":"2018-03-15T06:36:32.000Z","volume":42000,"price":1.53,"category":"ubbear"},{"type":"B","date":"2018-03-15T06:33:52.000Z","volume":32000,"price":1.55,"category":"ubbear"},{"type":"B","date":"2018-03-15T06:32:40.000Z","volume":36000,"price":1.56,"category":"ubbear"},{"type":"B","date":"2018-03-15T06:31:57.000Z","volume":50000,"price":1.57,"category":"ubbear"},{"type":"B","date":"2018-03-15T06:31:57.000Z","volume":56000,"price":1.58,"category":"ubbear"},{"type":"B","date":"2018-03-15T06:31:57.000Z","volume":248000,"price":1.59,"category":"ubbear"},{"type":"B","date":"2018-03-15T06:30:24.000Z","volume":26000,"price":1.6,"category":"ubbear"},{"type":"B","date":"2018-03-15T06:30:24.000Z","volume":100000,"price":1.6,"category":"ubbear"},{"type":"B","date":"2018-03-15T06:04:39.000Z","volume":82000,"price":1.58,"category":"ubbear"},{"type":"B","date":"2018-03-15T06:04:39.000Z","volume":24000,"price":1.58,"category":"ubbear"},{"type":"B","date":"2018-03-15T05:58:07.000Z","volume":136000,"price":1.6,"category":"ubbear"},{"type":"B","date":"2018-03-15T05:56:35.000Z","volume":80000,"price":1.6,"category":"ubbear"},{"type":"B","date":"2018-03-15T05:34:46.000Z","volume":64000,"price":1.6,"category":"ubbear"},{"type":"B","date":"2018-03-15T05:34:46.000Z","volume":30000,"price":1.61,"category":"ubbear"},{"type":"B","date":"2018-03-15T05:33:56.000Z","volume":26000,"price":1.62,"category":"ubbear"},{"type":"B","date":"2018-03-15T05:32:32.000Z","volume":28000,"price":1.65,"category":"ubbear"},{"type":"B","date":"2018-03-15T05:30:12.000Z","volume":36000,"price":1.68,"category":"ubbear"},{"type":"B","date":"2018-03-15T05:29:37.000Z","volume":24000,"price":1.69,"category":"ubbear"},{"type":"B","date":"2018-03-15T05:24:41.000Z","volume":100000,"price":1.7,"category":"ubbear"},{"type":"B","date":"2018-03-15T05:22:36.000Z","volume":34000,"price":1.7,"category":"ubbear"},{"type":"B","date":"2018-03-15T05:22:36.000Z","volume":60000,"price":1.7,"category":"ubbear"},{"type":"B","date":"2018-03-15T03:56:58.000Z","volume":36000,"price":1.76,"category":"ubbear"},{"type":"B","date":"2018-03-15T03:48:27.000Z","volume":40000,"price":1.75,"category":"ubbear"},{"type":"B","date":"2018-03-15T03:48:17.000Z","volume":24000,"price":1.76,"category":"ubbear"},{"type":"B","date":"2018-03-15T03:01:44.000Z","volume":38000,"price":1.78,"category":"ubbear"},{"type":"B","date":"2018-03-15T02:44:00.000Z","volume":110000,"price":1.8,"category":"ubbear"},{"type":"B","date":"2018-03-15T02:29:23.000Z","volume":118000,"price":1.85,"category":"ubbear"},{"type":"B","date":"2018-03-15T02:04:43.000Z","volume":100000,"price":1.85,"category":"ubbear"},{"type":"B","date":"2018-03-15T01:47:16.000Z","volume":82000,"price":1.78,"category":"ubbear"}]