[{"type":"U","date":"2018-04-13T01:20:00.000Z","volume":60000,"label":"U","price":0.197},{"type":"B","date":"2018-04-13T01:30:05.000Z","volume":200000,"label":" ","price":0.197},{"type":"B","date":"2018-04-13T01:30:06.000Z","volume":752000,"label":" ","price":0.197},{"type":"B","date":"2018-04-13T01:30:06.000Z","volume":4000,"label":" ","price":0.196},{"type":"B","date":"2018-04-13T01:31:40.000Z","volume":188000,"label":"Y","price":0.196},{"type":"B","date":"2018-04-13T01:32:20.000Z","volume":4000,"label":" ","price":0.197},{"type":"B","date":"2018-04-13T01:34:10.000Z","volume":4000,"label":" ","price":0.197},{"type":"B","date":"2018-04-13T01:35:01.000Z","volume":444000,"label":" ","price":0.197},{"type":"A","date":"2018-04-13T01:35:18.000Z","volume":8000,"label":" ","price":0.198},{"type":"A","date":"2018-04-13T01:36:19.000Z","volume":120000,"label":" ","price":0.198},{"type":"A","date":"2018-04-13T01:37:16.000Z","volume":4000,"label":" ","price":0.197},{"type":"B","date":"2018-04-13T01:39:22.000Z","volume":340000,"label":" ","price":0.196},{"type":"B","date":"2018-04-13T01:39:22.000Z","volume":128000,"label":" ","price":0.196},{"type":"A","date":"2018-04-13T01:39:49.000Z","volume":140000,"label":" ","price":0.198},{"type":"B","date":"2018-04-13T01:40:46.000Z","volume":84000,"label":" ","price":0.198},{"type":"B","date":"2018-04-13T01:41:20.000Z","volume":220000,"label":" ","price":0.197},{"type":"B","date":"2018-04-13T01:42:13.000Z","volume":424000,"label":" ","price":0.196},{"type":"A","date":"2018-04-13T01:43:31.000Z","volume":16000,"label":" ","price":0.198},{"type":"U","date":"2018-04-13T01:45:19.000Z","volume":60000,"label":" ","price":0.197},{"type":"B","date":"2018-04-13T01:48:18.000Z","volume":12000,"label":" ","price":0.197},{"type":"A","date":"2018-04-13T01:49:12.000Z","volume":4000,"label":" ","price":0.198},{"type":"B","date":"2018-04-13T01:49:54.000Z","volume":32000,"label":" ","price":0.197},{"type":"B","date":"2018-04-13T01:49:54.000Z","volume":328000,"label":" ","price":0.196},{"type":"A","date":"2018-04-13T01:49:57.000Z","volume":4000,"label":" ","price":0.198},{"type":"A","date":"2018-04-13T01:51:00.000Z","volume":24000,"label":"Y","price":0.198},{"type":"A","date":"2018-04-13T01:51:33.000Z","volume":100000,"label":"Y","price":0.198},{"type":"A","date":"2018-04-13T01:53:41.000Z","volume":180000,"label":" ","price":0.198},{"type":"B","date":"2018-04-13T01:57:29.000Z","volume":420000,"label":" ","price":0.196},{"type":"A","date":"2018-04-13T01:57:36.000Z","volume":16000,"label":" ","price":0.198},{"type":"B","date":"2018-04-13T01:58:56.000Z","volume":200000,"label":" ","price":0.196},{"type":"A","date":"2018-04-13T01:59:06.000Z","volume":16000,"label":" ","price":0.198},{"type":"B","date":"2018-04-13T02:00:54.000Z","volume":24000,"label":" ","price":0.196},{"type":"B","date":"2018-04-13T02:04:39.000Z","volume":16000,"label":" ","price":0.196},{"type":"B","date":"2018-04-13T02:06:36.000Z","volume":364000,"label":" ","price":0.196},{"type":"B","date":"2018-04-13T02:08:01.000Z","volume":316000,"label":" ","price":0.195},{"type":"A","date":"2018-04-13T02:08:06.000Z","volume":16000,"label":" ","price":0.196},{"type":"B","date":"2018-04-13T02:08:43.000Z","volume":500000,"label":" ","price":0.194},{"type":"A","date":"2018-04-13T02:10:39.000Z","volume":16000,"label":" ","price":0.196},{"type":"B","date":"2018-04-13T02:17:53.000Z","volume":180000,"label":"Y","price":0.194},{"type":"B","date":"2018-04-13T02:17:53.000Z","volume":100000,"label":" ","price":0.194},{"type":"A","date":"2018-04-13T02:17:57.000Z","volume":12000,"label":" ","price":0.196},{"type":"B","date":"2018-04-13T02:21:03.000Z","volume":100000,"label":" ","price":0.194},{"type":"A","date":"2018-04-13T02:21:55.000Z","volume":8000,"label":" ","price":0.195},{"type":"A","date":"2018-04-13T02:21:55.000Z","volume":4000,"label":" ","price":0.196},{"type":"B","date":"2018-04-13T02:26:58.000Z","volume":40000,"label":"Y","price":0.194},{"type":"B","date":"2018-04-13T02:26:58.000Z","volume":160000,"label":" ","price":0.194},{"type":"A","date":"2018-04-13T02:27:02.000Z","volume":16000,"label":" ","price":0.196},{"type":"A","date":"2018-04-13T02:28:09.000Z","volume":200000,"label":" ","price":0.195},{"type":"B","date":"2018-04-13T02:31:58.000Z","volume":132000,"label":" ","price":0.193},{"type":"A","date":"2018-04-13T02:32:03.000Z","volume":20000,"label":" ","price":0.195},{"type":"B","date":"2018-04-13T02:43:42.000Z","volume":200000,"label":" ","price":0.193},{"type":"A","date":"2018-04-13T02:43:47.000Z","volume":16000,"label":" ","price":0.195},{"type":"A","date":"2018-04-13T02:53:29.000Z","volume":100000,"label":" ","price":0.194},{"type":"B","date":"2018-04-13T02:55:45.000Z","volume":88000,"label":" ","price":0.193},{"type":"A","date":"2018-04-13T03:00:41.000Z","volume":4000,"label":" ","price":0.194},{"type":"A","date":"2018-04-13T03:05:33.000Z","volume":36000,"label":" ","price":0.194},{"type":"A","date":"2018-04-13T03:09:21.000Z","volume":16000,"label":" ","price":0.194},{"type":"B","date":"2018-04-13T03:09:36.000Z","volume":108000,"label":" ","price":0.193},{"type":"B","date":"2018-04-13T03:09:36.000Z","volume":512000,"label":" ","price":0.192},{"type":"B","date":"2018-04-13T03:09:36.000Z","volume":404000,"label":" ","price":0.192},{"type":"B","date":"2018-04-13T03:09:36.000Z","volume":80000,"label":"Y","price":0.191},{"type":"B","date":"2018-04-13T03:09:36.000Z","volume":1112000,"label":" ","price":0.191},{"type":"B","date":"2018-04-13T03:09:36.000Z","volume":1680000,"label":" ","price":0.19},{"type":"B","date":"2018-04-13T03:09:36.000Z","volume":64000,"label":" ","price":0.189},{"type":"A","date":"2018-04-13T03:09:44.000Z","volume":20000,"label":" ","price":0.193},{"type":"A","date":"2018-04-13T03:12:15.000Z","volume":200000,"label":" ","price":0.193},{"type":"B","date":"2018-04-13T03:12:56.000Z","volume":40000,"label":" ","price":0.191},{"type":"U","date":"2018-04-13T03:13:43.000Z","volume":335,"label":"D","price":0.185},{"type":"A","date":"2018-04-13T03:15:41.000Z","volume":20000,"label":" ","price":0.192},{"type":"A","date":"2018-04-13T03:17:06.000Z","volume":560000,"label":" ","price":0.192},{"type":"A","date":"2018-04-13T03:21:52.000Z","volume":20000,"label":" ","price":0.193},{"type":"B","date":"2018-04-13T03:28:03.000Z","volume":100000,"label":" ","price":0.193},{"type":"A","date":"2018-04-13T03:32:47.000Z","volume":12000,"label":" ","price":0.194},{"type":"B","date":"2018-04-13T03:32:54.000Z","volume":340000,"label":" ","price":0.193},{"type":"A","date":"2018-04-13T03:32:59.000Z","volume":16000,"label":" ","price":0.194},{"type":"B","date":"2018-04-13T03:41:47.000Z","volume":60000,"label":"Y","price":0.192},{"type":"B","date":"2018-04-13T03:41:47.000Z","volume":640000,"label":" ","price":0.192},{"type":"A","date":"2018-04-13T03:41:51.000Z","volume":12000,"label":" ","price":0.194},{"type":"U","date":"2018-04-13T03:44:51.000Z","volume":3688,"label":"D","price":0.185},{"type":"B","date":"2018-04-13T03:45:27.000Z","volume":4000,"label":" ","price":0.193},{"type":"B","date":"2018-04-13T03:46:58.000Z","volume":184000,"label":" ","price":0.193},{"type":"A","date":"2018-04-13T03:47:16.000Z","volume":16000,"label":" ","price":0.193},{"type":"A","date":"2018-04-13T03:48:18.000Z","volume":4000,"label":" ","price":0.194},{"type":"B","date":"2018-04-13T03:49:12.000Z","volume":20000,"label":" ","price":0.194},{"type":"B","date":"2018-04-13T03:55:38.000Z","volume":76000,"label":" ","price":0.194},{"type":"A","date":"2018-04-13T05:00:04.000Z","volume":104000,"label":" ","price":0.194},{"type":"B","date":"2018-04-13T05:00:13.000Z","volume":80000,"label":" ","price":0.194},{"type":"B","date":"2018-04-13T05:06:42.000Z","volume":420000,"label":" ","price":0.194},{"type":"A","date":"2018-04-13T05:06:46.000Z","volume":8000,"label":" ","price":0.195},{"type":"B","date":"2018-04-13T05:11:59.000Z","volume":760000,"label":" ","price":0.194},{"type":"A","date":"2018-04-13T05:14:53.000Z","volume":8000,"label":" ","price":0.195},{"type":"B","date":"2018-04-13T05:14:59.000Z","volume":136000,"label":" ","price":0.194},{"type":"A","date":"2018-04-13T05:15:05.000Z","volume":56000,"label":" ","price":0.195},{"type":"A","date":"2018-04-13T05:15:05.000Z","volume":12000,"label":" ","price":0.196},{"type":"B","date":"2018-04-13T05:22:32.000Z","volume":700000,"label":" ","price":0.193},{"type":"A","date":"2018-04-13T05:22:37.000Z","volume":12000,"label":" ","price":0.195},{"type":"B","date":"2018-04-13T05:30:11.000Z","volume":420000,"label":" ","price":0.193},{"type":"A","date":"2018-04-13T05:30:17.000Z","volume":8000,"label":" ","price":0.195},{"type":"A","date":"2018-04-13T05:38:44.000Z","volume":12000,"label":" ","price":0.195},{"type":"B","date":"2018-04-13T05:49:07.000Z","volume":300000,"label":" ","price":0.194},{"type":"A","date":"2018-04-13T05:49:12.000Z","volume":12000,"label":" ","price":0.195},{"type":"B","date":"2018-04-13T05:55:51.000Z","volume":100000,"label":" ","price":0.194},{"type":"B","date":"2018-04-13T05:55:51.000Z","volume":200000,"label":" ","price":0.193},{"type":"A","date":"2018-04-13T05:55:57.000Z","volume":12000,"label":" ","price":0.194},{"type":"B","date":"2018-04-13T06:01:35.000Z","volume":144000,"label":" ","price":0.193},{"type":"A","date":"2018-04-13T06:02:46.000Z","volume":12000,"label":" ","price":0.194},{"type":"B","date":"2018-04-13T06:05:28.000Z","volume":152000,"label":" ","price":0.193},{"type":"B","date":"2018-04-13T06:05:28.000Z","volume":48000,"label":"Y","price":0.192},{"type":"A","date":"2018-04-13T06:05:35.000Z","volume":8000,"label":" ","price":0.194},{"type":"A","date":"2018-04-13T06:07:18.000Z","volume":88000,"label":" ","price":0.194},{"type":"B","date":"2018-04-13T06:07:35.000Z","volume":112000,"label":" ","price":0.194},{"type":"B","date":"2018-04-13T06:08:22.000Z","volume":80000,"label":" ","price":0.193},{"type":"B","date":"2018-04-13T06:10:53.000Z","volume":240000,"label":" ","price":0.193},{"type":"A","date":"2018-04-13T06:10:58.000Z","volume":8000,"label":" ","price":0.194},{"type":"B","date":"2018-04-13T06:15:53.000Z","volume":40000,"label":" ","price":0.193},{"type":"B","date":"2018-04-13T06:17:27.000Z","volume":32000,"label":" ","price":0.193},{"type":"B","date":"2018-04-13T06:17:27.000Z","volume":448000,"label":"Y","price":0.192},{"type":"A","date":"2018-04-13T06:17:33.000Z","volume":8000,"label":" ","price":0.194},{"type":"B","date":"2018-04-13T06:22:40.000Z","volume":72000,"label":" ","price":0.193},{"type":"B","date":"2018-04-13T06:28:24.000Z","volume":8000,"label":" ","price":0.193},{"type":"B","date":"2018-04-13T06:28:24.000Z","volume":352000,"label":"Y","price":0.192},{"type":"A","date":"2018-04-13T06:28:33.000Z","volume":12000,"label":" ","price":0.194},{"type":"B","date":"2018-04-13T06:32:30.000Z","volume":220000,"label":"Y","price":0.192},{"type":"B","date":"2018-04-13T06:38:58.000Z","volume":100000,"label":" ","price":0.192},{"type":"A","date":"2018-04-13T06:40:43.000Z","volume":16000,"label":" ","price":0.194},{"type":"B","date":"2018-04-13T06:41:05.000Z","volume":280000,"label":"Y","price":0.192},{"type":"A","date":"2018-04-13T06:41:15.000Z","volume":32000,"label":" ","price":0.194},{"type":"A","date":"2018-04-13T06:52:34.000Z","volume":120000,"label":"Y","price":0.194},{"type":"A","date":"2018-04-13T06:52:34.000Z","volume":132000,"label":" ","price":0.194},{"type":"B","date":"2018-04-13T06:53:01.000Z","volume":580000,"label":" ","price":0.194},{"type":"A","date":"2018-04-13T06:53:10.000Z","volume":16000,"label":" ","price":0.195},{"type":"B","date":"2018-04-13T06:54:28.000Z","volume":272000,"label":" ","price":0.194},{"type":"B","date":"2018-04-13T06:59:05.000Z","volume":200000,"label":" ","price":0.194},{"type":"B","date":"2018-04-13T07:00:14.000Z","volume":116000,"label":" ","price":0.193},{"type":"A","date":"2018-04-13T07:00:14.000Z","volume":100000,"label":" ","price":0.193},{"type":"U","date":"2018-04-13T07:09:50.000Z","volume":121,"label":"D","price":0.185},{"type":"A","date":"2018-04-13T07:10:59.000Z","volume":160000,"label":" ","price":0.193},{"type":"A","date":"2018-04-13T07:14:55.000Z","volume":164000,"label":" ","price":0.193},{"type":"B","date":"2018-04-13T07:24:09.000Z","volume":136000,"label":" ","price":0.193},{"type":"A","date":"2018-04-13T07:24:14.000Z","volume":8000,"label":" ","price":0.194},{"type":"B","date":"2018-04-13T07:36:42.000Z","volume":120000,"label":" ","price":0.193},{"type":"A","date":"2018-04-13T07:37:57.000Z","volume":20000,"label":" ","price":0.193},{"type":"U","date":"2018-04-13T07:38:59.000Z","volume":362,"label":"D","price":0.185},{"type":"A","date":"2018-04-13T07:40:22.000Z","volume":20000,"label":" ","price":0.193},{"type":"A","date":"2018-04-13T07:40:22.000Z","volume":20000,"label":" ","price":0.194},{"type":"A","date":"2018-04-13T07:46:21.000Z","volume":100000,"label":" ","price":0.194},{"type":"B","date":"2018-04-13T07:47:46.000Z","volume":4000,"label":" ","price":0.193},{"type":"B","date":"2018-04-13T07:53:47.000Z","volume":40000,"label":" ","price":0.193},{"type":"B","date":"2018-04-13T07:54:39.000Z","volume":100000,"label":" ","price":0.193},{"type":"B","date":"2018-04-13T07:54:42.000Z","volume":248000,"label":" ","price":0.193},{"type":"A","date":"2018-04-13T07:55:17.000Z","volume":20000,"label":" ","price":0.193},{"type":"A","date":"2018-04-13T07:57:53.000Z","volume":64000,"label":" ","price":0.194},{"type":"B","date":"2018-04-13T07:59:48.000Z","volume":8000,"label":" ","price":0.193}]