[{"type":"U","date":"2018-04-16T01:20:00.000Z","volume":8000,"label":"U","price":11.5},{"type":"A","date":"2018-04-16T01:30:00.000Z","volume":2000,"label":" ","price":11.52},{"type":"A","date":"2018-04-16T01:30:00.000Z","volume":10000,"label":" ","price":11.52},{"type":"A","date":"2018-04-16T01:30:00.000Z","volume":2000,"label":" ","price":11.6},{"type":"A","date":"2018-04-16T01:30:00.000Z","volume":8000,"label":" ","price":11.6},{"type":"B","date":"2018-04-16T01:30:00.000Z","volume":6000,"label":" ","price":11.5},{"type":"B","date":"2018-04-16T01:30:03.000Z","volume":4000,"label":" ","price":11.56},{"type":"B","date":"2018-04-16T01:30:03.000Z","volume":14000,"label":" ","price":11.52},{"type":"B","date":"2018-04-16T01:30:03.000Z","volume":2000,"label":" ","price":11.52},{"type":"B","date":"2018-04-16T01:30:03.000Z","volume":2000,"label":" ","price":11.56},{"type":"B","date":"2018-04-16T01:30:03.000Z","volume":2000,"label":" ","price":11.56},{"type":"B","date":"2018-04-16T01:30:03.000Z","volume":2000,"label":" ","price":11.5},{"type":"U","date":"2018-04-16T01:30:15.000Z","volume":6000,"label":" ","price":11.56},{"type":"B","date":"2018-04-16T01:30:16.000Z","volume":6000,"label":" ","price":11.5},{"type":"B","date":"2018-04-16T01:30:47.000Z","volume":10000,"label":" ","price":11.56},{"type":"B","date":"2018-04-16T01:30:48.000Z","volume":2000,"label":" ","price":11.56},{"type":"B","date":"2018-04-16T01:30:48.000Z","volume":2000,"label":" ","price":11.56},{"type":"U","date":"2018-04-16T01:30:48.000Z","volume":2000,"label":"X","price":11.58},{"type":"B","date":"2018-04-16T01:30:48.000Z","volume":18000,"label":" ","price":11.56},{"type":"B","date":"2018-04-16T01:30:49.000Z","volume":12000,"label":" ","price":11.56},{"type":"B","date":"2018-04-16T01:30:50.000Z","volume":8000,"label":" ","price":11.56},{"type":"B","date":"2018-04-16T01:30:50.000Z","volume":2000,"label":" ","price":11.56},{"type":"B","date":"2018-04-16T01:30:51.000Z","volume":6000,"label":" ","price":11.56},{"type":"B","date":"2018-04-16T01:30:53.000Z","volume":2000,"label":" ","price":11.56},{"type":"B","date":"2018-04-16T01:30:53.000Z","volume":2000,"label":" ","price":11.56},{"type":"B","date":"2018-04-16T01:30:55.000Z","volume":4000,"label":" ","price":11.56},{"type":"B","date":"2018-04-16T01:30:56.000Z","volume":2000,"label":" ","price":11.56},{"type":"B","date":"2018-04-16T01:30:56.000Z","volume":2000,"label":" ","price":11.52},{"type":"B","date":"2018-04-16T01:30:56.000Z","volume":2000,"label":" ","price":11.5},{"type":"B","date":"2018-04-16T01:31:22.000Z","volume":12000,"label":" ","price":11.5},{"type":"A","date":"2018-04-16T01:35:25.000Z","volume":10000,"label":" ","price":11.5},{"type":"A","date":"2018-04-16T01:35:25.000Z","volume":2000,"label":" ","price":11.5},{"type":"A","date":"2018-04-16T01:35:25.000Z","volume":2000,"label":"Y","price":11.5},{"type":"A","date":"2018-04-16T01:35:25.000Z","volume":2000,"label":" ","price":11.5},{"type":"A","date":"2018-04-16T01:35:59.000Z","volume":36000,"label":" ","price":11.5},{"type":"A","date":"2018-04-16T01:35:59.000Z","volume":6000,"label":" ","price":11.5},{"type":"A","date":"2018-04-16T01:35:59.000Z","volume":2000,"label":"Y","price":11.52},{"type":"A","date":"2018-04-16T01:36:01.000Z","volume":8000,"label":" ","price":11.52},{"type":"U","date":"2018-04-16T01:36:20.000Z","volume":2000,"label":" ","price":11.52},{"type":"B","date":"2018-04-16T01:39:44.000Z","volume":12000,"label":" ","price":11.52},{"type":"B","date":"2018-04-16T01:39:45.000Z","volume":10000,"label":" ","price":11.52},{"type":"B","date":"2018-04-16T01:40:24.000Z","volume":6000,"label":" ","price":11.52},{"type":"B","date":"2018-04-16T01:42:25.000Z","volume":2000,"label":" ","price":11.52},{"type":"B","date":"2018-04-16T01:42:59.000Z","volume":10000,"label":" ","price":11.52},{"type":"A","date":"2018-04-16T01:43:00.000Z","volume":2000,"label":" ","price":11.54},{"type":"B","date":"2018-04-16T01:43:00.000Z","volume":12000,"label":" ","price":11.52},{"type":"B","date":"2018-04-16T01:43:27.000Z","volume":2000,"label":" ","price":11.52},{"type":"B","date":"2018-04-16T01:44:34.000Z","volume":6000,"label":" ","price":11.52},{"type":"B","date":"2018-04-16T01:45:06.000Z","volume":6000,"label":" ","price":11.52},{"type":"B","date":"2018-04-16T01:45:07.000Z","volume":10000,"label":" ","price":11.52},{"type":"A","date":"2018-04-16T01:45:21.000Z","volume":40000,"label":" ","price":11.54},{"type":"A","date":"2018-04-16T01:45:21.000Z","volume":8000,"label":" ","price":11.54},{"type":"B","date":"2018-04-16T01:45:21.000Z","volume":26000,"label":" ","price":11.52},{"type":"B","date":"2018-04-16T01:45:23.000Z","volume":10000,"label":" ","price":11.52},{"type":"B","date":"2018-04-16T01:45:25.000Z","volume":6000,"label":" ","price":11.5},{"type":"B","date":"2018-04-16T01:45:25.000Z","volume":2000,"label":" ","price":11.5},{"type":"A","date":"2018-04-16T01:46:59.000Z","volume":2000,"label":" ","price":11.5},{"type":"U","date":"2018-04-16T01:47:05.000Z","volume":995,"label":"D","price":11.54},{"type":"B","date":"2018-04-16T01:48:44.000Z","volume":4000,"label":" ","price":11.48},{"type":"B","date":"2018-04-16T01:50:29.000Z","volume":6000,"label":" ","price":11.48},{"type":"B","date":"2018-04-16T01:52:12.000Z","volume":12000,"label":" ","price":11.46},{"type":"B","date":"2018-04-16T01:53:23.000Z","volume":6000,"label":" ","price":11.44},{"type":"U","date":"2018-04-16T01:53:24.000Z","volume":2000,"label":"X","price":11.45},{"type":"B","date":"2018-04-16T01:53:28.000Z","volume":10000,"label":" ","price":11.44},{"type":"U","date":"2018-04-16T01:53:29.000Z","volume":4000,"label":"X","price":11.45},{"type":"B","date":"2018-04-16T01:53:29.000Z","volume":2000,"label":" ","price":11.44},{"type":"A","date":"2018-04-16T02:01:00.000Z","volume":2000,"label":" ","price":11.44},{"type":"A","date":"2018-04-16T02:01:05.000Z","volume":2000,"label":"Y","price":11.44},{"type":"B","date":"2018-04-16T02:02:15.000Z","volume":10000,"label":" ","price":11.42},{"type":"B","date":"2018-04-16T02:02:16.000Z","volume":4000,"label":" ","price":11.4},{"type":"A","date":"2018-04-16T02:02:16.000Z","volume":2000,"label":" ","price":11.4},{"type":"B","date":"2018-04-16T02:02:44.000Z","volume":12000,"label":" ","price":11.4},{"type":"B","date":"2018-04-16T02:03:21.000Z","volume":2000,"label":" ","price":11.38},{"type":"B","date":"2018-04-16T02:03:21.000Z","volume":2000,"label":" ","price":11.38},{"type":"A","date":"2018-04-16T02:03:57.000Z","volume":22000,"label":" ","price":11.38},{"type":"A","date":"2018-04-16T02:03:58.000Z","volume":6000,"label":" ","price":11.4},{"type":"A","date":"2018-04-16T02:08:25.000Z","volume":12000,"label":" ","price":11.4},{"type":"A","date":"2018-04-16T02:08:25.000Z","volume":2000,"label":" ","price":11.4},{"type":"A","date":"2018-04-16T02:08:26.000Z","volume":2000,"label":" ","price":11.4},{"type":"A","date":"2018-04-16T02:08:27.000Z","volume":2000,"label":" ","price":11.4},{"type":"A","date":"2018-04-16T02:08:31.000Z","volume":2000,"label":" ","price":11.4},{"type":"B","date":"2018-04-16T02:12:58.000Z","volume":30000,"label":" ","price":11.38},{"type":"B","date":"2018-04-16T02:12:58.000Z","volume":4000,"label":" ","price":11.38},{"type":"A","date":"2018-04-16T02:12:58.000Z","volume":4000,"label":" ","price":11.4},{"type":"A","date":"2018-04-16T02:13:01.000Z","volume":8000,"label":" ","price":11.4},{"type":"B","date":"2018-04-16T02:22:40.000Z","volume":12000,"label":" ","price":11.38},{"type":"A","date":"2018-04-16T02:22:57.000Z","volume":2000,"label":" ","price":11.4},{"type":"B","date":"2018-04-16T02:23:36.000Z","volume":14000,"label":" ","price":11.38},{"type":"A","date":"2018-04-16T02:23:40.000Z","volume":2000,"label":"Y","price":11.4},{"type":"B","date":"2018-04-16T02:26:18.000Z","volume":16000,"label":" ","price":11.38},{"type":"A","date":"2018-04-16T02:30:42.000Z","volume":2000,"label":" ","price":11.4},{"type":"A","date":"2018-04-16T02:34:24.000Z","volume":2000,"label":" ","price":11.4},{"type":"A","date":"2018-04-16T02:34:24.000Z","volume":2000,"label":" ","price":11.4},{"type":"B","date":"2018-04-16T02:36:00.000Z","volume":14000,"label":" ","price":11.38},{"type":"B","date":"2018-04-16T02:41:20.000Z","volume":2000,"label":" ","price":11.38},{"type":"B","date":"2018-04-16T02:42:55.000Z","volume":4000,"label":" ","price":11.38},{"type":"B","date":"2018-04-16T02:43:43.000Z","volume":14000,"label":" ","price":11.38},{"type":"A","date":"2018-04-16T02:43:45.000Z","volume":2000,"label":"Y","price":11.4},{"type":"B","date":"2018-04-16T02:43:47.000Z","volume":10000,"label":" ","price":11.38},{"type":"A","date":"2018-04-16T02:43:52.000Z","volume":2000,"label":"Y","price":11.4},{"type":"U","date":"2018-04-16T02:45:43.000Z","volume":8000,"label":"X","price":11.38},{"type":"B","date":"2018-04-16T02:59:15.000Z","volume":2000,"label":" ","price":11.38},{"type":"B","date":"2018-04-16T03:05:43.000Z","volume":28000,"label":" ","price":11.36},{"type":"U","date":"2018-04-16T03:05:45.000Z","volume":4000,"label":" ","price":11.36},{"type":"A","date":"2018-04-16T03:05:45.000Z","volume":16000,"label":" ","price":11.38},{"type":"A","date":"2018-04-16T03:05:49.000Z","volume":4000,"label":" ","price":11.38},{"type":"A","date":"2018-04-16T03:05:50.000Z","volume":2000,"label":" ","price":11.38},{"type":"U","date":"2018-04-16T03:07:55.000Z","volume":2000,"label":"X","price":11.36},{"type":"B","date":"2018-04-16T03:17:54.000Z","volume":2000,"label":" ","price":11.34},{"type":"B","date":"2018-04-16T03:19:42.000Z","volume":18000,"label":" ","price":11.34},{"type":"B","date":"2018-04-16T03:19:42.000Z","volume":2000,"label":" ","price":11.34},{"type":"U","date":"2018-04-16T03:19:42.000Z","volume":2000,"label":"X","price":11.34},{"type":"B","date":"2018-04-16T03:19:43.000Z","volume":2000,"label":"Y","price":11.32},{"type":"A","date":"2018-04-16T03:19:49.000Z","volume":10000,"label":" ","price":11.34},{"type":"A","date":"2018-04-16T03:19:49.000Z","volume":4000,"label":"Y","price":11.34},{"type":"A","date":"2018-04-16T03:19:49.000Z","volume":2000,"label":" ","price":11.34},{"type":"A","date":"2018-04-16T03:19:51.000Z","volume":2000,"label":"Y","price":11.34},{"type":"A","date":"2018-04-16T03:19:51.000Z","volume":2000,"label":" ","price":11.34},{"type":"B","date":"2018-04-16T03:22:09.000Z","volume":10000,"label":" ","price":11.32},{"type":"U","date":"2018-04-16T03:23:26.000Z","volume":4000,"label":"X","price":11.33},{"type":"B","date":"2018-04-16T03:23:28.000Z","volume":2000,"label":" ","price":11.32},{"type":"B","date":"2018-04-16T03:24:32.000Z","volume":8000,"label":" ","price":11.32},{"type":"A","date":"2018-04-16T03:24:42.000Z","volume":2000,"label":" ","price":11.32},{"type":"A","date":"2018-04-16T03:25:48.000Z","volume":2000,"label":"Y","price":11.32},{"type":"A","date":"2018-04-16T03:25:48.000Z","volume":2000,"label":" ","price":11.32},{"type":"A","date":"2018-04-16T03:33:38.000Z","volume":14000,"label":" ","price":11.32},{"type":"A","date":"2018-04-16T03:33:38.000Z","volume":10000,"label":" ","price":11.34},{"type":"A","date":"2018-04-16T03:33:38.000Z","volume":2000,"label":" ","price":11.34},{"type":"A","date":"2018-04-16T03:33:40.000Z","volume":2000,"label":"Y","price":11.34},{"type":"A","date":"2018-04-16T03:33:40.000Z","volume":2000,"label":" ","price":11.34},{"type":"A","date":"2018-04-16T03:33:40.000Z","volume":4000,"label":" ","price":11.34},{"type":"A","date":"2018-04-16T03:33:42.000Z","volume":2000,"label":" ","price":11.32},{"type":"U","date":"2018-04-16T03:33:42.000Z","volume":2000,"label":"X","price":11.32},{"type":"U","date":"2018-04-16T03:38:18.000Z","volume":4000,"label":"X","price":11.33},{"type":"B","date":"2018-04-16T03:40:24.000Z","volume":30000,"label":" ","price":11.32},{"type":"A","date":"2018-04-16T03:40:27.000Z","volume":4000,"label":" ","price":11.32},{"type":"B","date":"2018-04-16T03:44:27.000Z","volume":2000,"label":" ","price":11.3},{"type":"A","date":"2018-04-16T03:44:42.000Z","volume":8000,"label":" ","price":11.34},{"type":"A","date":"2018-04-16T03:44:42.000Z","volume":2000,"label":" ","price":11.34},{"type":"U","date":"2018-04-16T03:44:43.000Z","volume":2000,"label":"X","price":11.33},{"type":"B","date":"2018-04-16T03:52:28.000Z","volume":2000,"label":" ","price":11.32},{"type":"A","date":"2018-04-16T03:53:46.000Z","volume":2000,"label":" ","price":11.34},{"type":"A","date":"2018-04-16T03:53:46.000Z","volume":4000,"label":"Y","price":11.34},{"type":"A","date":"2018-04-16T03:53:46.000Z","volume":2000,"label":" ","price":11.34},{"type":"U","date":"2018-04-16T03:53:53.000Z","volume":1600,"label":"D","price":11.34},{"type":"B","date":"2018-04-16T03:53:57.000Z","volume":2000,"label":" ","price":11.32},{"type":"B","date":"2018-04-16T03:55:50.000Z","volume":10000,"label":" ","price":11.32},{"type":"B","date":"2018-04-16T03:57:30.000Z","volume":8000,"label":" ","price":11.32},{"type":"A","date":"2018-04-16T03:57:52.000Z","volume":2000,"label":" ","price":11.32},{"type":"U","date":"2018-04-16T03:57:55.000Z","volume":2000,"label":"X","price":11.31},{"type":"A","date":"2018-04-16T05:00:02.000Z","volume":2000,"label":" ","price":11.32},{"type":"A","date":"2018-04-16T05:00:02.000Z","volume":6000,"label":" ","price":11.32},{"type":"U","date":"2018-04-16T05:00:03.000Z","volume":2000,"label":"X","price":11.33},{"type":"U","date":"2018-04-16T05:00:18.000Z","volume":4000,"label":"X","price":11.33},{"type":"B","date":"2018-04-16T05:07:50.000Z","volume":14000,"label":" ","price":11.34},{"type":"B","date":"2018-04-16T05:07:50.000Z","volume":4000,"label":" ","price":11.34},{"type":"B","date":"2018-04-16T05:08:12.000Z","volume":2000,"label":" ","price":11.32},{"type":"B","date":"2018-04-16T05:08:13.000Z","volume":2000,"label":" ","price":11.32},{"type":"B","date":"2018-04-16T05:08:17.000Z","volume":4000,"label":" ","price":11.32},{"type":"B","date":"2018-04-16T05:08:18.000Z","volume":2000,"label":" ","price":11.32},{"type":"B","date":"2018-04-16T05:13:04.000Z","volume":16000,"label":" ","price":11.32},{"type":"B","date":"2018-04-16T05:14:33.000Z","volume":2000,"label":" ","price":11.3},{"type":"A","date":"2018-04-16T05:14:34.000Z","volume":2000,"label":" ","price":11.34},{"type":"B","date":"2018-04-16T05:14:47.000Z","volume":4000,"label":" ","price":11.3},{"type":"B","date":"2018-04-16T05:15:47.000Z","volume":2000,"label":" ","price":11.32},{"type":"B","date":"2018-04-16T05:21:34.000Z","volume":2000,"label":" ","price":11.32},{"type":"B","date":"2018-04-16T05:22:12.000Z","volume":10000,"label":" ","price":11.32},{"type":"B","date":"2018-04-16T05:22:13.000Z","volume":2000,"label":" ","price":11.32},{"type":"B","date":"2018-04-16T05:22:17.000Z","volume":4000,"label":" ","price":11.32},{"type":"U","date":"2018-04-16T05:22:34.000Z","volume":2000,"label":"X","price":11.32},{"type":"B","date":"2018-04-16T05:23:27.000Z","volume":10000,"label":" ","price":11.32},{"type":"B","date":"2018-04-16T05:24:35.000Z","volume":8000,"label":" ","price":11.32},{"type":"A","date":"2018-04-16T05:24:35.000Z","volume":2000,"label":" ","price":11.34},{"type":"U","date":"2018-04-16T05:24:36.000Z","volume":2000,"label":"X","price":11.32},{"type":"B","date":"2018-04-16T05:24:36.000Z","volume":2000,"label":" ","price":11.3},{"type":"A","date":"2018-04-16T05:24:36.000Z","volume":2000,"label":" ","price":11.32},{"type":"A","date":"2018-04-16T05:25:13.000Z","volume":2000,"label":" ","price":11.32},{"type":"B","date":"2018-04-16T05:26:17.000Z","volume":4000,"label":" ","price":11.3},{"type":"B","date":"2018-04-16T05:28:23.000Z","volume":10000,"label":" ","price":11.3},{"type":"B","date":"2018-04-16T05:28:24.000Z","volume":2000,"label":" ","price":11.3},{"type":"B","date":"2018-04-16T05:28:26.000Z","volume":2000,"label":" ","price":11.3},{"type":"B","date":"2018-04-16T05:29:32.000Z","volume":2000,"label":" ","price":11.3},{"type":"B","date":"2018-04-16T05:32:39.000Z","volume":2000,"label":" ","price":11.3},{"type":"B","date":"2018-04-16T05:33:11.000Z","volume":10000,"label":" ","price":11.3},{"type":"B","date":"2018-04-16T05:33:12.000Z","volume":2000,"label":" ","price":11.3},{"type":"B","date":"2018-04-16T05:33:17.000Z","volume":2000,"label":" ","price":11.3},{"type":"B","date":"2018-04-16T05:33:53.000Z","volume":20000,"label":" ","price":11.3},{"type":"B","date":"2018-04-16T05:33:54.000Z","volume":2000,"label":" ","price":11.3},{"type":"B","date":"2018-04-16T05:34:02.000Z","volume":4000,"label":" ","price":11.3},{"type":"A","date":"2018-04-16T05:35:13.000Z","volume":2000,"label":" ","price":11.32},{"type":"A","date":"2018-04-16T05:35:13.000Z","volume":8000,"label":"Y","price":11.32},{"type":"A","date":"2018-04-16T05:35:13.000Z","volume":2000,"label":" ","price":11.32},{"type":"B","date":"2018-04-16T05:35:14.000Z","volume":2000,"label":" ","price":11.3},{"type":"A","date":"2018-04-16T05:35:14.000Z","volume":2000,"label":" ","price":11.32},{"type":"A","date":"2018-04-16T05:35:17.000Z","volume":2000,"label":" ","price":11.32},{"type":"B","date":"2018-04-16T05:35:28.000Z","volume":2000,"label":" ","price":11.3},{"type":"A","date":"2018-04-16T05:35:52.000Z","volume":18000,"label":" ","price":11.32},{"type":"A","date":"2018-04-16T05:35:52.000Z","volume":2000,"label":" ","price":11.32},{"type":"B","date":"2018-04-16T05:35:53.000Z","volume":2000,"label":" ","price":11.3},{"type":"U","date":"2018-04-16T05:35:55.000Z","volume":6000,"label":"X","price":11.31},{"type":"U","date":"2018-04-16T05:35:55.000Z","volume":2000,"label":"X","price":11.31},{"type":"B","date":"2018-04-16T05:36:02.000Z","volume":6000,"label":" ","price":11.3},{"type":"B","date":"2018-04-16T05:36:03.000Z","volume":2000,"label":" ","price":11.3},{"type":"A","date":"2018-04-16T05:36:03.000Z","volume":2000,"label":" ","price":11.32},{"type":"A","date":"2018-04-16T05:36:03.000Z","volume":4000,"label":" ","price":11.32},{"type":"A","date":"2018-04-16T05:36:05.000Z","volume":2000,"label":" ","price":11.32},{"type":"A","date":"2018-04-16T05:36:06.000Z","volume":2000,"label":" ","price":11.32},{"type":"U","date":"2018-04-16T05:36:12.000Z","volume":4000,"label":"X","price":11.31},{"type":"B","date":"2018-04-16T05:42:10.000Z","volume":2000,"label":" ","price":11.3},{"type":"B","date":"2018-04-16T05:42:47.000Z","volume":2000,"label":" ","price":11.3},{"type":"B","date":"2018-04-16T05:42:47.000Z","volume":2000,"label":" ","price":11.3},{"type":"B","date":"2018-04-16T05:42:48.000Z","volume":2000,"label":" ","price":11.3},{"type":"B","date":"2018-04-16T05:43:41.000Z","volume":4000,"label":" ","price":11.3},{"type":"B","date":"2018-04-16T05:45:41.000Z","volume":10000,"label":" ","price":11.3},{"type":"B","date":"2018-04-16T05:46:32.000Z","volume":2000,"label":" ","price":11.3},{"type":"B","date":"2018-04-16T05:48:51.000Z","volume":2000,"label":" ","price":11.3},{"type":"A","date":"2018-04-16T05:48:52.000Z","volume":2000,"label":" ","price":11.32},{"type":"B","date":"2018-04-16T05:48:52.000Z","volume":2000,"label":" ","price":11.3},{"type":"A","date":"2018-04-16T05:48:53.000Z","volume":2000,"label":" ","price":11.32},{"type":"A","date":"2018-04-16T05:48:54.000Z","volume":8000,"label":" ","price":11.32},{"type":"U","date":"2018-04-16T05:48:55.000Z","volume":2000,"label":"X","price":11.31},{"type":"A","date":"2018-04-16T05:51:00.000Z","volume":16000,"label":" ","price":11.32},{"type":"A","date":"2018-04-16T05:51:00.000Z","volume":2000,"label":" ","price":11.32},{"type":"A","date":"2018-04-16T05:51:00.000Z","volume":2000,"label":" ","price":11.34},{"type":"U","date":"2018-04-16T05:51:02.000Z","volume":2000,"label":"X","price":11.33},{"type":"A","date":"2018-04-16T05:51:03.000Z","volume":2000,"label":" ","price":11.34},{"type":"U","date":"2018-04-16T05:51:30.000Z","volume":2000,"label":"X","price":11.33},{"type":"U","date":"2018-04-16T05:51:51.000Z","volume":2000,"label":"X","price":11.33},{"type":"A","date":"2018-04-16T05:54:04.000Z","volume":2000,"label":" ","price":11.34},{"type":"B","date":"2018-04-16T05:55:03.000Z","volume":6000,"label":" ","price":11.32},{"type":"B","date":"2018-04-16T05:55:04.000Z","volume":2000,"label":" ","price":11.32},{"type":"A","date":"2018-04-16T05:55:04.000Z","volume":2000,"label":" ","price":11.34},{"type":"B","date":"2018-04-16T05:55:09.000Z","volume":10000,"label":" ","price":11.32},{"type":"A","date":"2018-04-16T05:56:34.000Z","volume":4000,"label":" ","price":11.34},{"type":"A","date":"2018-04-16T05:56:35.000Z","volume":4000,"label":"Y","price":11.34},{"type":"A","date":"2018-04-16T05:56:35.000Z","volume":6000,"label":" ","price":11.34},{"type":"A","date":"2018-04-16T05:56:35.000Z","volume":4000,"label":" ","price":11.34},{"type":"A","date":"2018-04-16T05:56:35.000Z","volume":2000,"label":" ","price":11.34},{"type":"A","date":"2018-04-16T05:56:35.000Z","volume":2000,"label":" ","price":11.34},{"type":"A","date":"2018-04-16T05:56:35.000Z","volume":2000,"label":" ","price":11.34},{"type":"B","date":"2018-04-16T05:56:35.000Z","volume":2000,"label":" ","price":11.32},{"type":"A","date":"2018-04-16T05:56:36.000Z","volume":2000,"label":" ","price":11.34},{"type":"A","date":"2018-04-16T05:56:36.000Z","volume":2000,"label":" ","price":11.34},{"type":"A","date":"2018-04-16T05:56:36.000Z","volume":2000,"label":" ","price":11.34},{"type":"A","date":"2018-04-16T05:56:36.000Z","volume":2000,"label":" ","price":11.34},{"type":"A","date":"2018-04-16T05:56:36.000Z","volume":2000,"label":" ","price":11.34},{"type":"A","date":"2018-04-16T05:56:36.000Z","volume":2000,"label":" ","price":11.34},{"type":"U","date":"2018-04-16T05:56:38.000Z","volume":2000,"label":"X","price":11.33},{"type":"A","date":"2018-04-16T05:57:22.000Z","volume":4000,"label":" ","price":11.34},{"type":"A","date":"2018-04-16T05:57:22.000Z","volume":2000,"label":" ","price":11.34},{"type":"A","date":"2018-04-16T05:57:23.000Z","volume":2000,"label":" ","price":11.34},{"type":"A","date":"2018-04-16T05:57:23.000Z","volume":6000,"label":" ","price":11.34},{"type":"A","date":"2018-04-16T05:57:23.000Z","volume":2000,"label":" ","price":11.36},{"type":"A","date":"2018-04-16T05:57:24.000Z","volume":8000,"label":" ","price":11.36},{"type":"A","date":"2018-04-16T05:57:24.000Z","volume":4000,"label":" ","price":11.36},{"type":"A","date":"2018-04-16T05:57:24.000Z","volume":2000,"label":" ","price":11.36},{"type":"B","date":"2018-04-16T05:57:24.000Z","volume":2000,"label":" ","price":11.34},{"type":"U","date":"2018-04-16T05:57:25.000Z","volume":2000,"label":"X","price":11.35},{"type":"B","date":"2018-04-16T06:02:28.000Z","volume":2000,"label":" ","price":11.34},{"type":"B","date":"2018-04-16T06:05:08.000Z","volume":10000,"label":" ","price":11.34},{"type":"B","date":"2018-04-16T06:05:09.000Z","volume":2000,"label":" ","price":11.34},{"type":"B","date":"2018-04-16T06:05:19.000Z","volume":14000,"label":" ","price":11.34},{"type":"U","date":"2018-04-16T06:13:03.000Z","volume":2000,"label":"X","price":11.35},{"type":"U","date":"2018-04-16T06:13:03.000Z","volume":2000,"label":"X","price":11.35},{"type":"B","date":"2018-04-16T06:13:24.000Z","volume":4000,"label":" ","price":11.34},{"type":"A","date":"2018-04-16T06:13:24.000Z","volume":2000,"label":" ","price":11.36},{"type":"B","date":"2018-04-16T06:13:25.000Z","volume":2000,"label":" ","price":11.34},{"type":"B","date":"2018-04-16T06:14:48.000Z","volume":20000,"label":" ","price":11.34},{"type":"B","date":"2018-04-16T06:14:49.000Z","volume":2000,"label":" ","price":11.34},{"type":"B","date":"2018-04-16T06:15:32.000Z","volume":6000,"label":" ","price":11.32},{"type":"B","date":"2018-04-16T06:15:32.000Z","volume":4000,"label":" ","price":11.32},{"type":"A","date":"2018-04-16T06:15:39.000Z","volume":4000,"label":" ","price":11.36},{"type":"A","date":"2018-04-16T06:15:41.000Z","volume":2000,"label":" ","price":11.36},{"type":"A","date":"2018-04-16T06:15:48.000Z","volume":2000,"label":"Y","price":11.34},{"type":"A","date":"2018-04-16T06:15:48.000Z","volume":2000,"label":" ","price":11.34},{"type":"U","date":"2018-04-16T06:15:51.000Z","volume":2000,"label":"X","price":11.33},{"type":"A","date":"2018-04-16T06:15:57.000Z","volume":14000,"label":" ","price":11.34},{"type":"A","date":"2018-04-16T06:15:57.000Z","volume":2000,"label":" ","price":11.34},{"type":"A","date":"2018-04-16T06:16:13.000Z","volume":2000,"label":" ","price":11.34},{"type":"U","date":"2018-04-16T06:22:29.000Z","volume":4000,"label":"X","price":11.35},{"type":"A","date":"2018-04-16T06:26:22.000Z","volume":26000,"label":" ","price":11.36},{"type":"A","date":"2018-04-16T06:26:22.000Z","volume":22000,"label":" ","price":11.38},{"type":"B","date":"2018-04-16T06:26:22.000Z","volume":2000,"label":" ","price":11.36},{"type":"B","date":"2018-04-16T06:26:22.000Z","volume":4000,"label":" ","price":11.36},{"type":"A","date":"2018-04-16T06:26:23.000Z","volume":4000,"label":" ","price":11.38},{"type":"B","date":"2018-04-16T06:26:23.000Z","volume":2000,"label":" ","price":11.36},{"type":"B","date":"2018-04-16T06:26:23.000Z","volume":10000,"label":" ","price":11.36},{"type":"A","date":"2018-04-16T06:26:27.000Z","volume":4000,"label":" ","price":11.38},{"type":"A","date":"2018-04-16T06:26:27.000Z","volume":2000,"label":" ","price":11.38},{"type":"A","date":"2018-04-16T06:26:27.000Z","volume":2000,"label":" ","price":11.38},{"type":"B","date":"2018-04-16T06:26:28.000Z","volume":2000,"label":" ","price":11.36},{"type":"A","date":"2018-04-16T06:26:30.000Z","volume":10000,"label":" ","price":11.38},{"type":"A","date":"2018-04-16T06:26:32.000Z","volume":2000,"label":" ","price":11.38},{"type":"B","date":"2018-04-16T06:26:32.000Z","volume":4000,"label":" ","price":11.36},{"type":"B","date":"2018-04-16T06:26:32.000Z","volume":2000,"label":" ","price":11.36},{"type":"A","date":"2018-04-16T06:26:33.000Z","volume":2000,"label":" ","price":11.38},{"type":"U","date":"2018-04-16T06:26:37.000Z","volume":6000,"label":"X","price":11.37},{"type":"U","date":"2018-04-16T06:27:24.000Z","volume":6000,"label":"X","price":11.37},{"type":"B","date":"2018-04-16T06:28:43.000Z","volume":4000,"label":" ","price":11.36},{"type":"B","date":"2018-04-16T06:30:37.000Z","volume":18000,"label":" ","price":11.36},{"type":"B","date":"2018-04-16T06:30:51.000Z","volume":16000,"label":" ","price":11.34},{"type":"B","date":"2018-04-16T06:30:52.000Z","volume":4000,"label":" ","price":11.34},{"type":"B","date":"2018-04-16T06:30:52.000Z","volume":2000,"label":" ","price":11.34},{"type":"B","date":"2018-04-16T06:38:31.000Z","volume":2000,"label":" ","price":11.32},{"type":"B","date":"2018-04-16T06:45:17.000Z","volume":4000,"label":" ","price":11.32},{"type":"B","date":"2018-04-16T06:45:17.000Z","volume":2000,"label":" ","price":11.32},{"type":"B","date":"2018-04-16T06:45:17.000Z","volume":2000,"label":" ","price":11.32},{"type":"B","date":"2018-04-16T06:45:25.000Z","volume":22000,"label":" ","price":11.32},{"type":"A","date":"2018-04-16T06:45:25.000Z","volume":2000,"label":" ","price":11.34},{"type":"B","date":"2018-04-16T06:45:33.000Z","volume":4000,"label":" ","price":11.3},{"type":"B","date":"2018-04-16T06:45:42.000Z","volume":2000,"label":" ","price":11.3},{"type":"A","date":"2018-04-16T06:49:05.000Z","volume":50000,"label":" ","price":11.32},{"type":"U","date":"2018-04-16T06:49:05.000Z","volume":6000,"label":" ","price":11.32},{"type":"U","date":"2018-04-16T06:49:05.000Z","volume":2000,"label":" ","price":11.32},{"type":"A","date":"2018-04-16T06:49:05.000Z","volume":2000,"label":" ","price":11.34},{"type":"A","date":"2018-04-16T06:49:05.000Z","volume":2000,"label":" ","price":11.34},{"type":"A","date":"2018-04-16T06:49:06.000Z","volume":2000,"label":"Y","price":11.34},{"type":"A","date":"2018-04-16T06:49:08.000Z","volume":2000,"label":" ","price":11.34},{"type":"A","date":"2018-04-16T06:49:08.000Z","volume":6000,"label":" ","price":11.36},{"type":"B","date":"2018-04-16T06:49:08.000Z","volume":4000,"label":" ","price":11.34},{"type":"B","date":"2018-04-16T06:49:09.000Z","volume":2000,"label":" ","price":11.34},{"type":"B","date":"2018-04-16T06:49:28.000Z","volume":20000,"label":" ","price":11.34},{"type":"B","date":"2018-04-16T06:49:47.000Z","volume":2000,"label":" ","price":11.32},{"type":"A","date":"2018-04-16T06:51:05.000Z","volume":4000,"label":" ","price":11.34},{"type":"B","date":"2018-04-16T06:52:09.000Z","volume":2000,"label":" ","price":11.32},{"type":"B","date":"2018-04-16T06:57:37.000Z","volume":28000,"label":" ","price":11.32},{"type":"B","date":"2018-04-16T06:57:37.000Z","volume":42000,"label":" ","price":11.3},{"type":"B","date":"2018-04-16T06:57:38.000Z","volume":2000,"label":" ","price":11.32},{"type":"B","date":"2018-04-16T06:57:39.000Z","volume":6000,"label":" ","price":11.3},{"type":"B","date":"2018-04-16T07:00:01.000Z","volume":2000,"label":" ","price":11.3},{"type":"A","date":"2018-04-16T07:00:58.000Z","volume":24000,"label":" ","price":11.32},{"type":"A","date":"2018-04-16T07:00:58.000Z","volume":2000,"label":"Y","price":11.32},{"type":"A","date":"2018-04-16T07:00:58.000Z","volume":8000,"label":" ","price":11.32},{"type":"A","date":"2018-04-16T07:00:58.000Z","volume":4000,"label":" ","price":11.34},{"type":"B","date":"2018-04-16T07:00:58.000Z","volume":6000,"label":" ","price":11.32},{"type":"B","date":"2018-04-16T07:01:06.000Z","volume":40000,"label":" ","price":11.34},{"type":"B","date":"2018-04-16T07:01:07.000Z","volume":6000,"label":" ","price":11.32},{"type":"B","date":"2018-04-16T07:01:37.000Z","volume":6000,"label":" ","price":11.32},{"type":"A","date":"2018-04-16T07:04:45.000Z","volume":2000,"label":" ","price":11.34},{"type":"B","date":"2018-04-16T07:06:46.000Z","volume":22000,"label":" ","price":11.32},{"type":"B","date":"2018-04-16T07:07:02.000Z","volume":2000,"label":" ","price":11.3},{"type":"A","date":"2018-04-16T07:07:15.000Z","volume":2000,"label":" ","price":11.32},{"type":"B","date":"2018-04-16T07:08:12.000Z","volume":8000,"label":" ","price":11.3},{"type":"A","date":"2018-04-16T07:09:11.000Z","volume":28000,"label":" ","price":11.32},{"type":"A","date":"2018-04-16T07:12:01.000Z","volume":14000,"label":" ","price":11.32},{"type":"B","date":"2018-04-16T07:12:02.000Z","volume":2000,"label":" ","price":11.34},{"type":"A","date":"2018-04-16T07:12:03.000Z","volume":8000,"label":" ","price":11.36},{"type":"A","date":"2018-04-16T07:12:05.000Z","volume":2000,"label":"Y","price":11.36},{"type":"A","date":"2018-04-16T07:12:05.000Z","volume":4000,"label":" ","price":11.36},{"type":"A","date":"2018-04-16T07:15:57.000Z","volume":2000,"label":" ","price":11.36},{"type":"B","date":"2018-04-16T07:17:52.000Z","volume":22000,"label":" ","price":11.34},{"type":"B","date":"2018-04-16T07:17:52.000Z","volume":18000,"label":" ","price":11.34},{"type":"B","date":"2018-04-16T07:18:17.000Z","volume":2000,"label":" ","price":11.32},{"type":"B","date":"2018-04-16T07:18:17.000Z","volume":2000,"label":" ","price":11.32},{"type":"B","date":"2018-04-16T07:21:44.000Z","volume":10000,"label":" ","price":11.32},{"type":"B","date":"2018-04-16T07:21:47.000Z","volume":2000,"label":" ","price":11.32},{"type":"B","date":"2018-04-16T07:23:36.000Z","volume":10000,"label":" ","price":11.32},{"type":"B","date":"2018-04-16T07:24:00.000Z","volume":2000,"label":" ","price":11.32},{"type":"B","date":"2018-04-16T07:27:31.000Z","volume":2000,"label":" ","price":11.32},{"type":"B","date":"2018-04-16T07:28:14.000Z","volume":28000,"label":" ","price":11.32},{"type":"B","date":"2018-04-16T07:28:32.000Z","volume":4000,"label":" ","price":11.3},{"type":"B","date":"2018-04-16T07:29:02.000Z","volume":2000,"label":" ","price":11.3},{"type":"B","date":"2018-04-16T07:29:02.000Z","volume":6000,"label":" ","price":11.3},{"type":"A","date":"2018-04-16T07:30:20.000Z","volume":38000,"label":" ","price":11.32},{"type":"B","date":"2018-04-16T07:30:20.000Z","volume":2000,"label":" ","price":11.3},{"type":"A","date":"2018-04-16T07:30:20.000Z","volume":6000,"label":" ","price":11.32},{"type":"A","date":"2018-04-16T07:30:56.000Z","volume":6000,"label":" ","price":11.34},{"type":"A","date":"2018-04-16T07:30:56.000Z","volume":2000,"label":" ","price":11.36},{"type":"B","date":"2018-04-16T07:38:32.000Z","volume":2000,"label":" ","price":11.34},{"type":"B","date":"2018-04-16T07:39:28.000Z","volume":10000,"label":" ","price":11.34},{"type":"B","date":"2018-04-16T07:39:29.000Z","volume":2000,"label":" ","price":11.34},{"type":"A","date":"2018-04-16T07:40:21.000Z","volume":2000,"label":" ","price":11.36},{"type":"B","date":"2018-04-16T07:40:47.000Z","volume":10000,"label":" ","price":11.34},{"type":"A","date":"2018-04-16T07:41:13.000Z","volume":2000,"label":" ","price":11.36},{"type":"A","date":"2018-04-16T07:41:17.000Z","volume":2000,"label":" ","price":11.36},{"type":"A","date":"2018-04-16T07:41:17.000Z","volume":2000,"label":" ","price":11.36},{"type":"B","date":"2018-04-16T07:41:17.000Z","volume":2000,"label":" ","price":11.34},{"type":"B","date":"2018-04-16T07:41:39.000Z","volume":30000,"label":" ","price":11.34},{"type":"B","date":"2018-04-16T07:41:39.000Z","volume":20000,"label":" ","price":11.34},{"type":"B","date":"2018-04-16T07:41:40.000Z","volume":4000,"label":" ","price":11.32},{"type":"B","date":"2018-04-16T07:42:02.000Z","volume":6000,"label":" ","price":11.32},{"type":"B","date":"2018-04-16T07:42:02.000Z","volume":6000,"label":" ","price":11.32},{"type":"B","date":"2018-04-16T07:42:03.000Z","volume":2000,"label":" ","price":11.32},{"type":"B","date":"2018-04-16T07:42:07.000Z","volume":10000,"label":" ","price":11.32},{"type":"B","date":"2018-04-16T07:42:32.000Z","volume":2000,"label":" ","price":11.3},{"type":"B","date":"2018-04-16T07:43:13.000Z","volume":2000,"label":" ","price":11.3},{"type":"A","date":"2018-04-16T07:43:43.000Z","volume":28000,"label":" ","price":11.32},{"type":"A","date":"2018-04-16T07:47:06.000Z","volume":6000,"label":"Y","price":11.34},{"type":"B","date":"2018-04-16T07:47:07.000Z","volume":2000,"label":" ","price":11.32},{"type":"B","date":"2018-04-16T07:47:33.000Z","volume":16000,"label":" ","price":11.32},{"type":"A","date":"2018-04-16T07:47:33.000Z","volume":2000,"label":"Y","price":11.34},{"type":"A","date":"2018-04-16T07:47:33.000Z","volume":10000,"label":" ","price":11.34},{"type":"A","date":"2018-04-16T07:49:09.000Z","volume":26000,"label":" ","price":11.34},{"type":"A","date":"2018-04-16T07:49:09.000Z","volume":2000,"label":" ","price":11.34},{"type":"B","date":"2018-04-16T07:50:02.000Z","volume":2000,"label":" ","price":11.32},{"type":"B","date":"2018-04-16T07:50:03.000Z","volume":2000,"label":" ","price":11.32},{"type":"A","date":"2018-04-16T07:50:38.000Z","volume":2000,"label":" ","price":11.34},{"type":"A","date":"2018-04-16T07:52:21.000Z","volume":2000,"label":" ","price":11.34},{"type":"B","date":"2018-04-16T07:52:33.000Z","volume":2000,"label":" ","price":11.32},{"type":"B","date":"2018-04-16T07:53:02.000Z","volume":6000,"label":" ","price":11.32},{"type":"A","date":"2018-04-16T07:54:03.000Z","volume":2000,"label":" ","price":11.34},{"type":"A","date":"2018-04-16T07:54:26.000Z","volume":2000,"label":" ","price":11.34},{"type":"A","date":"2018-04-16T07:54:27.000Z","volume":2000,"label":"Y","price":11.34},{"type":"A","date":"2018-04-16T07:54:27.000Z","volume":2000,"label":" ","price":11.34},{"type":"B","date":"2018-04-16T07:55:47.000Z","volume":6000,"label":" ","price":11.32},{"type":"B","date":"2018-04-16T07:55:47.000Z","volume":4000,"label":" ","price":11.32},{"type":"A","date":"2018-04-16T07:56:00.000Z","volume":4000,"label":" ","price":11.34},{"type":"A","date":"2018-04-16T07:56:00.000Z","volume":2000,"label":"Y","price":11.34},{"type":"A","date":"2018-04-16T07:56:00.000Z","volume":4000,"label":"Y","price":11.34},{"type":"A","date":"2018-04-16T07:56:00.000Z","volume":2000,"label":" ","price":11.34},{"type":"A","date":"2018-04-16T07:56:03.000Z","volume":6000,"label":"Y","price":11.34},{"type":"A","date":"2018-04-16T07:56:15.000Z","volume":2000,"label":" ","price":11.34},{"type":"A","date":"2018-04-16T07:56:21.000Z","volume":2000,"label":" ","price":11.34},{"type":"A","date":"2018-04-16T07:56:21.000Z","volume":2000,"label":" ","price":11.34},{"type":"B","date":"2018-04-16T07:56:55.000Z","volume":2000,"label":" ","price":11.32},{"type":"A","date":"2018-04-16T07:57:12.000Z","volume":2000,"label":" ","price":11.34},{"type":"B","date":"2018-04-16T07:57:13.000Z","volume":2000,"label":" ","price":11.32},{"type":"A","date":"2018-04-16T07:57:14.000Z","volume":2000,"label":" ","price":11.34},{"type":"A","date":"2018-04-16T07:57:14.000Z","volume":2000,"label":" ","price":11.34},{"type":"A","date":"2018-04-16T07:57:35.000Z","volume":4000,"label":" ","price":11.34},{"type":"A","date":"2018-04-16T07:57:55.000Z","volume":2000,"label":" ","price":11.34},{"type":"B","date":"2018-04-16T07:58:02.000Z","volume":6000,"label":" ","price":11.32},{"type":"B","date":"2018-04-16T07:58:32.000Z","volume":6000,"label":" ","price":11.32},{"type":"B","date":"2018-04-16T07:58:33.000Z","volume":10000,"label":" ","price":11.32},{"type":"B","date":"2018-04-16T07:58:42.000Z","volume":12000,"label":" ","price":11.32},{"type":"B","date":"2018-04-16T07:58:42.000Z","volume":10000,"label":" ","price":11.32},{"type":"B","date":"2018-04-16T07:58:43.000Z","volume":10000,"label":" ","price":11.32},{"type":"B","date":"2018-04-16T07:58:47.000Z","volume":4000,"label":" ","price":11.32},{"type":"B","date":"2018-04-16T07:58:48.000Z","volume":2000,"label":" ","price":11.32},{"type":"A","date":"2018-04-16T07:58:58.000Z","volume":2000,"label":" ","price":11.34},{"type":"A","date":"2018-04-16T07:58:58.000Z","volume":2000,"label":" ","price":11.34},{"type":"A","date":"2018-04-16T07:59:00.000Z","volume":4000,"label":" ","price":11.34},{"type":"B","date":"2018-04-16T07:59:03.000Z","volume":4000,"label":" ","price":11.32},{"type":"A","date":"2018-04-16T07:59:19.000Z","volume":2000,"label":" ","price":11.34},{"type":"A","date":"2018-04-16T07:59:30.000Z","volume":8000,"label":" ","price":11.34},{"type":"A","date":"2018-04-16T07:59:30.000Z","volume":2000,"label":"Y","price":11.34},{"type":"A","date":"2018-04-16T07:59:30.000Z","volume":2000,"label":" ","price":11.34},{"type":"B","date":"2018-04-16T07:59:50.000Z","volume":2000,"label":" ","price":11.32},{"type":"U","date":"2018-04-16T08:08:32.000Z","volume":594000,"label":"U","price":11.36}]