[{"type":"U","date":"2018-04-17T01:20:00.000Z","volume":4000,"label":"U","price":3.31},{"type":"B","date":"2018-04-17T01:31:11.000Z","volume":40000,"label":" ","price":3.3},{"type":"B","date":"2018-04-17T01:31:11.000Z","volume":4000,"label":" ","price":3.3},{"type":"B","date":"2018-04-17T01:31:12.000Z","volume":4000,"label":"Y","price":3.28},{"type":"B","date":"2018-04-17T01:31:32.000Z","volume":2000,"label":" ","price":3.28},{"type":"B","date":"2018-04-17T01:32:47.000Z","volume":2000,"label":"Y","price":3.28},{"type":"B","date":"2018-04-17T01:32:47.000Z","volume":2000,"label":" ","price":3.28},{"type":"B","date":"2018-04-17T01:32:47.000Z","volume":2000,"label":" ","price":3.28},{"type":"B","date":"2018-04-17T01:32:48.000Z","volume":2000,"label":" ","price":3.28},{"type":"B","date":"2018-04-17T01:32:51.000Z","volume":2000,"label":" ","price":3.28},{"type":"B","date":"2018-04-17T01:33:23.000Z","volume":6000,"label":"Y","price":3.27},{"type":"B","date":"2018-04-17T01:33:47.000Z","volume":4000,"label":" ","price":3.27},{"type":"B","date":"2018-04-17T01:34:01.000Z","volume":10000,"label":" ","price":3.27},{"type":"B","date":"2018-04-17T01:34:02.000Z","volume":2000,"label":" ","price":3.26},{"type":"B","date":"2018-04-17T01:34:26.000Z","volume":2000,"label":" ","price":3.26},{"type":"B","date":"2018-04-17T01:40:09.000Z","volume":2000,"label":" ","price":3.26},{"type":"B","date":"2018-04-17T01:40:51.000Z","volume":6000,"label":" ","price":3.26},{"type":"A","date":"2018-04-17T01:41:02.000Z","volume":20000,"label":" ","price":3.27},{"type":"A","date":"2018-04-17T01:41:03.000Z","volume":4000,"label":" ","price":3.27},{"type":"B","date":"2018-04-17T01:41:03.000Z","volume":4000,"label":" ","price":3.26},{"type":"A","date":"2018-04-17T01:41:17.000Z","volume":4000,"label":" ","price":3.27},{"type":"B","date":"2018-04-17T01:41:56.000Z","volume":116000,"label":" ","price":3.26},{"type":"B","date":"2018-04-17T01:41:56.000Z","volume":48000,"label":" ","price":3.26},{"type":"B","date":"2018-04-17T01:41:56.000Z","volume":208000,"label":" ","price":3.26},{"type":"B","date":"2018-04-17T01:41:57.000Z","volume":20000,"label":" ","price":3.25},{"type":"B","date":"2018-04-17T01:41:57.000Z","volume":2000,"label":" ","price":3.25},{"type":"B","date":"2018-04-17T01:41:57.000Z","volume":2000,"label":" ","price":3.25},{"type":"B","date":"2018-04-17T01:41:57.000Z","volume":4000,"label":" ","price":3.25},{"type":"B","date":"2018-04-17T01:41:57.000Z","volume":6000,"label":" ","price":3.25},{"type":"B","date":"2018-04-17T01:41:59.000Z","volume":2000,"label":" ","price":3.25},{"type":"B","date":"2018-04-17T01:42:56.000Z","volume":88000,"label":" ","price":3.25},{"type":"B","date":"2018-04-17T01:42:56.000Z","volume":110000,"label":" ","price":3.25},{"type":"B","date":"2018-04-17T01:43:02.000Z","volume":2000,"label":" ","price":3.25},{"type":"B","date":"2018-04-17T01:43:02.000Z","volume":2000,"label":" ","price":3.25},{"type":"B","date":"2018-04-17T01:43:06.000Z","volume":2000,"label":" ","price":3.24},{"type":"A","date":"2018-04-17T01:43:08.000Z","volume":4000,"label":" ","price":3.25},{"type":"B","date":"2018-04-17T01:43:22.000Z","volume":32000,"label":" ","price":3.24},{"type":"A","date":"2018-04-17T01:43:26.000Z","volume":20000,"label":" ","price":3.25},{"type":"B","date":"2018-04-17T01:44:14.000Z","volume":2000,"label":" ","price":3.24},{"type":"B","date":"2018-04-17T01:45:04.000Z","volume":2000,"label":" ","price":3.24},{"type":"B","date":"2018-04-17T01:45:36.000Z","volume":2000,"label":" ","price":3.24},{"type":"B","date":"2018-04-17T01:45:36.000Z","volume":2000,"label":" ","price":3.24},{"type":"B","date":"2018-04-17T01:45:36.000Z","volume":2000,"label":" ","price":3.24},{"type":"B","date":"2018-04-17T01:45:36.000Z","volume":2000,"label":" ","price":3.24},{"type":"B","date":"2018-04-17T01:45:36.000Z","volume":2000,"label":" ","price":3.24},{"type":"B","date":"2018-04-17T01:46:02.000Z","volume":2000,"label":" ","price":3.24},{"type":"B","date":"2018-04-17T01:46:15.000Z","volume":6000,"label":" ","price":3.24},{"type":"B","date":"2018-04-17T01:46:19.000Z","volume":2000,"label":" ","price":3.24},{"type":"B","date":"2018-04-17T01:46:49.000Z","volume":2000,"label":" ","price":3.24},{"type":"B","date":"2018-04-17T01:47:28.000Z","volume":2000,"label":" ","price":3.24},{"type":"B","date":"2018-04-17T01:48:04.000Z","volume":2000,"label":" ","price":3.24},{"type":"B","date":"2018-04-17T01:48:24.000Z","volume":2000,"label":" ","price":3.24},{"type":"A","date":"2018-04-17T01:48:26.000Z","volume":2000,"label":" ","price":3.25},{"type":"B","date":"2018-04-17T01:49:19.000Z","volume":2000,"label":" ","price":3.24},{"type":"B","date":"2018-04-17T01:49:59.000Z","volume":2000,"label":" ","price":3.24},{"type":"B","date":"2018-04-17T01:50:52.000Z","volume":2000,"label":" ","price":3.24},{"type":"B","date":"2018-04-17T01:51:04.000Z","volume":12000,"label":" ","price":3.24},{"type":"B","date":"2018-04-17T01:51:05.000Z","volume":18000,"label":" ","price":3.24},{"type":"A","date":"2018-04-17T01:51:46.000Z","volume":30000,"label":" ","price":3.25},{"type":"A","date":"2018-04-17T01:52:26.000Z","volume":2000,"label":" ","price":3.25},{"type":"A","date":"2018-04-17T01:52:26.000Z","volume":2000,"label":" ","price":3.25},{"type":"B","date":"2018-04-17T01:53:03.000Z","volume":100000,"label":" ","price":3.24},{"type":"B","date":"2018-04-17T01:53:17.000Z","volume":2000,"label":" ","price":3.24},{"type":"B","date":"2018-04-17T01:53:17.000Z","volume":2000,"label":" ","price":3.24},{"type":"B","date":"2018-04-17T01:53:17.000Z","volume":2000,"label":" ","price":3.24},{"type":"B","date":"2018-04-17T01:53:45.000Z","volume":10000,"label":" ","price":3.24},{"type":"B","date":"2018-04-17T01:54:06.000Z","volume":2000,"label":" ","price":3.24},{"type":"B","date":"2018-04-17T01:54:32.000Z","volume":52000,"label":" ","price":3.24},{"type":"B","date":"2018-04-17T01:57:06.000Z","volume":2000,"label":"Y","price":3.24},{"type":"A","date":"2018-04-17T01:57:29.000Z","volume":18000,"label":" ","price":3.25},{"type":"B","date":"2018-04-17T02:00:01.000Z","volume":100000,"label":" ","price":3.24},{"type":"B","date":"2018-04-17T02:00:01.000Z","volume":2000,"label":" ","price":3.24},{"type":"B","date":"2018-04-17T02:04:03.000Z","volume":106000,"label":" ","price":3.24},{"type":"B","date":"2018-04-17T02:04:03.000Z","volume":2000,"label":" ","price":3.24},{"type":"B","date":"2018-04-17T02:04:25.000Z","volume":2000,"label":" ","price":3.24},{"type":"B","date":"2018-04-17T02:04:25.000Z","volume":2000,"label":" ","price":3.24},{"type":"B","date":"2018-04-17T02:04:33.000Z","volume":2000,"label":" ","price":3.24},{"type":"B","date":"2018-04-17T02:04:57.000Z","volume":104000,"label":" ","price":3.24},{"type":"B","date":"2018-04-17T02:04:57.000Z","volume":2000,"label":" ","price":3.24},{"type":"B","date":"2018-04-17T02:05:02.000Z","volume":2000,"label":" ","price":3.24},{"type":"B","date":"2018-04-17T02:05:02.000Z","volume":2000,"label":" ","price":3.24},{"type":"B","date":"2018-04-17T02:05:19.000Z","volume":2000,"label":" ","price":3.24},{"type":"B","date":"2018-04-17T02:06:06.000Z","volume":2000,"label":" ","price":3.24},{"type":"B","date":"2018-04-17T02:06:06.000Z","volume":2000,"label":" ","price":3.24},{"type":"A","date":"2018-04-17T02:06:27.000Z","volume":10000,"label":" ","price":3.25},{"type":"B","date":"2018-04-17T02:06:47.000Z","volume":2000,"label":" ","price":3.24},{"type":"B","date":"2018-04-17T02:07:14.000Z","volume":2000,"label":" ","price":3.24},{"type":"B","date":"2018-04-17T02:08:14.000Z","volume":2000,"label":" ","price":3.24},{"type":"B","date":"2018-04-17T02:08:54.000Z","volume":2000,"label":" ","price":3.24},{"type":"B","date":"2018-04-17T02:10:07.000Z","volume":2000,"label":" ","price":3.24},{"type":"B","date":"2018-04-17T02:10:39.000Z","volume":2000,"label":" ","price":3.24},{"type":"A","date":"2018-04-17T02:10:54.000Z","volume":8000,"label":" ","price":3.25},{"type":"A","date":"2018-04-17T02:10:54.000Z","volume":314000,"label":"Y","price":3.25},{"type":"A","date":"2018-04-17T02:10:54.000Z","volume":156000,"label":" ","price":3.25},{"type":"A","date":"2018-04-17T02:10:54.000Z","volume":2000,"label":"Y","price":3.25},{"type":"A","date":"2018-04-17T02:10:54.000Z","volume":174000,"label":" ","price":3.25},{"type":"A","date":"2018-04-17T02:10:54.000Z","volume":162000,"label":" ","price":3.25},{"type":"A","date":"2018-04-17T02:10:54.000Z","volume":74000,"label":" ","price":3.25},{"type":"A","date":"2018-04-17T02:10:54.000Z","volume":272000,"label":" ","price":3.25},{"type":"A","date":"2018-04-17T02:10:54.000Z","volume":2000,"label":" ","price":3.25},{"type":"U","date":"2018-04-17T02:10:55.000Z","volume":20000,"label":"Y","price":3.25},{"type":"U","date":"2018-04-17T02:10:56.000Z","volume":2000,"label":" ","price":3.25},{"type":"U","date":"2018-04-17T02:10:56.000Z","volume":2000,"label":" ","price":3.25},{"type":"U","date":"2018-04-17T02:10:56.000Z","volume":2000,"label":" ","price":3.25},{"type":"A","date":"2018-04-17T02:10:58.000Z","volume":2000,"label":" ","price":3.25},{"type":"A","date":"2018-04-17T02:10:59.000Z","volume":2000,"label":" ","price":3.25},{"type":"A","date":"2018-04-17T02:10:59.000Z","volume":12000,"label":" ","price":3.25},{"type":"A","date":"2018-04-17T02:12:02.000Z","volume":38000,"label":"Y","price":3.26},{"type":"A","date":"2018-04-17T02:12:02.000Z","volume":50000,"label":" ","price":3.26},{"type":"A","date":"2018-04-17T02:12:02.000Z","volume":32000,"label":" ","price":3.26},{"type":"A","date":"2018-04-17T02:12:02.000Z","volume":6000,"label":" ","price":3.26},{"type":"A","date":"2018-04-17T02:12:02.000Z","volume":2000,"label":" ","price":3.26},{"type":"B","date":"2018-04-17T02:12:21.000Z","volume":2000,"label":"Y","price":3.26},{"type":"A","date":"2018-04-17T02:15:22.000Z","volume":114000,"label":" ","price":3.27},{"type":"A","date":"2018-04-17T02:15:35.000Z","volume":10000,"label":" ","price":3.27},{"type":"A","date":"2018-04-17T02:15:46.000Z","volume":122000,"label":" ","price":3.27},{"type":"A","date":"2018-04-17T02:15:46.000Z","volume":86000,"label":" ","price":3.27},{"type":"A","date":"2018-04-17T02:15:56.000Z","volume":2000,"label":" ","price":3.28},{"type":"A","date":"2018-04-17T02:15:56.000Z","volume":2000,"label":" ","price":3.28},{"type":"A","date":"2018-04-17T02:16:02.000Z","volume":10000,"label":" ","price":3.28},{"type":"A","date":"2018-04-17T02:16:02.000Z","volume":12000,"label":" ","price":3.28},{"type":"A","date":"2018-04-17T02:16:02.000Z","volume":20000,"label":" ","price":3.28},{"type":"A","date":"2018-04-17T02:16:02.000Z","volume":14000,"label":" ","price":3.28},{"type":"U","date":"2018-04-17T02:16:28.000Z","volume":2000,"label":"X","price":3.28},{"type":"B","date":"2018-04-17T02:16:32.000Z","volume":2000,"label":" ","price":3.28},{"type":"B","date":"2018-04-17T02:17:09.000Z","volume":2000,"label":" ","price":3.28},{"type":"A","date":"2018-04-17T02:18:05.000Z","volume":14000,"label":"Y","price":3.29},{"type":"A","date":"2018-04-17T02:18:05.000Z","volume":6000,"label":" ","price":3.29},{"type":"U","date":"2018-04-17T02:18:32.000Z","volume":2000,"label":"X","price":3.28},{"type":"B","date":"2018-04-17T02:18:54.000Z","volume":2000,"label":" ","price":3.28},{"type":"B","date":"2018-04-17T02:19:09.000Z","volume":2000,"label":" ","price":3.28},{"type":"B","date":"2018-04-17T02:19:09.000Z","volume":104000,"label":" ","price":3.28},{"type":"B","date":"2018-04-17T02:19:10.000Z","volume":4000,"label":" ","price":3.27},{"type":"B","date":"2018-04-17T02:19:25.000Z","volume":2000,"label":" ","price":3.27},{"type":"B","date":"2018-04-17T02:19:39.000Z","volume":2000,"label":" ","price":3.27},{"type":"B","date":"2018-04-17T02:19:54.000Z","volume":2000,"label":" ","price":3.27},{"type":"B","date":"2018-04-17T02:20:06.000Z","volume":42000,"label":" ","price":3.27},{"type":"B","date":"2018-04-17T02:20:13.000Z","volume":2000,"label":" ","price":3.26},{"type":"U","date":"2018-04-17T02:22:16.000Z","volume":2000,"label":" ","price":3.28},{"type":"B","date":"2018-04-17T02:22:17.000Z","volume":4000,"label":" ","price":3.27},{"type":"A","date":"2018-04-17T02:22:40.000Z","volume":600000,"label":" ","price":3.29},{"type":"B","date":"2018-04-17T02:22:41.000Z","volume":6000,"label":" ","price":3.26},{"type":"U","date":"2018-04-17T02:27:01.000Z","volume":2000,"label":"X","price":3.27},{"type":"B","date":"2018-04-17T02:27:32.000Z","volume":2000,"label":" ","price":3.27},{"type":"B","date":"2018-04-17T02:27:43.000Z","volume":2000,"label":" ","price":3.27},{"type":"B","date":"2018-04-17T02:27:43.000Z","volume":2000,"label":" ","price":3.27},{"type":"B","date":"2018-04-17T02:28:02.000Z","volume":2000,"label":" ","price":3.27},{"type":"B","date":"2018-04-17T02:28:30.000Z","volume":2000,"label":" ","price":3.27},{"type":"B","date":"2018-04-17T02:28:43.000Z","volume":2000,"label":" ","price":3.27},{"type":"B","date":"2018-04-17T02:30:47.000Z","volume":96000,"label":" ","price":3.27},{"type":"B","date":"2018-04-17T02:30:47.000Z","volume":4000,"label":" ","price":3.27},{"type":"B","date":"2018-04-17T02:30:47.000Z","volume":2000,"label":" ","price":3.27},{"type":"B","date":"2018-04-17T02:30:47.000Z","volume":2000,"label":" ","price":3.27},{"type":"B","date":"2018-04-17T02:30:47.000Z","volume":196000,"label":" ","price":3.26},{"type":"B","date":"2018-04-17T02:30:47.000Z","volume":2000,"label":" ","price":3.27},{"type":"B","date":"2018-04-17T02:30:47.000Z","volume":14000,"label":" ","price":3.27},{"type":"B","date":"2018-04-17T02:30:47.000Z","volume":10000,"label":" ","price":3.27},{"type":"B","date":"2018-04-17T02:30:48.000Z","volume":4000,"label":"Y","price":3.26},{"type":"B","date":"2018-04-17T02:30:48.000Z","volume":30000,"label":" ","price":3.26},{"type":"B","date":"2018-04-17T02:30:48.000Z","volume":6000,"label":"Y","price":3.26},{"type":"B","date":"2018-04-17T02:30:48.000Z","volume":2000,"label":"Y","price":3.26},{"type":"B","date":"2018-04-17T02:30:48.000Z","volume":2000,"label":"Y","price":3.26},{"type":"B","date":"2018-04-17T02:31:12.000Z","volume":116000,"label":" ","price":3.26},{"type":"B","date":"2018-04-17T02:31:13.000Z","volume":2000,"label":" ","price":3.25},{"type":"B","date":"2018-04-17T02:31:13.000Z","volume":2000,"label":" ","price":3.25},{"type":"B","date":"2018-04-17T02:31:33.000Z","volume":2000,"label":" ","price":3.25},{"type":"B","date":"2018-04-17T02:31:43.000Z","volume":2000,"label":" ","price":3.25},{"type":"B","date":"2018-04-17T02:32:17.000Z","volume":2000,"label":" ","price":3.25},{"type":"B","date":"2018-04-17T02:32:42.000Z","volume":2000,"label":" ","price":3.25},{"type":"B","date":"2018-04-17T02:33:03.000Z","volume":2000,"label":" ","price":3.25},{"type":"B","date":"2018-04-17T02:33:21.000Z","volume":2000,"label":" ","price":3.25},{"type":"B","date":"2018-04-17T02:33:49.000Z","volume":2000,"label":" ","price":3.25},{"type":"B","date":"2018-04-17T02:34:17.000Z","volume":2000,"label":" ","price":3.26},{"type":"B","date":"2018-04-17T02:34:17.000Z","volume":2000,"label":"Y","price":3.26},{"type":"B","date":"2018-04-17T02:34:17.000Z","volume":2000,"label":"Y","price":3.26},{"type":"B","date":"2018-04-17T02:34:17.000Z","volume":2000,"label":"Y","price":3.26},{"type":"B","date":"2018-04-17T02:34:17.000Z","volume":2000,"label":"Y","price":3.26},{"type":"B","date":"2018-04-17T02:34:23.000Z","volume":10000,"label":" ","price":3.26},{"type":"B","date":"2018-04-17T02:35:29.000Z","volume":2000,"label":" ","price":3.25},{"type":"B","date":"2018-04-17T02:35:39.000Z","volume":2000,"label":" ","price":3.25},{"type":"B","date":"2018-04-17T02:35:47.000Z","volume":2000,"label":" ","price":3.26},{"type":"U","date":"2018-04-17T02:35:54.000Z","volume":2000,"label":"X","price":3.26},{"type":"B","date":"2018-04-17T02:36:26.000Z","volume":2000,"label":" ","price":3.26},{"type":"B","date":"2018-04-17T02:36:48.000Z","volume":2000,"label":" ","price":3.26},{"type":"B","date":"2018-04-17T02:37:07.000Z","volume":2000,"label":" ","price":3.26},{"type":"B","date":"2018-04-17T02:37:59.000Z","volume":2000,"label":" ","price":3.26},{"type":"B","date":"2018-04-17T02:38:21.000Z","volume":2000,"label":"Y","price":3.26},{"type":"B","date":"2018-04-17T02:39:50.000Z","volume":18000,"label":" ","price":3.26},{"type":"B","date":"2018-04-17T02:41:36.000Z","volume":2000,"label":" ","price":3.26},{"type":"B","date":"2018-04-17T02:41:47.000Z","volume":2000,"label":" ","price":3.26},{"type":"B","date":"2018-04-17T02:42:12.000Z","volume":2000,"label":" ","price":3.26},{"type":"B","date":"2018-04-17T02:45:21.000Z","volume":2000,"label":"Y","price":3.26},{"type":"A","date":"2018-04-17T02:46:43.000Z","volume":20000,"label":" ","price":3.27},{"type":"U","date":"2018-04-17T02:47:04.000Z","volume":2000,"label":"X","price":3.26},{"type":"U","date":"2018-04-17T02:49:02.000Z","volume":2000,"label":"X","price":3.26},{"type":"B","date":"2018-04-17T02:49:32.000Z","volume":2000,"label":" ","price":3.26},{"type":"A","date":"2018-04-17T02:50:11.000Z","volume":8000,"label":" ","price":3.27},{"type":"B","date":"2018-04-17T02:50:23.000Z","volume":2000,"label":" ","price":3.26},{"type":"B","date":"2018-04-17T02:50:53.000Z","volume":2000,"label":" ","price":3.26},{"type":"B","date":"2018-04-17T02:51:17.000Z","volume":8000,"label":" ","price":3.26},{"type":"B","date":"2018-04-17T02:51:38.000Z","volume":2000,"label":" ","price":3.26},{"type":"B","date":"2018-04-17T02:52:16.000Z","volume":2000,"label":" ","price":3.26},{"type":"B","date":"2018-04-17T02:52:30.000Z","volume":2000,"label":" ","price":3.26},{"type":"B","date":"2018-04-17T02:52:54.000Z","volume":2000,"label":" ","price":3.26},{"type":"B","date":"2018-04-17T02:52:54.000Z","volume":4000,"label":"Y","price":3.26},{"type":"B","date":"2018-04-17T02:52:54.000Z","volume":2000,"label":" ","price":3.26},{"type":"B","date":"2018-04-17T02:53:05.000Z","volume":2000,"label":" ","price":3.26},{"type":"A","date":"2018-04-17T02:53:17.000Z","volume":2000,"label":" ","price":3.27},{"type":"B","date":"2018-04-17T02:53:17.000Z","volume":2000,"label":" ","price":3.26},{"type":"B","date":"2018-04-17T02:53:17.000Z","volume":2000,"label":" ","price":3.26},{"type":"B","date":"2018-04-17T02:53:17.000Z","volume":2000,"label":" ","price":3.26},{"type":"B","date":"2018-04-17T02:54:09.000Z","volume":2000,"label":" ","price":3.26},{"type":"B","date":"2018-04-17T02:54:24.000Z","volume":2000,"label":" ","price":3.26},{"type":"B","date":"2018-04-17T02:54:55.000Z","volume":14000,"label":" ","price":3.26},{"type":"B","date":"2018-04-17T02:54:57.000Z","volume":6000,"label":" ","price":3.26},{"type":"B","date":"2018-04-17T02:55:34.000Z","volume":2000,"label":" ","price":3.26},{"type":"B","date":"2018-04-17T02:55:35.000Z","volume":2000,"label":"Y","price":3.26},{"type":"B","date":"2018-04-17T02:57:11.000Z","volume":2000,"label":" ","price":3.26},{"type":"B","date":"2018-04-17T02:57:11.000Z","volume":2000,"label":" ","price":3.26},{"type":"B","date":"2018-04-17T02:58:11.000Z","volume":2000,"label":" ","price":3.26},{"type":"B","date":"2018-04-17T02:58:24.000Z","volume":2000,"label":" ","price":3.26},{"type":"B","date":"2018-04-17T02:58:36.000Z","volume":2000,"label":" ","price":3.26},{"type":"B","date":"2018-04-17T02:58:49.000Z","volume":2000,"label":" ","price":3.26},{"type":"B","date":"2018-04-17T02:59:32.000Z","volume":2000,"label":" ","price":3.26},{"type":"B","date":"2018-04-17T02:59:59.000Z","volume":2000,"label":" ","price":3.26},{"type":"B","date":"2018-04-17T03:00:47.000Z","volume":2000,"label":" ","price":3.26},{"type":"A","date":"2018-04-17T03:01:15.000Z","volume":2000,"label":" ","price":3.27},{"type":"B","date":"2018-04-17T03:01:15.000Z","volume":8000,"label":" ","price":3.26},{"type":"B","date":"2018-04-17T03:01:36.000Z","volume":2000,"label":" ","price":3.26},{"type":"U","date":"2018-04-17T03:02:36.000Z","volume":45,"label":"D","price":3.31},{"type":"B","date":"2018-04-17T03:02:54.000Z","volume":2000,"label":" ","price":3.26},{"type":"B","date":"2018-04-17T03:02:59.000Z","volume":4000,"label":" ","price":3.26},{"type":"A","date":"2018-04-17T03:03:02.000Z","volume":10000,"label":" ","price":3.27},{"type":"A","date":"2018-04-17T03:03:28.000Z","volume":2000,"label":" ","price":3.27},{"type":"B","date":"2018-04-17T03:04:06.000Z","volume":2000,"label":" ","price":3.26},{"type":"A","date":"2018-04-17T03:04:42.000Z","volume":4000,"label":" ","price":3.27},{"type":"B","date":"2018-04-17T03:04:44.000Z","volume":6000,"label":" ","price":3.26},{"type":"A","date":"2018-04-17T03:05:47.000Z","volume":12000,"label":" ","price":3.27},{"type":"U","date":"2018-04-17T03:06:37.000Z","volume":2000,"label":"X","price":3.26},{"type":"U","date":"2018-04-17T03:08:07.000Z","volume":2000,"label":"X","price":3.26},{"type":"B","date":"2018-04-17T03:08:07.000Z","volume":2000,"label":" ","price":3.26},{"type":"A","date":"2018-04-17T03:08:21.000Z","volume":2000,"label":" ","price":3.27},{"type":"A","date":"2018-04-17T03:08:21.000Z","volume":4000,"label":" ","price":3.27},{"type":"A","date":"2018-04-17T03:08:47.000Z","volume":10000,"label":" ","price":3.27},{"type":"A","date":"2018-04-17T03:10:07.000Z","volume":8000,"label":" ","price":3.27},{"type":"U","date":"2018-04-17T03:10:08.000Z","volume":2000,"label":"X","price":3.26},{"type":"A","date":"2018-04-17T03:10:11.000Z","volume":4000,"label":" ","price":3.27},{"type":"B","date":"2018-04-17T03:10:25.000Z","volume":2000,"label":" ","price":3.26},{"type":"A","date":"2018-04-17T03:11:32.000Z","volume":2000,"label":" ","price":3.27},{"type":"A","date":"2018-04-17T03:12:00.000Z","volume":4000,"label":" ","price":3.27},{"type":"B","date":"2018-04-17T03:12:08.000Z","volume":2000,"label":" ","price":3.26},{"type":"A","date":"2018-04-17T03:12:26.000Z","volume":2000,"label":" ","price":3.27},{"type":"A","date":"2018-04-17T03:12:32.000Z","volume":12000,"label":" ","price":3.27},{"type":"B","date":"2018-04-17T03:13:08.000Z","volume":6000,"label":" ","price":3.26},{"type":"B","date":"2018-04-17T03:13:33.000Z","volume":100000,"label":" ","price":3.26},{"type":"B","date":"2018-04-17T03:13:56.000Z","volume":2000,"label":" ","price":3.26},{"type":"B","date":"2018-04-17T03:14:16.000Z","volume":20000,"label":" ","price":3.26},{"type":"B","date":"2018-04-17T03:15:34.000Z","volume":2000,"label":" ","price":3.26},{"type":"U","date":"2018-04-17T03:15:38.000Z","volume":2000,"label":"X","price":3.26},{"type":"B","date":"2018-04-17T03:16:34.000Z","volume":28000,"label":" ","price":3.26},{"type":"B","date":"2018-04-17T03:17:04.000Z","volume":2000,"label":" ","price":3.26},{"type":"B","date":"2018-04-17T03:18:19.000Z","volume":2000,"label":" ","price":3.26},{"type":"B","date":"2018-04-17T03:18:44.000Z","volume":16000,"label":" ","price":3.26},{"type":"B","date":"2018-04-17T03:19:44.000Z","volume":2000,"label":" ","price":3.26},{"type":"B","date":"2018-04-17T03:20:02.000Z","volume":2000,"label":" ","price":3.26},{"type":"B","date":"2018-04-17T03:20:02.000Z","volume":2000,"label":" ","price":3.26},{"type":"B","date":"2018-04-17T03:20:02.000Z","volume":2000,"label":" ","price":3.26},{"type":"B","date":"2018-04-17T03:20:02.000Z","volume":2000,"label":" ","price":3.26},{"type":"A","date":"2018-04-17T03:20:11.000Z","volume":2000,"label":" ","price":3.27},{"type":"B","date":"2018-04-17T03:21:13.000Z","volume":2000,"label":" ","price":3.26},{"type":"B","date":"2018-04-17T03:21:21.000Z","volume":2000,"label":" ","price":3.26},{"type":"B","date":"2018-04-17T03:21:21.000Z","volume":4000,"label":" ","price":3.26},{"type":"A","date":"2018-04-17T03:22:26.000Z","volume":2000,"label":" ","price":3.27},{"type":"U","date":"2018-04-17T03:22:37.000Z","volume":2000,"label":"X","price":3.26},{"type":"B","date":"2018-04-17T03:22:44.000Z","volume":2000,"label":" ","price":3.26},{"type":"A","date":"2018-04-17T03:23:02.000Z","volume":12000,"label":" ","price":3.27},{"type":"A","date":"2018-04-17T03:23:39.000Z","volume":2000,"label":" ","price":3.27},{"type":"B","date":"2018-04-17T03:24:06.000Z","volume":2000,"label":" ","price":3.26},{"type":"B","date":"2018-04-17T03:24:22.000Z","volume":2000,"label":" ","price":3.26},{"type":"B","date":"2018-04-17T03:24:22.000Z","volume":8000,"label":" ","price":3.26},{"type":"B","date":"2018-04-17T03:25:07.000Z","volume":6000,"label":" ","price":3.26},{"type":"B","date":"2018-04-17T03:25:35.000Z","volume":2000,"label":" ","price":3.26},{"type":"B","date":"2018-04-17T03:26:37.000Z","volume":2000,"label":" ","price":3.26},{"type":"B","date":"2018-04-17T03:26:44.000Z","volume":2000,"label":" ","price":3.26},{"type":"B","date":"2018-04-17T03:26:58.000Z","volume":4000,"label":" ","price":3.26},{"type":"B","date":"2018-04-17T03:27:06.000Z","volume":2000,"label":"Y","price":3.26},{"type":"B","date":"2018-04-17T03:28:19.000Z","volume":2000,"label":" ","price":3.26},{"type":"B","date":"2018-04-17T03:29:36.000Z","volume":2000,"label":"Y","price":3.26},{"type":"B","date":"2018-04-17T03:29:36.000Z","volume":2000,"label":" ","price":3.26},{"type":"B","date":"2018-04-17T03:29:49.000Z","volume":2000,"label":" ","price":3.26},{"type":"B","date":"2018-04-17T03:30:58.000Z","volume":2000,"label":" ","price":3.26},{"type":"B","date":"2018-04-17T03:31:29.000Z","volume":2000,"label":" ","price":3.26},{"type":"U","date":"2018-04-17T03:32:07.000Z","volume":2000,"label":"X","price":3.26},{"type":"A","date":"2018-04-17T03:32:26.000Z","volume":2000,"label":" ","price":3.27},{"type":"B","date":"2018-04-17T03:32:59.000Z","volume":2000,"label":" ","price":3.26},{"type":"A","date":"2018-04-17T03:33:13.000Z","volume":2000,"label":" ","price":3.27},{"type":"A","date":"2018-04-17T03:33:47.000Z","volume":12000,"label":" ","price":3.27},{"type":"B","date":"2018-04-17T03:33:59.000Z","volume":2000,"label":" ","price":3.26},{"type":"A","date":"2018-04-17T03:34:32.000Z","volume":2000,"label":" ","price":3.27},{"type":"B","date":"2018-04-17T03:34:32.000Z","volume":2000,"label":" ","price":3.26},{"type":"B","date":"2018-04-17T03:34:46.000Z","volume":2000,"label":" ","price":3.26},{"type":"B","date":"2018-04-17T03:35:44.000Z","volume":2000,"label":" ","price":3.26},{"type":"B","date":"2018-04-17T03:35:50.000Z","volume":2000,"label":" ","price":3.26},{"type":"B","date":"2018-04-17T03:36:06.000Z","volume":2000,"label":" ","price":3.26},{"type":"B","date":"2018-04-17T03:36:44.000Z","volume":2000,"label":" ","price":3.26},{"type":"B","date":"2018-04-17T03:36:47.000Z","volume":2000,"label":" ","price":3.26},{"type":"A","date":"2018-04-17T03:36:47.000Z","volume":14000,"label":" ","price":3.27},{"type":"B","date":"2018-04-17T03:36:59.000Z","volume":6000,"label":" ","price":3.26},{"type":"B","date":"2018-04-17T03:37:07.000Z","volume":2000,"label":" ","price":3.26},{"type":"A","date":"2018-04-17T03:37:41.000Z","volume":2000,"label":" ","price":3.27},{"type":"B","date":"2018-04-17T03:38:24.000Z","volume":2000,"label":" ","price":3.26},{"type":"U","date":"2018-04-17T03:39:29.000Z","volume":2000,"label":"X","price":3.26},{"type":"A","date":"2018-04-17T03:39:50.000Z","volume":8000,"label":" ","price":3.27},{"type":"A","date":"2018-04-17T03:40:11.000Z","volume":2000,"label":" ","price":3.27},{"type":"B","date":"2018-04-17T03:40:29.000Z","volume":2000,"label":" ","price":3.26},{"type":"A","date":"2018-04-17T03:40:32.000Z","volume":10000,"label":" ","price":3.27},{"type":"B","date":"2018-04-17T03:40:37.000Z","volume":2000,"label":" ","price":3.26},{"type":"B","date":"2018-04-17T03:40:59.000Z","volume":2000,"label":" ","price":3.26},{"type":"A","date":"2018-04-17T03:41:03.000Z","volume":4000,"label":" ","price":3.27},{"type":"B","date":"2018-04-17T03:42:04.000Z","volume":2000,"label":" ","price":3.26},{"type":"B","date":"2018-04-17T03:42:24.000Z","volume":2000,"label":" ","price":3.26},{"type":"B","date":"2018-04-17T03:42:28.000Z","volume":2000,"label":" ","price":3.26},{"type":"B","date":"2018-04-17T03:43:05.000Z","volume":2000,"label":" ","price":3.26},{"type":"B","date":"2018-04-17T03:43:29.000Z","volume":2000,"label":" ","price":3.26},{"type":"A","date":"2018-04-17T03:43:33.000Z","volume":8000,"label":" ","price":3.27},{"type":"B","date":"2018-04-17T03:43:54.000Z","volume":2000,"label":" ","price":3.26},{"type":"A","date":"2018-04-17T03:44:56.000Z","volume":2000,"label":" ","price":3.27},{"type":"A","date":"2018-04-17T03:45:03.000Z","volume":4000,"label":" ","price":3.27},{"type":"B","date":"2018-04-17T03:45:10.000Z","volume":2000,"label":" ","price":3.26},{"type":"B","date":"2018-04-17T03:45:29.000Z","volume":2000,"label":" ","price":3.26},{"type":"B","date":"2018-04-17T03:45:29.000Z","volume":2000,"label":" ","price":3.26},{"type":"A","date":"2018-04-17T03:45:47.000Z","volume":10000,"label":" ","price":3.27},{"type":"A","date":"2018-04-17T03:46:41.000Z","volume":2000,"label":" ","price":3.27},{"type":"B","date":"2018-04-17T03:46:47.000Z","volume":2000,"label":" ","price":3.26},{"type":"B","date":"2018-04-17T03:46:47.000Z","volume":2000,"label":" ","price":3.26},{"type":"B","date":"2018-04-17T03:46:48.000Z","volume":2000,"label":" ","price":3.26},{"type":"B","date":"2018-04-17T03:46:54.000Z","volume":2000,"label":" ","price":3.26},{"type":"B","date":"2018-04-17T03:46:58.000Z","volume":14000,"label":" ","price":3.26},{"type":"B","date":"2018-04-17T03:47:06.000Z","volume":2000,"label":" ","price":3.26},{"type":"A","date":"2018-04-17T03:47:26.000Z","volume":6000,"label":" ","price":3.27},{"type":"B","date":"2018-04-17T03:47:59.000Z","volume":2000,"label":" ","price":3.26},{"type":"A","date":"2018-04-17T03:48:11.000Z","volume":2000,"label":" ","price":3.27},{"type":"A","date":"2018-04-17T03:48:32.000Z","volume":10000,"label":" ","price":3.27},{"type":"B","date":"2018-04-17T03:48:37.000Z","volume":2000,"label":" ","price":3.26},{"type":"B","date":"2018-04-17T03:49:04.000Z","volume":2000,"label":" ","price":3.26},{"type":"A","date":"2018-04-17T03:49:10.000Z","volume":2000,"label":" ","price":3.27},{"type":"A","date":"2018-04-17T03:49:56.000Z","volume":2000,"label":" ","price":3.27},{"type":"A","date":"2018-04-17T03:50:17.000Z","volume":12000,"label":" ","price":3.27},{"type":"B","date":"2018-04-17T03:50:17.000Z","volume":2000,"label":" ","price":3.26},{"type":"B","date":"2018-04-17T03:50:21.000Z","volume":2000,"label":" ","price":3.26},{"type":"B","date":"2018-04-17T03:50:29.000Z","volume":2000,"label":" ","price":3.26},{"type":"B","date":"2018-04-17T03:50:53.000Z","volume":2000,"label":" ","price":3.26},{"type":"A","date":"2018-04-17T03:50:55.000Z","volume":2000,"label":" ","price":3.27},{"type":"A","date":"2018-04-17T03:51:26.000Z","volume":2000,"label":" ","price":3.27},{"type":"B","date":"2018-04-17T03:51:47.000Z","volume":2000,"label":"Y","price":3.26},{"type":"A","date":"2018-04-17T03:52:02.000Z","volume":12000,"label":" ","price":3.27},{"type":"B","date":"2018-04-17T03:52:09.000Z","volume":2000,"label":" ","price":3.26},{"type":"A","date":"2018-04-17T03:52:52.000Z","volume":2000,"label":" ","price":3.27},{"type":"A","date":"2018-04-17T03:52:56.000Z","volume":2000,"label":" ","price":3.27},{"type":"B","date":"2018-04-17T03:52:59.000Z","volume":2000,"label":" ","price":3.26},{"type":"B","date":"2018-04-17T03:53:17.000Z","volume":2000,"label":" ","price":3.26},{"type":"B","date":"2018-04-17T03:53:25.000Z","volume":2000,"label":" ","price":3.26},{"type":"A","date":"2018-04-17T03:54:32.000Z","volume":4000,"label":" ","price":3.27},{"type":"A","date":"2018-04-17T03:55:11.000Z","volume":2000,"label":" ","price":3.27},{"type":"A","date":"2018-04-17T03:55:47.000Z","volume":10000,"label":" ","price":3.27},{"type":"B","date":"2018-04-17T03:55:47.000Z","volume":2000,"label":" ","price":3.26},{"type":"B","date":"2018-04-17T03:55:55.000Z","volume":2000,"label":" ","price":3.26},{"type":"A","date":"2018-04-17T03:56:38.000Z","volume":2000,"label":" ","price":3.27},{"type":"A","date":"2018-04-17T03:58:47.000Z","volume":2000,"label":" ","price":3.27},{"type":"A","date":"2018-04-17T03:59:17.000Z","volume":2000,"label":" ","price":3.27},{"type":"A","date":"2018-04-17T03:59:21.000Z","volume":2000,"label":" ","price":3.27},{"type":"B","date":"2018-04-17T05:00:00.000Z","volume":4000,"label":" ","price":3.26},{"type":"B","date":"2018-04-17T05:00:19.000Z","volume":2000,"label":" ","price":3.26},{"type":"B","date":"2018-04-17T05:00:51.000Z","volume":2000,"label":" ","price":3.26},{"type":"B","date":"2018-04-17T05:00:51.000Z","volume":2000,"label":" ","price":3.26},{"type":"A","date":"2018-04-17T05:01:55.000Z","volume":2000,"label":" ","price":3.27},{"type":"B","date":"2018-04-17T05:02:21.000Z","volume":2000,"label":" ","price":3.26},{"type":"A","date":"2018-04-17T05:03:21.000Z","volume":8000,"label":" ","price":3.27},{"type":"B","date":"2018-04-17T05:04:21.000Z","volume":2000,"label":" ","price":3.26},{"type":"B","date":"2018-04-17T05:04:41.000Z","volume":4000,"label":" ","price":3.26},{"type":"A","date":"2018-04-17T05:04:47.000Z","volume":32000,"label":" ","price":3.27},{"type":"A","date":"2018-04-17T05:04:48.000Z","volume":2000,"label":" ","price":3.27},{"type":"B","date":"2018-04-17T05:05:51.000Z","volume":2000,"label":" ","price":3.26},{"type":"B","date":"2018-04-17T05:07:21.000Z","volume":2000,"label":" ","price":3.26},{"type":"B","date":"2018-04-17T05:07:33.000Z","volume":12000,"label":" ","price":3.26},{"type":"B","date":"2018-04-17T05:07:52.000Z","volume":20000,"label":" ","price":3.26},{"type":"B","date":"2018-04-17T05:09:02.000Z","volume":4000,"label":" ","price":3.26},{"type":"B","date":"2018-04-17T05:09:02.000Z","volume":10000,"label":" ","price":3.26},{"type":"B","date":"2018-04-17T05:09:14.000Z","volume":2000,"label":" ","price":3.26},{"type":"B","date":"2018-04-17T05:09:21.000Z","volume":2000,"label":" ","price":3.26},{"type":"B","date":"2018-04-17T05:10:12.000Z","volume":12000,"label":" ","price":3.26},{"type":"B","date":"2018-04-17T05:10:28.000Z","volume":2000,"label":" ","price":3.26},{"type":"B","date":"2018-04-17T05:11:22.000Z","volume":2000,"label":" ","price":3.26},{"type":"B","date":"2018-04-17T05:11:27.000Z","volume":2000,"label":" ","price":3.26},{"type":"B","date":"2018-04-17T05:12:57.000Z","volume":2000,"label":" ","price":3.26},{"type":"B","date":"2018-04-17T05:13:12.000Z","volume":2000,"label":" ","price":3.26},{"type":"B","date":"2018-04-17T05:15:02.000Z","volume":2000,"label":" ","price":3.26},{"type":"B","date":"2018-04-17T05:15:14.000Z","volume":2000,"label":" ","price":3.26},{"type":"B","date":"2018-04-17T05:15:54.000Z","volume":2000,"label":" ","price":3.26},{"type":"B","date":"2018-04-17T05:15:54.000Z","volume":2000,"label":" ","price":3.26},{"type":"A","date":"2018-04-17T05:16:02.000Z","volume":8000,"label":" ","price":3.27},{"type":"A","date":"2018-04-17T05:16:02.000Z","volume":10000,"label":" ","price":3.27},{"type":"A","date":"2018-04-17T05:17:47.000Z","volume":8000,"label":" ","price":3.27},{"type":"B","date":"2018-04-17T05:18:28.000Z","volume":8000,"label":" ","price":3.26},{"type":"B","date":"2018-04-17T05:19:12.000Z","volume":2000,"label":"Y","price":3.26},{"type":"B","date":"2018-04-17T05:21:02.000Z","volume":2000,"label":" ","price":3.26},{"type":"B","date":"2018-04-17T05:22:12.000Z","volume":2000,"label":" ","price":3.26},{"type":"A","date":"2018-04-17T05:22:17.000Z","volume":12000,"label":" ","price":3.27},{"type":"A","date":"2018-04-17T05:24:10.000Z","volume":8000,"label":" ","price":3.27},{"type":"B","date":"2018-04-17T05:24:10.000Z","volume":6000,"label":" ","price":3.26},{"type":"B","date":"2018-04-17T05:24:11.000Z","volume":2000,"label":"Y","price":3.26},{"type":"B","date":"2018-04-17T05:26:27.000Z","volume":2000,"label":" ","price":3.26},{"type":"B","date":"2018-04-17T05:28:15.000Z","volume":2000,"label":" ","price":3.26},{"type":"B","date":"2018-04-17T05:28:27.000Z","volume":2000,"label":" ","price":3.26},{"type":"A","date":"2018-04-17T05:30:00.000Z","volume":4000,"label":" ","price":3.27},{"type":"A","date":"2018-04-17T05:30:17.000Z","volume":12000,"label":" ","price":3.27},{"type":"A","date":"2018-04-17T05:30:17.000Z","volume":14000,"label":" ","price":3.27},{"type":"B","date":"2018-04-17T05:30:27.000Z","volume":2000,"label":" ","price":3.26},{"type":"A","date":"2018-04-17T05:31:30.000Z","volume":2000,"label":" ","price":3.27},{"type":"B","date":"2018-04-17T05:32:07.000Z","volume":10000,"label":" ","price":3.26},{"type":"B","date":"2018-04-17T05:32:10.000Z","volume":2000,"label":" ","price":3.26},{"type":"A","date":"2018-04-17T05:32:20.000Z","volume":2000,"label":" ","price":3.27},{"type":"B","date":"2018-04-17T05:32:39.000Z","volume":12000,"label":" ","price":3.26},{"type":"B","date":"2018-04-17T05:33:09.000Z","volume":14000,"label":" ","price":3.26},{"type":"B","date":"2018-04-17T05:33:10.000Z","volume":2000,"label":" ","price":3.26},{"type":"B","date":"2018-04-17T05:33:39.000Z","volume":4000,"label":" ","price":3.26},{"type":"A","date":"2018-04-17T05:34:11.000Z","volume":2000,"label":" ","price":3.27},{"type":"B","date":"2018-04-17T05:34:30.000Z","volume":2000,"label":" ","price":3.26},{"type":"B","date":"2018-04-17T05:34:49.000Z","volume":2000,"label":" ","price":3.26},{"type":"U","date":"2018-04-17T05:35:09.000Z","volume":4000,"label":"X","price":3.26},{"type":"B","date":"2018-04-17T05:35:14.000Z","volume":4000,"label":" ","price":3.26},{"type":"B","date":"2018-04-17T05:35:57.000Z","volume":2000,"label":"Y","price":3.26},{"type":"B","date":"2018-04-17T05:36:00.000Z","volume":2000,"label":" ","price":3.26},{"type":"B","date":"2018-04-17T05:36:33.000Z","volume":2000,"label":" ","price":3.26},{"type":"U","date":"2018-04-17T05:36:39.000Z","volume":2000,"label":"X","price":3.26},{"type":"U","date":"2018-04-17T05:36:39.000Z","volume":2000,"label":"X","price":3.26},{"type":"B","date":"2018-04-17T05:37:04.000Z","volume":2000,"label":" ","price":3.26},{"type":"B","date":"2018-04-17T05:37:30.000Z","volume":2000,"label":" ","price":3.26},{"type":"B","date":"2018-04-17T05:38:29.000Z","volume":2000,"label":" ","price":3.26},{"type":"B","date":"2018-04-17T05:38:30.000Z","volume":2000,"label":" ","price":3.26},{"type":"B","date":"2018-04-17T05:39:17.000Z","volume":2000,"label":" ","price":3.26},{"type":"B","date":"2018-04-17T05:39:24.000Z","volume":2000,"label":" ","price":3.26},{"type":"B","date":"2018-04-17T05:39:42.000Z","volume":4000,"label":"Y","price":3.26},{"type":"B","date":"2018-04-17T05:40:29.000Z","volume":2000,"label":" ","price":3.26},{"type":"A","date":"2018-04-17T05:41:40.000Z","volume":8000,"label":" ","price":3.27},{"type":"U","date":"2018-04-17T05:42:09.000Z","volume":2000,"label":"X","price":3.26},{"type":"B","date":"2018-04-17T05:42:09.000Z","volume":2000,"label":" ","price":3.26},{"type":"B","date":"2018-04-17T05:42:14.000Z","volume":2000,"label":" ","price":3.26},{"type":"B","date":"2018-04-17T05:42:15.000Z","volume":2000,"label":" ","price":3.26},{"type":"B","date":"2018-04-17T05:44:29.000Z","volume":2000,"label":" ","price":3.26},{"type":"B","date":"2018-04-17T05:44:53.000Z","volume":2000,"label":" ","price":3.26},{"type":"A","date":"2018-04-17T05:44:55.000Z","volume":2000,"label":" ","price":3.27},{"type":"A","date":"2018-04-17T05:45:32.000Z","volume":10000,"label":" ","price":3.27},{"type":"A","date":"2018-04-17T05:45:32.000Z","volume":10000,"label":" ","price":3.27},{"type":"B","date":"2018-04-17T05:45:44.000Z","volume":2000,"label":" ","price":3.26},{"type":"B","date":"2018-04-17T05:46:09.000Z","volume":8000,"label":" ","price":3.26},{"type":"B","date":"2018-04-17T05:46:39.000Z","volume":2000,"label":" ","price":3.26},{"type":"B","date":"2018-04-17T05:47:09.000Z","volume":2000,"label":" ","price":3.26},{"type":"B","date":"2018-04-17T05:47:54.000Z","volume":2000,"label":" ","price":3.26},{"type":"B","date":"2018-04-17T05:48:09.000Z","volume":2000,"label":" ","price":3.26},{"type":"A","date":"2018-04-17T05:49:17.000Z","volume":4000,"label":" ","price":3.27},{"type":"A","date":"2018-04-17T05:50:13.000Z","volume":8000,"label":" ","price":3.27},{"type":"A","date":"2018-04-17T05:50:17.000Z","volume":8000,"label":" ","price":3.27},{"type":"A","date":"2018-04-17T05:50:17.000Z","volume":10000,"label":" ","price":3.27},{"type":"B","date":"2018-04-17T05:51:10.000Z","volume":8000,"label":" ","price":3.26},{"type":"B","date":"2018-04-17T05:52:10.000Z","volume":2000,"label":" ","price":3.26},{"type":"A","date":"2018-04-17T05:52:34.000Z","volume":150000,"label":" ","price":3.27},{"type":"A","date":"2018-04-17T05:53:17.000Z","volume":2000,"label":" ","price":3.27},{"type":"B","date":"2018-04-17T05:54:40.000Z","volume":4000,"label":" ","price":3.26},{"type":"A","date":"2018-04-17T05:55:02.000Z","volume":2000,"label":" ","price":3.27},{"type":"B","date":"2018-04-17T05:55:10.000Z","volume":8000,"label":" ","price":3.26},{"type":"B","date":"2018-04-17T05:55:40.000Z","volume":4000,"label":" ","price":3.26},{"type":"B","date":"2018-04-17T05:56:10.000Z","volume":22000,"label":" ","price":3.26},{"type":"B","date":"2018-04-17T05:56:10.000Z","volume":4000,"label":" ","price":3.26},{"type":"B","date":"2018-04-17T05:58:10.000Z","volume":8000,"label":" ","price":3.26},{"type":"B","date":"2018-04-17T05:58:17.000Z","volume":2000,"label":" ","price":3.26},{"type":"B","date":"2018-04-17T05:58:17.000Z","volume":2000,"label":" ","price":3.26},{"type":"A","date":"2018-04-17T05:58:57.000Z","volume":8000,"label":" ","price":3.27},{"type":"B","date":"2018-04-17T05:59:10.000Z","volume":4000,"label":" ","price":3.26},{"type":"B","date":"2018-04-17T05:59:28.000Z","volume":4000,"label":" ","price":3.26},{"type":"B","date":"2018-04-17T05:59:57.000Z","volume":2000,"label":"Y","price":3.26},{"type":"B","date":"2018-04-17T06:01:25.000Z","volume":2000,"label":" ","price":3.26},{"type":"B","date":"2018-04-17T06:03:57.000Z","volume":2000,"label":"Y","price":3.26},{"type":"B","date":"2018-04-17T06:05:15.000Z","volume":2000,"label":" ","price":3.26},{"type":"A","date":"2018-04-17T06:06:32.000Z","volume":8000,"label":" ","price":3.27},{"type":"A","date":"2018-04-17T06:06:32.000Z","volume":8000,"label":" ","price":3.27},{"type":"B","date":"2018-04-17T06:07:01.000Z","volume":4000,"label":" ","price":3.26},{"type":"A","date":"2018-04-17T06:07:02.000Z","volume":2000,"label":" ","price":3.27},{"type":"B","date":"2018-04-17T06:07:58.000Z","volume":2000,"label":" ","price":3.26},{"type":"B","date":"2018-04-17T06:08:18.000Z","volume":2000,"label":" ","price":3.26},{"type":"B","date":"2018-04-17T06:08:57.000Z","volume":2000,"label":" ","price":3.26},{"type":"B","date":"2018-04-17T06:09:22.000Z","volume":2000,"label":" ","price":3.26},{"type":"A","date":"2018-04-17T06:09:31.000Z","volume":8000,"label":" ","price":3.27},{"type":"B","date":"2018-04-17T06:10:04.000Z","volume":2000,"label":" ","price":3.26},{"type":"B","date":"2018-04-17T06:10:22.000Z","volume":6000,"label":" ","price":3.26},{"type":"B","date":"2018-04-17T06:11:34.000Z","volume":2000,"label":" ","price":3.26},{"type":"A","date":"2018-04-17T06:12:39.000Z","volume":2000,"label":" ","price":3.27},{"type":"B","date":"2018-04-17T06:12:58.000Z","volume":2000,"label":" ","price":3.26},{"type":"B","date":"2018-04-17T06:13:12.000Z","volume":4000,"label":" ","price":3.26},{"type":"A","date":"2018-04-17T06:13:32.000Z","volume":10000,"label":" ","price":3.27},{"type":"B","date":"2018-04-17T06:14:36.000Z","volume":6000,"label":" ","price":3.26},{"type":"B","date":"2018-04-17T06:14:59.000Z","volume":2000,"label":" ","price":3.26},{"type":"A","date":"2018-04-17T06:15:56.000Z","volume":2000,"label":" ","price":3.27},{"type":"B","date":"2018-04-17T06:16:09.000Z","volume":2000,"label":" ","price":3.26},{"type":"A","date":"2018-04-17T06:16:47.000Z","volume":10000,"label":" ","price":3.27},{"type":"B","date":"2018-04-17T06:17:03.000Z","volume":6000,"label":" ","price":3.26},{"type":"A","date":"2018-04-17T06:17:32.000Z","volume":2000,"label":" ","price":3.27},{"type":"B","date":"2018-04-17T06:18:49.000Z","volume":2000,"label":" ","price":3.26},{"type":"B","date":"2018-04-17T06:19:47.000Z","volume":2000,"label":" ","price":3.26},{"type":"B","date":"2018-04-17T06:20:02.000Z","volume":2000,"label":"Y","price":3.26},{"type":"A","date":"2018-04-17T06:21:02.000Z","volume":2000,"label":" ","price":3.27},{"type":"B","date":"2018-04-17T06:21:54.000Z","volume":4000,"label":" ","price":3.26},{"type":"B","date":"2018-04-17T06:22:04.000Z","volume":2000,"label":" ","price":3.26},{"type":"A","date":"2018-04-17T06:22:21.000Z","volume":8000,"label":" ","price":3.27},{"type":"A","date":"2018-04-17T06:23:05.000Z","volume":4000,"label":" ","price":3.27},{"type":"A","date":"2018-04-17T06:23:27.000Z","volume":2000,"label":" ","price":3.27},{"type":"A","date":"2018-04-17T06:23:29.000Z","volume":2000,"label":" ","price":3.27},{"type":"A","date":"2018-04-17T06:23:33.000Z","volume":2000,"label":" ","price":3.27},{"type":"A","date":"2018-04-17T06:23:40.000Z","volume":2000,"label":" ","price":3.27},{"type":"A","date":"2018-04-17T06:24:13.000Z","volume":2000,"label":" ","price":3.27},{"type":"B","date":"2018-04-17T06:24:35.000Z","volume":60000,"label":" ","price":3.26},{"type":"B","date":"2018-04-17T06:24:47.000Z","volume":2000,"label":" ","price":3.26},{"type":"B","date":"2018-04-17T06:25:21.000Z","volume":2000,"label":" ","price":3.26},{"type":"A","date":"2018-04-17T06:26:24.000Z","volume":2000,"label":" ","price":3.27},{"type":"A","date":"2018-04-17T06:26:47.000Z","volume":8000,"label":" ","price":3.27},{"type":"A","date":"2018-04-17T06:26:47.000Z","volume":10000,"label":" ","price":3.27},{"type":"A","date":"2018-04-17T06:26:56.000Z","volume":2000,"label":" ","price":3.27},{"type":"A","date":"2018-04-17T06:27:31.000Z","volume":4000,"label":" ","price":3.27},{"type":"A","date":"2018-04-17T06:28:03.000Z","volume":2000,"label":" ","price":3.27},{"type":"A","date":"2018-04-17T06:28:36.000Z","volume":2000,"label":" ","price":3.27},{"type":"A","date":"2018-04-17T06:29:06.000Z","volume":2000,"label":" ","price":3.27},{"type":"A","date":"2018-04-17T06:29:41.000Z","volume":2000,"label":" ","price":3.27},{"type":"B","date":"2018-04-17T06:31:22.000Z","volume":32000,"label":" ","price":3.26},{"type":"A","date":"2018-04-17T06:31:22.000Z","volume":2000,"label":" ","price":3.27},{"type":"B","date":"2018-04-17T06:31:23.000Z","volume":2000,"label":" ","price":3.26},{"type":"B","date":"2018-04-17T06:31:23.000Z","volume":2000,"label":" ","price":3.26},{"type":"B","date":"2018-04-17T06:31:23.000Z","volume":2000,"label":" ","price":3.26},{"type":"B","date":"2018-04-17T06:31:56.000Z","volume":10000,"label":" ","price":3.26},{"type":"A","date":"2018-04-17T06:32:17.000Z","volume":2000,"label":" ","price":3.27},{"type":"B","date":"2018-04-17T06:33:27.000Z","volume":4000,"label":" ","price":3.26},{"type":"A","date":"2018-04-17T06:33:32.000Z","volume":10000,"label":" ","price":3.27},{"type":"A","date":"2018-04-17T06:33:32.000Z","volume":10000,"label":" ","price":3.27},{"type":"B","date":"2018-04-17T06:33:32.000Z","volume":24000,"label":" ","price":3.26},{"type":"A","date":"2018-04-17T06:38:32.000Z","volume":10000,"label":" ","price":3.27},{"type":"A","date":"2018-04-17T06:38:32.000Z","volume":10000,"label":" ","price":3.27},{"type":"A","date":"2018-04-17T06:38:33.000Z","volume":6000,"label":" ","price":3.27},{"type":"A","date":"2018-04-17T06:40:35.000Z","volume":26000,"label":" ","price":3.27},{"type":"A","date":"2018-04-17T06:40:35.000Z","volume":2000,"label":" ","price":3.27},{"type":"A","date":"2018-04-17T06:40:36.000Z","volume":4000,"label":" ","price":3.27},{"type":"A","date":"2018-04-17T06:40:47.000Z","volume":2000,"label":" ","price":3.27},{"type":"A","date":"2018-04-17T06:42:16.000Z","volume":8000,"label":"Y","price":3.27},{"type":"A","date":"2018-04-17T06:42:17.000Z","volume":2000,"label":" ","price":3.27},{"type":"A","date":"2018-04-17T06:42:39.000Z","volume":2000,"label":" ","price":3.27},{"type":"A","date":"2018-04-17T06:42:39.000Z","volume":2000,"label":" ","price":3.27},{"type":"A","date":"2018-04-17T06:43:11.000Z","volume":2000,"label":" ","price":3.27},{"type":"A","date":"2018-04-17T06:43:42.000Z","volume":10000,"label":" ","price":3.27},{"type":"A","date":"2018-04-17T06:43:43.000Z","volume":2000,"label":" ","price":3.27},{"type":"A","date":"2018-04-17T06:45:02.000Z","volume":4000,"label":" ","price":3.27},{"type":"A","date":"2018-04-17T06:45:03.000Z","volume":2000,"label":" ","price":3.27},{"type":"A","date":"2018-04-17T06:46:47.000Z","volume":10000,"label":" ","price":3.27},{"type":"A","date":"2018-04-17T06:46:47.000Z","volume":10000,"label":" ","price":3.27},{"type":"A","date":"2018-04-17T06:46:48.000Z","volume":4000,"label":" ","price":3.27},{"type":"B","date":"2018-04-17T06:48:44.000Z","volume":2000,"label":" ","price":3.26},{"type":"A","date":"2018-04-17T06:49:32.000Z","volume":2000,"label":" ","price":3.27},{"type":"A","date":"2018-04-17T06:49:33.000Z","volume":2000,"label":" ","price":3.27},{"type":"A","date":"2018-04-17T06:49:39.000Z","volume":8000,"label":" ","price":3.27},{"type":"A","date":"2018-04-17T06:49:40.000Z","volume":2000,"label":" ","price":3.27},{"type":"A","date":"2018-04-17T06:51:32.000Z","volume":2000,"label":" ","price":3.27},{"type":"B","date":"2018-04-17T06:52:23.000Z","volume":2000,"label":" ","price":3.26},{"type":"B","date":"2018-04-17T06:52:53.000Z","volume":20000,"label":" ","price":3.26},{"type":"B","date":"2018-04-17T06:52:54.000Z","volume":6000,"label":" ","price":3.26},{"type":"B","date":"2018-04-17T06:53:59.000Z","volume":20000,"label":" ","price":3.26},{"type":"A","date":"2018-04-17T06:54:17.000Z","volume":10000,"label":" ","price":3.27},{"type":"A","date":"2018-04-17T06:54:17.000Z","volume":10000,"label":" ","price":3.27},{"type":"A","date":"2018-04-17T06:54:18.000Z","volume":2000,"label":" ","price":3.27},{"type":"A","date":"2018-04-17T06:55:34.000Z","volume":2000,"label":" ","price":3.27},{"type":"A","date":"2018-04-17T06:55:40.000Z","volume":8000,"label":" ","price":3.27},{"type":"A","date":"2018-04-17T06:55:41.000Z","volume":2000,"label":" ","price":3.27},{"type":"A","date":"2018-04-17T06:56:46.000Z","volume":4000,"label":" ","price":3.27},{"type":"A","date":"2018-04-17T06:56:46.000Z","volume":2000,"label":" ","price":3.27},{"type":"B","date":"2018-04-17T06:57:42.000Z","volume":2000,"label":" ","price":3.26},{"type":"A","date":"2018-04-17T06:58:02.000Z","volume":2000,"label":" ","price":3.27},{"type":"A","date":"2018-04-17T06:58:47.000Z","volume":10000,"label":" ","price":3.27},{"type":"A","date":"2018-04-17T06:58:47.000Z","volume":10000,"label":" ","price":3.27},{"type":"A","date":"2018-04-17T06:58:48.000Z","volume":6000,"label":" ","price":3.27},{"type":"A","date":"2018-04-17T06:59:10.000Z","volume":2000,"label":" ","price":3.27},{"type":"B","date":"2018-04-17T06:59:32.000Z","volume":4000,"label":" ","price":3.26},{"type":"A","date":"2018-04-17T07:00:17.000Z","volume":2000,"label":" ","price":3.27},{"type":"A","date":"2018-04-17T07:00:18.000Z","volume":2000,"label":" ","price":3.27},{"type":"A","date":"2018-04-17T07:00:38.000Z","volume":4000,"label":" ","price":3.27},{"type":"B","date":"2018-04-17T07:00:49.000Z","volume":2000,"label":" ","price":3.26},{"type":"B","date":"2018-04-17T07:01:49.000Z","volume":2000,"label":" ","price":3.26},{"type":"A","date":"2018-04-17T07:01:49.000Z","volume":2000,"label":" ","price":3.27},{"type":"A","date":"2018-04-17T07:02:17.000Z","volume":2000,"label":" ","price":3.27},{"type":"A","date":"2018-04-17T07:02:47.000Z","volume":8000,"label":" ","price":3.27},{"type":"A","date":"2018-04-17T07:02:58.000Z","volume":2000,"label":" ","price":3.27},{"type":"B","date":"2018-04-17T07:03:17.000Z","volume":2000,"label":" ","price":3.26},{"type":"B","date":"2018-04-17T07:03:17.000Z","volume":2000,"label":" ","price":3.26},{"type":"B","date":"2018-04-17T07:03:31.000Z","volume":188000,"label":" ","price":3.26},{"type":"B","date":"2018-04-17T07:03:31.000Z","volume":2000,"label":" ","price":3.26},{"type":"B","date":"2018-04-17T07:03:31.000Z","volume":8000,"label":" ","price":3.26},{"type":"B","date":"2018-04-17T07:03:31.000Z","volume":2000,"label":" ","price":3.26},{"type":"B","date":"2018-04-17T07:03:32.000Z","volume":2000,"label":"Y","price":3.26},{"type":"B","date":"2018-04-17T07:03:32.000Z","volume":2000,"label":"Y","price":3.26},{"type":"B","date":"2018-04-17T07:03:32.000Z","volume":2000,"label":"Y","price":3.26},{"type":"B","date":"2018-04-17T07:03:32.000Z","volume":2000,"label":"Y","price":3.26},{"type":"B","date":"2018-04-17T07:03:33.000Z","volume":6000,"label":"Y","price":3.26},{"type":"B","date":"2018-04-17T07:03:33.000Z","volume":2000,"label":" ","price":3.26},{"type":"A","date":"2018-04-17T07:03:33.000Z","volume":2000,"label":" ","price":3.27},{"type":"B","date":"2018-04-17T07:04:18.000Z","volume":2000,"label":" ","price":3.25},{"type":"B","date":"2018-04-17T07:05:14.000Z","volume":2000,"label":" ","price":3.25},{"type":"A","date":"2018-04-17T07:05:14.000Z","volume":2000,"label":" ","price":3.26},{"type":"B","date":"2018-04-17T07:05:23.000Z","volume":2000,"label":" ","price":3.25},{"type":"B","date":"2018-04-17T07:05:44.000Z","volume":2000,"label":" ","price":3.25},{"type":"B","date":"2018-04-17T07:06:51.000Z","volume":2000,"label":" ","price":3.25},{"type":"A","date":"2018-04-17T07:06:52.000Z","volume":4000,"label":" ","price":3.26},{"type":"A","date":"2018-04-17T07:06:52.000Z","volume":2000,"label":" ","price":3.26},{"type":"A","date":"2018-04-17T07:06:59.000Z","volume":2000,"label":" ","price":3.26},{"type":"A","date":"2018-04-17T07:07:56.000Z","volume":2000,"label":" ","price":3.26},{"type":"B","date":"2018-04-17T07:08:02.000Z","volume":2000,"label":" ","price":3.25},{"type":"A","date":"2018-04-17T07:08:02.000Z","volume":2000,"label":" ","price":3.26},{"type":"B","date":"2018-04-17T07:08:37.000Z","volume":2000,"label":" ","price":3.25},{"type":"B","date":"2018-04-17T07:09:24.000Z","volume":2000,"label":" ","price":3.25},{"type":"B","date":"2018-04-17T07:10:15.000Z","volume":100000,"label":" ","price":3.25},{"type":"A","date":"2018-04-17T07:10:15.000Z","volume":6000,"label":" ","price":3.26},{"type":"A","date":"2018-04-17T07:10:16.000Z","volume":20000,"label":" ","price":3.26},{"type":"B","date":"2018-04-17T07:10:17.000Z","volume":6000,"label":" ","price":3.25},{"type":"B","date":"2018-04-17T07:10:29.000Z","volume":2000,"label":"Y","price":3.25},{"type":"A","date":"2018-04-17T07:10:29.000Z","volume":2000,"label":" ","price":3.26},{"type":"B","date":"2018-04-17T07:11:18.000Z","volume":2000,"label":" ","price":3.25},{"type":"B","date":"2018-04-17T07:11:31.000Z","volume":100000,"label":" ","price":3.25},{"type":"A","date":"2018-04-17T07:11:31.000Z","volume":24000,"label":" ","price":3.26},{"type":"B","date":"2018-04-17T07:11:42.000Z","volume":4000,"label":" ","price":3.25},{"type":"A","date":"2018-04-17T07:11:42.000Z","volume":2000,"label":" ","price":3.26},{"type":"B","date":"2018-04-17T07:11:59.000Z","volume":2000,"label":" ","price":3.25},{"type":"A","date":"2018-04-17T07:12:00.000Z","volume":12000,"label":" ","price":3.26},{"type":"A","date":"2018-04-17T07:12:00.000Z","volume":4000,"label":" ","price":3.26},{"type":"B","date":"2018-04-17T07:12:39.000Z","volume":2000,"label":" ","price":3.25},{"type":"B","date":"2018-04-17T07:13:19.000Z","volume":2000,"label":" ","price":3.25},{"type":"B","date":"2018-04-17T07:13:39.000Z","volume":2000,"label":" ","price":3.25},{"type":"B","date":"2018-04-17T07:13:39.000Z","volume":4000,"label":" ","price":3.25},{"type":"A","date":"2018-04-17T07:13:40.000Z","volume":2000,"label":" ","price":3.26},{"type":"B","date":"2018-04-17T07:14:19.000Z","volume":2000,"label":" ","price":3.25},{"type":"A","date":"2018-04-17T07:14:39.000Z","volume":8000,"label":" ","price":3.26},{"type":"A","date":"2018-04-17T07:14:39.000Z","volume":2000,"label":" ","price":3.26},{"type":"A","date":"2018-04-17T07:15:17.000Z","volume":14000,"label":" ","price":3.26},{"type":"A","date":"2018-04-17T07:15:17.000Z","volume":14000,"label":" ","price":3.26},{"type":"A","date":"2018-04-17T07:15:18.000Z","volume":8000,"label":" ","price":3.26},{"type":"B","date":"2018-04-17T07:15:19.000Z","volume":2000,"label":" ","price":3.25},{"type":"A","date":"2018-04-17T07:17:32.000Z","volume":2000,"label":" ","price":3.26},{"type":"A","date":"2018-04-17T07:17:32.000Z","volume":2000,"label":" ","price":3.26},{"type":"A","date":"2018-04-17T07:18:29.000Z","volume":4000,"label":" ","price":3.26},{"type":"A","date":"2018-04-17T07:18:29.000Z","volume":2000,"label":" ","price":3.26},{"type":"A","date":"2018-04-17T07:18:42.000Z","volume":4000,"label":" ","price":3.26},{"type":"B","date":"2018-04-17T07:18:47.000Z","volume":2000,"label":" ","price":3.25},{"type":"A","date":"2018-04-17T07:18:48.000Z","volume":2000,"label":" ","price":3.26},{"type":"A","date":"2018-04-17T07:19:00.000Z","volume":4000,"label":" ","price":3.26},{"type":"B","date":"2018-04-17T07:19:19.000Z","volume":2000,"label":" ","price":3.25},{"type":"A","date":"2018-04-17T07:19:21.000Z","volume":4000,"label":" ","price":3.26},{"type":"A","date":"2018-04-17T07:19:21.000Z","volume":2000,"label":" ","price":3.26},{"type":"B","date":"2018-04-17T07:19:22.000Z","volume":2000,"label":" ","price":3.25},{"type":"A","date":"2018-04-17T07:19:47.000Z","volume":6000,"label":" ","price":3.26},{"type":"A","date":"2018-04-17T07:19:47.000Z","volume":2000,"label":" ","price":3.26},{"type":"A","date":"2018-04-17T07:19:47.000Z","volume":10000,"label":" ","price":3.26},{"type":"A","date":"2018-04-17T07:19:47.000Z","volume":10000,"label":" ","price":3.26},{"type":"A","date":"2018-04-17T07:19:48.000Z","volume":4000,"label":" ","price":3.26},{"type":"B","date":"2018-04-17T07:19:48.000Z","volume":6000,"label":" ","price":3.25},{"type":"A","date":"2018-04-17T07:19:49.000Z","volume":2000,"label":" ","price":3.26},{"type":"B","date":"2018-04-17T07:19:49.000Z","volume":2000,"label":" ","price":3.25},{"type":"A","date":"2018-04-17T07:20:03.000Z","volume":8000,"label":" ","price":3.26},{"type":"A","date":"2018-04-17T07:20:04.000Z","volume":2000,"label":" ","price":3.26},{"type":"B","date":"2018-04-17T07:20:07.000Z","volume":2000,"label":" ","price":3.25},{"type":"A","date":"2018-04-17T07:20:08.000Z","volume":2000,"label":" ","price":3.26},{"type":"A","date":"2018-04-17T07:20:13.000Z","volume":6000,"label":" ","price":3.26},{"type":"B","date":"2018-04-17T07:20:16.000Z","volume":2000,"label":" ","price":3.25},{"type":"A","date":"2018-04-17T07:20:16.000Z","volume":2000,"label":" ","price":3.26},{"type":"B","date":"2018-04-17T07:20:25.000Z","volume":28000,"label":"Y","price":3.25},{"type":"B","date":"2018-04-17T07:20:25.000Z","volume":22000,"label":" ","price":3.25},{"type":"A","date":"2018-04-17T07:20:25.000Z","volume":6000,"label":" ","price":3.26},{"type":"A","date":"2018-04-17T07:20:26.000Z","volume":4000,"label":" ","price":3.26},{"type":"A","date":"2018-04-17T07:20:26.000Z","volume":6000,"label":" ","price":3.26},{"type":"B","date":"2018-04-17T07:20:27.000Z","volume":16000,"label":" ","price":3.25},{"type":"A","date":"2018-04-17T07:20:28.000Z","volume":4000,"label":" ","price":3.26},{"type":"B","date":"2018-04-17T07:20:29.000Z","volume":2000,"label":" ","price":3.25},{"type":"A","date":"2018-04-17T07:20:39.000Z","volume":4000,"label":" ","price":3.26},{"type":"A","date":"2018-04-17T07:20:43.000Z","volume":2000,"label":" ","price":3.26},{"type":"B","date":"2018-04-17T07:20:45.000Z","volume":160000,"label":" ","price":3.25},{"type":"B","date":"2018-04-17T07:20:46.000Z","volume":2000,"label":" ","price":3.25},{"type":"B","date":"2018-04-17T07:20:47.000Z","volume":36000,"label":" ","price":3.25},{"type":"A","date":"2018-04-17T07:21:00.000Z","volume":6000,"label":" ","price":3.26},{"type":"B","date":"2018-04-17T07:21:03.000Z","volume":2000,"label":" ","price":3.25},{"type":"A","date":"2018-04-17T07:21:30.000Z","volume":4000,"label":" ","price":3.26},{"type":"B","date":"2018-04-17T07:21:33.000Z","volume":2000,"label":" ","price":3.25},{"type":"A","date":"2018-04-17T07:21:44.000Z","volume":4000,"label":" ","price":3.26},{"type":"A","date":"2018-04-17T07:22:09.000Z","volume":38000,"label":" ","price":3.26},{"type":"A","date":"2018-04-17T07:22:10.000Z","volume":4000,"label":" ","price":3.26},{"type":"B","date":"2018-04-17T07:22:12.000Z","volume":10000,"label":" ","price":3.25},{"type":"A","date":"2018-04-17T07:22:23.000Z","volume":4000,"label":" ","price":3.26},{"type":"A","date":"2018-04-17T07:22:32.000Z","volume":2000,"label":" ","price":3.26},{"type":"A","date":"2018-04-17T07:22:32.000Z","volume":2000,"label":" ","price":3.26},{"type":"B","date":"2018-04-17T07:22:39.000Z","volume":2000,"label":" ","price":3.25},{"type":"A","date":"2018-04-17T07:22:49.000Z","volume":4000,"label":" ","price":3.26},{"type":"B","date":"2018-04-17T07:23:10.000Z","volume":300000,"label":" ","price":3.25},{"type":"B","date":"2018-04-17T07:23:10.000Z","volume":44000,"label":" ","price":3.25},{"type":"B","date":"2018-04-17T07:23:10.000Z","volume":4000,"label":" ","price":3.25},{"type":"B","date":"2018-04-17T07:23:11.000Z","volume":12000,"label":" ","price":3.24},{"type":"B","date":"2018-04-17T07:23:12.000Z","volume":78000,"label":" ","price":3.24},{"type":"B","date":"2018-04-17T07:23:30.000Z","volume":4000,"label":" ","price":3.25},{"type":"A","date":"2018-04-17T07:23:54.000Z","volume":6000,"label":" ","price":3.25},{"type":"B","date":"2018-04-17T07:24:02.000Z","volume":2000,"label":" ","price":3.24},{"type":"A","date":"2018-04-17T07:24:20.000Z","volume":6000,"label":" ","price":3.25},{"type":"A","date":"2018-04-17T07:24:46.000Z","volume":4000,"label":" ","price":3.25},{"type":"A","date":"2018-04-17T07:25:00.000Z","volume":4000,"label":" ","price":3.25},{"type":"B","date":"2018-04-17T07:25:17.000Z","volume":4000,"label":" ","price":3.24},{"type":"A","date":"2018-04-17T07:25:25.000Z","volume":4000,"label":" ","price":3.25},{"type":"A","date":"2018-04-17T07:25:51.000Z","volume":4000,"label":" ","price":3.25},{"type":"A","date":"2018-04-17T07:26:04.000Z","volume":4000,"label":" ","price":3.25},{"type":"A","date":"2018-04-17T07:26:20.000Z","volume":4000,"label":" ","price":3.25},{"type":"A","date":"2018-04-17T07:26:30.000Z","volume":4000,"label":" ","price":3.25},{"type":"A","date":"2018-04-17T07:26:56.000Z","volume":6000,"label":" ","price":3.25},{"type":"A","date":"2018-04-17T07:27:02.000Z","volume":10000,"label":" ","price":3.25},{"type":"A","date":"2018-04-17T07:27:02.000Z","volume":10000,"label":" ","price":3.25},{"type":"A","date":"2018-04-17T07:27:03.000Z","volume":2000,"label":" ","price":3.25},{"type":"A","date":"2018-04-17T07:27:09.000Z","volume":4000,"label":" ","price":3.25},{"type":"A","date":"2018-04-17T07:27:30.000Z","volume":4000,"label":" ","price":3.25},{"type":"B","date":"2018-04-17T07:27:47.000Z","volume":2000,"label":" ","price":3.24},{"type":"A","date":"2018-04-17T07:27:48.000Z","volume":4000,"label":" ","price":3.25},{"type":"A","date":"2018-04-17T07:28:14.000Z","volume":4000,"label":" ","price":3.25},{"type":"A","date":"2018-04-17T07:28:17.000Z","volume":4000,"label":" ","price":3.25},{"type":"A","date":"2018-04-17T07:28:30.000Z","volume":4000,"label":" ","price":3.25},{"type":"A","date":"2018-04-17T07:29:00.000Z","volume":6000,"label":" ","price":3.25},{"type":"B","date":"2018-04-17T07:29:17.000Z","volume":2000,"label":" ","price":3.24},{"type":"A","date":"2018-04-17T07:29:19.000Z","volume":4000,"label":" ","price":3.25},{"type":"A","date":"2018-04-17T07:29:32.000Z","volume":4000,"label":" ","price":3.25},{"type":"A","date":"2018-04-17T07:29:45.000Z","volume":4000,"label":" ","price":3.25},{"type":"A","date":"2018-04-17T07:29:58.000Z","volume":4000,"label":" ","price":3.25},{"type":"A","date":"2018-04-17T07:30:30.000Z","volume":6000,"label":" ","price":3.25},{"type":"A","date":"2018-04-17T07:30:32.000Z","volume":10000,"label":" ","price":3.25},{"type":"A","date":"2018-04-17T07:30:32.000Z","volume":14000,"label":" ","price":3.25},{"type":"B","date":"2018-04-17T07:30:35.000Z","volume":10000,"label":" ","price":3.24},{"type":"B","date":"2018-04-17T07:30:47.000Z","volume":2000,"label":" ","price":3.24},{"type":"A","date":"2018-04-17T07:30:50.000Z","volume":4000,"label":" ","price":3.25},{"type":"A","date":"2018-04-17T07:31:16.000Z","volume":6000,"label":" ","price":3.25},{"type":"A","date":"2018-04-17T07:31:29.000Z","volume":4000,"label":" ","price":3.25},{"type":"A","date":"2018-04-17T07:31:32.000Z","volume":2000,"label":" ","price":3.25},{"type":"A","date":"2018-04-17T07:31:32.000Z","volume":2000,"label":" ","price":3.25},{"type":"A","date":"2018-04-17T07:31:39.000Z","volume":2000,"label":" ","price":3.25},{"type":"A","date":"2018-04-17T07:31:40.000Z","volume":4000,"label":" ","price":3.25},{"type":"A","date":"2018-04-17T07:31:55.000Z","volume":4000,"label":" ","price":3.25},{"type":"A","date":"2018-04-17T07:32:09.000Z","volume":2000,"label":" ","price":3.25},{"type":"A","date":"2018-04-17T07:32:21.000Z","volume":6000,"label":" ","price":3.25},{"type":"B","date":"2018-04-17T07:32:32.000Z","volume":2000,"label":" ","price":3.24},{"type":"A","date":"2018-04-17T07:32:42.000Z","volume":4000,"label":" ","price":3.25},{"type":"A","date":"2018-04-17T07:32:47.000Z","volume":4000,"label":" ","price":3.25},{"type":"A","date":"2018-04-17T07:33:08.000Z","volume":8000,"label":" ","price":3.25},{"type":"A","date":"2018-04-17T07:33:13.000Z","volume":6000,"label":" ","price":3.25},{"type":"A","date":"2018-04-17T07:33:14.000Z","volume":4000,"label":" ","price":3.25},{"type":"A","date":"2018-04-17T07:33:39.000Z","volume":4000,"label":" ","price":3.25},{"type":"A","date":"2018-04-17T07:33:49.000Z","volume":2000,"label":" ","price":3.25},{"type":"A","date":"2018-04-17T07:34:05.000Z","volume":6000,"label":" ","price":3.25},{"type":"A","date":"2018-04-17T07:34:18.000Z","volume":4000,"label":" ","price":3.25},{"type":"A","date":"2018-04-17T07:34:21.000Z","volume":4000,"label":" ","price":3.25},{"type":"B","date":"2018-04-17T07:34:32.000Z","volume":2000,"label":" ","price":3.24},{"type":"A","date":"2018-04-17T07:34:40.000Z","volume":6000,"label":" ","price":3.25},{"type":"A","date":"2018-04-17T07:34:56.000Z","volume":2000,"label":" ","price":3.25},{"type":"B","date":"2018-04-17T07:34:56.000Z","volume":2000,"label":" ","price":3.24},{"type":"A","date":"2018-04-17T07:35:00.000Z","volume":6000,"label":" ","price":3.25},{"type":"A","date":"2018-04-17T07:35:02.000Z","volume":2000,"label":" ","price":3.25},{"type":"A","date":"2018-04-17T07:35:02.000Z","volume":2000,"label":" ","price":3.25},{"type":"A","date":"2018-04-17T07:35:02.000Z","volume":10000,"label":" ","price":3.25},{"type":"A","date":"2018-04-17T07:35:02.000Z","volume":10000,"label":" ","price":3.25},{"type":"A","date":"2018-04-17T07:35:02.000Z","volume":22000,"label":" ","price":3.25},{"type":"A","date":"2018-04-17T07:35:06.000Z","volume":8000,"label":" ","price":3.25},{"type":"A","date":"2018-04-17T07:35:07.000Z","volume":6000,"label":" ","price":3.25},{"type":"A","date":"2018-04-17T07:35:23.000Z","volume":4000,"label":" ","price":3.25},{"type":"A","date":"2018-04-17T07:35:26.000Z","volume":4000,"label":" ","price":3.25},{"type":"A","date":"2018-04-17T07:35:49.000Z","volume":4000,"label":" ","price":3.25},{"type":"A","date":"2018-04-17T07:36:00.000Z","volume":4000,"label":" ","price":3.25},{"type":"A","date":"2018-04-17T07:36:02.000Z","volume":4000,"label":" ","price":3.25},{"type":"A","date":"2018-04-17T07:36:28.000Z","volume":4000,"label":" ","price":3.25},{"type":"A","date":"2018-04-17T07:36:32.000Z","volume":2000,"label":" ","price":3.25},{"type":"A","date":"2018-04-17T07:36:34.000Z","volume":4000,"label":"Y","price":3.25},{"type":"A","date":"2018-04-17T07:36:34.000Z","volume":4000,"label":" ","price":3.25},{"type":"B","date":"2018-04-17T07:36:39.000Z","volume":2000,"label":" ","price":3.24},{"type":"A","date":"2018-04-17T07:36:54.000Z","volume":6000,"label":" ","price":3.25},{"type":"B","date":"2018-04-17T07:37:02.000Z","volume":4000,"label":" ","price":3.24},{"type":"A","date":"2018-04-17T07:37:03.000Z","volume":4000,"label":" ","price":3.25},{"type":"A","date":"2018-04-17T07:37:20.000Z","volume":6000,"label":" ","price":3.25},{"type":"A","date":"2018-04-17T07:37:26.000Z","volume":8000,"label":" ","price":3.25},{"type":"A","date":"2018-04-17T07:37:33.000Z","volume":4000,"label":" ","price":3.25},{"type":"A","date":"2018-04-17T07:37:33.000Z","volume":2000,"label":" ","price":3.25},{"type":"A","date":"2018-04-17T07:37:46.000Z","volume":4000,"label":" ","price":3.25},{"type":"A","date":"2018-04-17T07:37:59.000Z","volume":4000,"label":" ","price":3.25},{"type":"A","date":"2018-04-17T07:38:06.000Z","volume":4000,"label":" ","price":3.25},{"type":"A","date":"2018-04-17T07:38:18.000Z","volume":10000,"label":" ","price":3.25},{"type":"B","date":"2018-04-17T07:38:18.000Z","volume":2000,"label":" ","price":3.24},{"type":"A","date":"2018-04-17T07:38:19.000Z","volume":6000,"label":" ","price":3.25},{"type":"A","date":"2018-04-17T07:38:25.000Z","volume":4000,"label":" ","price":3.25},{"type":"A","date":"2018-04-17T07:38:38.000Z","volume":4000,"label":" ","price":3.25},{"type":"A","date":"2018-04-17T07:38:39.000Z","volume":2000,"label":" ","price":3.25},{"type":"B","date":"2018-04-17T07:38:54.000Z","volume":2000,"label":" ","price":3.24},{"type":"B","date":"2018-04-17T07:38:59.000Z","volume":2000,"label":" ","price":3.24},{"type":"A","date":"2018-04-17T07:39:00.000Z","volume":4000,"label":" ","price":3.25},{"type":"A","date":"2018-04-17T07:39:02.000Z","volume":4000,"label":" ","price":3.25},{"type":"A","date":"2018-04-17T07:39:02.000Z","volume":2000,"label":" ","price":3.25},{"type":"A","date":"2018-04-17T07:39:06.000Z","volume":28000,"label":" ","price":3.25},{"type":"A","date":"2018-04-17T07:39:12.000Z","volume":4000,"label":" ","price":3.25},{"type":"A","date":"2018-04-17T07:39:17.000Z","volume":12000,"label":" ","price":3.25},{"type":"A","date":"2018-04-17T07:39:17.000Z","volume":12000,"label":" ","price":3.25},{"type":"B","date":"2018-04-17T07:39:27.000Z","volume":2000,"label":" ","price":3.24},{"type":"A","date":"2018-04-17T07:39:30.000Z","volume":6000,"label":" ","price":3.25},{"type":"A","date":"2018-04-17T07:39:36.000Z","volume":10000,"label":" ","price":3.25},{"type":"A","date":"2018-04-17T07:39:46.000Z","volume":4000,"label":" ","price":3.25},{"type":"B","date":"2018-04-17T07:39:47.000Z","volume":2000,"label":" ","price":3.24},{"type":"A","date":"2018-04-17T07:39:50.000Z","volume":8000,"label":"Y","price":3.25},{"type":"B","date":"2018-04-17T07:39:54.000Z","volume":2000,"label":" ","price":3.24},{"type":"B","date":"2018-04-17T07:40:12.000Z","volume":2000,"label":" ","price":3.24},{"type":"A","date":"2018-04-17T07:40:17.000Z","volume":2000,"label":" ","price":3.25},{"type":"B","date":"2018-04-17T07:40:30.000Z","volume":2000,"label":" ","price":3.24},{"type":"A","date":"2018-04-17T07:40:52.000Z","volume":4000,"label":" ","price":3.25},{"type":"B","date":"2018-04-17T07:40:59.000Z","volume":2000,"label":" ","price":3.24},{"type":"B","date":"2018-04-17T07:41:02.000Z","volume":2000,"label":" ","price":3.24},{"type":"A","date":"2018-04-17T07:41:10.000Z","volume":10000,"label":" ","price":3.25},{"type":"A","date":"2018-04-17T07:41:14.000Z","volume":18000,"label":" ","price":3.25},{"type":"A","date":"2018-04-17T07:41:14.000Z","volume":8000,"label":" ","price":3.25},{"type":"A","date":"2018-04-17T07:41:25.000Z","volume":4000,"label":" ","price":3.25},{"type":"A","date":"2018-04-17T07:41:25.000Z","volume":2000,"label":" ","price":3.25},{"type":"B","date":"2018-04-17T07:41:34.000Z","volume":10000,"label":" ","price":3.24},{"type":"A","date":"2018-04-17T07:41:40.000Z","volume":4000,"label":" ","price":3.25},{"type":"B","date":"2018-04-17T07:41:41.000Z","volume":2000,"label":" ","price":3.24},{"type":"A","date":"2018-04-17T07:42:00.000Z","volume":2000,"label":" ","price":3.25},{"type":"A","date":"2018-04-17T07:42:01.000Z","volume":2000,"label":" ","price":3.25},{"type":"B","date":"2018-04-17T07:42:17.000Z","volume":2000,"label":" ","price":3.24},{"type":"A","date":"2018-04-17T07:42:17.000Z","volume":12000,"label":" ","price":3.25},{"type":"A","date":"2018-04-17T07:42:17.000Z","volume":14000,"label":" ","price":3.25},{"type":"A","date":"2018-04-17T07:42:17.000Z","volume":4000,"label":" ","price":3.25},{"type":"A","date":"2018-04-17T07:42:17.000Z","volume":2000,"label":" ","price":3.25},{"type":"A","date":"2018-04-17T07:42:17.000Z","volume":2000,"label":" ","price":3.25},{"type":"A","date":"2018-04-17T07:42:31.000Z","volume":4000,"label":" ","price":3.25},{"type":"A","date":"2018-04-17T07:42:32.000Z","volume":2000,"label":" ","price":3.25},{"type":"A","date":"2018-04-17T07:42:32.000Z","volume":2000,"label":" ","price":3.25},{"type":"A","date":"2018-04-17T07:42:32.000Z","volume":2000,"label":" ","price":3.25},{"type":"A","date":"2018-04-17T07:42:32.000Z","volume":2000,"label":" ","price":3.25},{"type":"B","date":"2018-04-17T07:42:40.000Z","volume":2000,"label":" ","price":3.24},{"type":"A","date":"2018-04-17T07:42:52.000Z","volume":2000,"label":" ","price":3.25},{"type":"A","date":"2018-04-17T07:42:52.000Z","volume":2000,"label":" ","price":3.25},{"type":"A","date":"2018-04-17T07:43:04.000Z","volume":4000,"label":" ","price":3.25},{"type":"A","date":"2018-04-17T07:43:09.000Z","volume":2000,"label":" ","price":3.25},{"type":"B","date":"2018-04-17T07:43:10.000Z","volume":2000,"label":" ","price":3.24},{"type":"A","date":"2018-04-17T07:43:14.000Z","volume":2000,"label":" ","price":3.25},{"type":"A","date":"2018-04-17T07:43:35.000Z","volume":2000,"label":" ","price":3.25},{"type":"A","date":"2018-04-17T07:43:44.000Z","volume":38000,"label":" ","price":3.25},{"type":"A","date":"2018-04-17T07:43:44.000Z","volume":10000,"label":" ","price":3.25},{"type":"A","date":"2018-04-17T07:44:07.000Z","volume":4000,"label":" ","price":3.25},{"type":"B","date":"2018-04-17T07:44:17.000Z","volume":2000,"label":" ","price":3.24},{"type":"B","date":"2018-04-17T07:44:24.000Z","volume":2000,"label":" ","price":3.24},{"type":"A","date":"2018-04-17T07:44:30.000Z","volume":2000,"label":" ","price":3.25},{"type":"A","date":"2018-04-17T07:44:42.000Z","volume":4000,"label":" ","price":3.25},{"type":"A","date":"2018-04-17T07:44:45.000Z","volume":10000,"label":" ","price":3.25},{"type":"A","date":"2018-04-17T07:44:45.000Z","volume":2000,"label":" ","price":3.25},{"type":"A","date":"2018-04-17T07:44:47.000Z","volume":8000,"label":" ","price":3.25},{"type":"A","date":"2018-04-17T07:44:47.000Z","volume":2000,"label":" ","price":3.25},{"type":"B","date":"2018-04-17T07:45:12.000Z","volume":2000,"label":" ","price":3.24},{"type":"A","date":"2018-04-17T07:45:14.000Z","volume":2000,"label":" ","price":3.25},{"type":"A","date":"2018-04-17T07:45:15.000Z","volume":2000,"label":" ","price":3.25},{"type":"A","date":"2018-04-17T07:45:32.000Z","volume":2000,"label":" ","price":3.25},{"type":"A","date":"2018-04-17T07:45:32.000Z","volume":2000,"label":" ","price":3.25},{"type":"A","date":"2018-04-17T07:45:49.000Z","volume":4000,"label":" ","price":3.25},{"type":"A","date":"2018-04-17T07:45:49.000Z","volume":2000,"label":" ","price":3.25},{"type":"A","date":"2018-04-17T07:45:57.000Z","volume":14000,"label":" ","price":3.25},{"type":"A","date":"2018-04-17T07:45:57.000Z","volume":4000,"label":" ","price":3.25},{"type":"B","date":"2018-04-17T07:46:01.000Z","volume":2000,"label":" ","price":3.24},{"type":"A","date":"2018-04-17T07:46:21.000Z","volume":4000,"label":" ","price":3.25},{"type":"A","date":"2018-04-17T07:46:26.000Z","volume":6000,"label":" ","price":3.25},{"type":"A","date":"2018-04-17T07:46:26.000Z","volume":2000,"label":" ","price":3.25},{"type":"A","date":"2018-04-17T07:46:48.000Z","volume":38000,"label":" ","price":3.25},{"type":"A","date":"2018-04-17T07:46:48.000Z","volume":10000,"label":" ","price":3.25},{"type":"A","date":"2018-04-17T07:46:55.000Z","volume":2000,"label":" ","price":3.25},{"type":"A","date":"2018-04-17T07:47:26.000Z","volume":4000,"label":" ","price":3.25},{"type":"A","date":"2018-04-17T07:47:26.000Z","volume":2000,"label":" ","price":3.25},{"type":"A","date":"2018-04-17T07:47:41.000Z","volume":8000,"label":" ","price":3.25},{"type":"A","date":"2018-04-17T07:47:41.000Z","volume":2000,"label":" ","price":3.25},{"type":"A","date":"2018-04-17T07:47:46.000Z","volume":14000,"label":" ","price":3.25},{"type":"A","date":"2018-04-17T07:47:46.000Z","volume":2000,"label":" ","price":3.25},{"type":"A","date":"2018-04-17T07:47:57.000Z","volume":4000,"label":" ","price":3.25},{"type":"A","date":"2018-04-17T07:47:57.000Z","volume":2000,"label":" ","price":3.25},{"type":"B","date":"2018-04-17T07:48:15.000Z","volume":2000,"label":" ","price":3.24},{"type":"A","date":"2018-04-17T07:48:27.000Z","volume":8000,"label":"Y","price":3.25},{"type":"A","date":"2018-04-17T07:48:27.000Z","volume":2000,"label":" ","price":3.25},{"type":"A","date":"2018-04-17T07:48:32.000Z","volume":2000,"label":" ","price":3.25},{"type":"A","date":"2018-04-17T07:48:32.000Z","volume":22000,"label":" ","price":3.25},{"type":"A","date":"2018-04-17T07:48:32.000Z","volume":12000,"label":" ","price":3.25},{"type":"A","date":"2018-04-17T07:48:32.000Z","volume":6000,"label":" ","price":3.25},{"type":"A","date":"2018-04-17T07:48:32.000Z","volume":4000,"label":" ","price":3.25},{"type":"A","date":"2018-04-17T07:48:33.000Z","volume":2000,"label":" ","price":3.25},{"type":"A","date":"2018-04-17T07:48:37.000Z","volume":16000,"label":" ","price":3.25},{"type":"A","date":"2018-04-17T07:48:43.000Z","volume":4000,"label":" ","price":3.25},{"type":"A","date":"2018-04-17T07:48:47.000Z","volume":2000,"label":" ","price":3.25},{"type":"A","date":"2018-04-17T07:48:47.000Z","volume":2000,"label":" ","price":3.25},{"type":"A","date":"2018-04-17T07:48:47.000Z","volume":2000,"label":" ","price":3.25},{"type":"A","date":"2018-04-17T07:48:47.000Z","volume":2000,"label":" ","price":3.25},{"type":"A","date":"2018-04-17T07:49:06.000Z","volume":6000,"label":" ","price":3.25},{"type":"A","date":"2018-04-17T07:49:08.000Z","volume":4000,"label":" ","price":3.25},{"type":"A","date":"2018-04-17T07:49:08.000Z","volume":2000,"label":" ","price":3.25},{"type":"B","date":"2018-04-17T07:49:26.000Z","volume":1028000,"label":" ","price":3.24},{"type":"B","date":"2018-04-17T07:49:26.000Z","volume":2000,"label":" ","price":3.24},{"type":"A","date":"2018-04-17T07:49:26.000Z","volume":2000,"label":" ","price":3.24},{"type":"A","date":"2018-04-17T07:49:26.000Z","volume":10000,"label":" ","price":3.24},{"type":"A","date":"2018-04-17T07:49:26.000Z","volume":14000,"label":" ","price":3.24},{"type":"A","date":"2018-04-17T07:49:26.000Z","volume":2000,"label":" ","price":3.24},{"type":"B","date":"2018-04-17T07:49:32.000Z","volume":2000,"label":" ","price":3.23},{"type":"A","date":"2018-04-17T07:49:35.000Z","volume":8000,"label":" ","price":3.24},{"type":"A","date":"2018-04-17T07:49:38.000Z","volume":8000,"label":" ","price":3.24},{"type":"A","date":"2018-04-17T07:49:42.000Z","volume":16000,"label":" ","price":3.24},{"type":"A","date":"2018-04-17T07:49:43.000Z","volume":8000,"label":" ","price":3.24},{"type":"A","date":"2018-04-17T07:49:46.000Z","volume":10000,"label":" ","price":3.24},{"type":"A","date":"2018-04-17T07:49:50.000Z","volume":8000,"label":" ","price":3.24},{"type":"B","date":"2018-04-17T07:49:54.000Z","volume":2000,"label":" ","price":3.23},{"type":"A","date":"2018-04-17T07:49:54.000Z","volume":8000,"label":" ","price":3.24},{"type":"A","date":"2018-04-17T07:50:00.000Z","volume":10000,"label":" ","price":3.24},{"type":"A","date":"2018-04-17T07:50:03.000Z","volume":10000,"label":" ","price":3.24},{"type":"B","date":"2018-04-17T07:50:27.000Z","volume":2000,"label":" ","price":3.23},{"type":"A","date":"2018-04-17T07:50:34.000Z","volume":10000,"label":" ","price":3.24},{"type":"B","date":"2018-04-17T07:50:35.000Z","volume":10000,"label":" ","price":3.23},{"type":"A","date":"2018-04-17T07:50:35.000Z","volume":2000,"label":" ","price":3.24},{"type":"A","date":"2018-04-17T07:50:35.000Z","volume":2000,"label":" ","price":3.24},{"type":"B","date":"2018-04-17T07:50:59.000Z","volume":2000,"label":" ","price":3.23},{"type":"A","date":"2018-04-17T07:50:59.000Z","volume":2000,"label":" ","price":3.24},{"type":"A","date":"2018-04-17T07:51:07.000Z","volume":10000,"label":" ","price":3.24},{"type":"A","date":"2018-04-17T07:51:07.000Z","volume":2000,"label":" ","price":3.24},{"type":"B","date":"2018-04-17T07:51:11.000Z","volume":2000,"label":" ","price":3.23},{"type":"B","date":"2018-04-17T07:51:17.000Z","volume":2000,"label":" ","price":3.23},{"type":"B","date":"2018-04-17T07:51:34.000Z","volume":2000,"label":" ","price":3.23},{"type":"A","date":"2018-04-17T07:51:39.000Z","volume":2000,"label":" ","price":3.24},{"type":"B","date":"2018-04-17T07:51:57.000Z","volume":2000,"label":" ","price":3.23},{"type":"B","date":"2018-04-17T07:52:01.000Z","volume":2000,"label":" ","price":3.23},{"type":"B","date":"2018-04-17T07:52:06.000Z","volume":2000,"label":" ","price":3.23},{"type":"A","date":"2018-04-17T07:52:10.000Z","volume":4000,"label":" ","price":3.24},{"type":"A","date":"2018-04-17T07:52:10.000Z","volume":2000,"label":" ","price":3.24},{"type":"A","date":"2018-04-17T07:52:24.000Z","volume":4000,"label":" ","price":3.24},{"type":"B","date":"2018-04-17T07:52:28.000Z","volume":2000,"label":" ","price":3.23},{"type":"A","date":"2018-04-17T07:52:32.000Z","volume":2000,"label":" ","price":3.24},{"type":"A","date":"2018-04-17T07:52:35.000Z","volume":2000,"label":"Y","price":3.24},{"type":"A","date":"2018-04-17T07:52:35.000Z","volume":94000,"label":" ","price":3.24},{"type":"A","date":"2018-04-17T07:52:35.000Z","volume":2000,"label":"Y","price":3.24},{"type":"A","date":"2018-04-17T07:52:35.000Z","volume":22000,"label":" ","price":3.24},{"type":"A","date":"2018-04-17T07:52:39.000Z","volume":4000,"label":" ","price":3.24},{"type":"A","date":"2018-04-17T07:52:39.000Z","volume":234000,"label":" ","price":3.24},{"type":"A","date":"2018-04-17T07:52:39.000Z","volume":58000,"label":" ","price":3.25},{"type":"B","date":"2018-04-17T07:54:17.000Z","volume":2000,"label":"Y","price":3.24},{"type":"B","date":"2018-04-17T07:54:17.000Z","volume":2000,"label":" ","price":3.24},{"type":"B","date":"2018-04-17T07:54:17.000Z","volume":2000,"label":" ","price":3.24},{"type":"A","date":"2018-04-17T07:54:24.000Z","volume":2000,"label":" ","price":3.25},{"type":"B","date":"2018-04-17T07:54:36.000Z","volume":10000,"label":" ","price":3.24},{"type":"A","date":"2018-04-17T07:54:37.000Z","volume":2000,"label":" ","price":3.25},{"type":"B","date":"2018-04-17T07:54:52.000Z","volume":2000,"label":" ","price":3.24},{"type":"A","date":"2018-04-17T07:54:52.000Z","volume":2000,"label":" ","price":3.25},{"type":"A","date":"2018-04-17T07:55:10.000Z","volume":2000,"label":" ","price":3.25},{"type":"B","date":"2018-04-17T07:55:31.000Z","volume":2000,"label":" ","price":3.24},{"type":"A","date":"2018-04-17T07:55:43.000Z","volume":6000,"label":"Y","price":3.25},{"type":"A","date":"2018-04-17T07:55:43.000Z","volume":2000,"label":" ","price":3.25},{"type":"A","date":"2018-04-17T07:55:43.000Z","volume":2000,"label":" ","price":3.25},{"type":"B","date":"2018-04-17T07:55:53.000Z","volume":4000,"label":" ","price":3.24},{"type":"A","date":"2018-04-17T07:55:53.000Z","volume":2000,"label":" ","price":3.25},{"type":"B","date":"2018-04-17T07:56:01.000Z","volume":2000,"label":" ","price":3.24},{"type":"B","date":"2018-04-17T07:56:05.000Z","volume":2000,"label":" ","price":3.24},{"type":"A","date":"2018-04-17T07:56:17.000Z","volume":2000,"label":" ","price":3.25},{"type":"A","date":"2018-04-17T07:56:17.000Z","volume":2000,"label":" ","price":3.25},{"type":"A","date":"2018-04-17T07:56:17.000Z","volume":16000,"label":" ","price":3.25},{"type":"A","date":"2018-04-17T07:56:17.000Z","volume":14000,"label":" ","price":3.25},{"type":"A","date":"2018-04-17T07:56:17.000Z","volume":6000,"label":" ","price":3.25},{"type":"A","date":"2018-04-17T07:56:17.000Z","volume":2000,"label":" ","price":3.25},{"type":"A","date":"2018-04-17T07:56:17.000Z","volume":2000,"label":" ","price":3.25},{"type":"A","date":"2018-04-17T07:56:17.000Z","volume":2000,"label":" ","price":3.25},{"type":"B","date":"2018-04-17T07:56:18.000Z","volume":2000,"label":" ","price":3.24},{"type":"A","date":"2018-04-17T07:56:31.000Z","volume":2000,"label":" ","price":3.25},{"type":"B","date":"2018-04-17T07:56:44.000Z","volume":4000,"label":" ","price":3.24},{"type":"A","date":"2018-04-17T07:56:44.000Z","volume":2000,"label":" ","price":3.25},{"type":"A","date":"2018-04-17T07:56:44.000Z","volume":2000,"label":" ","price":3.25},{"type":"A","date":"2018-04-17T07:56:53.000Z","volume":2000,"label":" ","price":3.25},{"type":"B","date":"2018-04-17T07:56:59.000Z","volume":4000,"label":" ","price":3.24},{"type":"A","date":"2018-04-17T07:57:01.000Z","volume":2000,"label":" ","price":3.25},{"type":"A","date":"2018-04-17T07:57:02.000Z","volume":2000,"label":" ","price":3.25},{"type":"A","date":"2018-04-17T07:57:02.000Z","volume":4000,"label":" ","price":3.25},{"type":"A","date":"2018-04-17T07:57:02.000Z","volume":10000,"label":" ","price":3.25},{"type":"B","date":"2018-04-17T07:57:06.000Z","volume":2000,"label":" ","price":3.24},{"type":"A","date":"2018-04-17T07:57:08.000Z","volume":6000,"label":" ","price":3.25},{"type":"A","date":"2018-04-17T07:57:10.000Z","volume":8000,"label":" ","price":3.25},{"type":"A","date":"2018-04-17T07:57:10.000Z","volume":2000,"label":" ","price":3.25},{"type":"B","date":"2018-04-17T07:57:10.000Z","volume":2000,"label":" ","price":3.24},{"type":"A","date":"2018-04-17T07:57:16.000Z","volume":2000,"label":" ","price":3.25},{"type":"A","date":"2018-04-17T07:57:16.000Z","volume":2000,"label":" ","price":3.25},{"type":"A","date":"2018-04-17T07:57:24.000Z","volume":8000,"label":" ","price":3.25},{"type":"A","date":"2018-04-17T07:57:24.000Z","volume":2000,"label":" ","price":3.25},{"type":"B","date":"2018-04-17T07:57:24.000Z","volume":2000,"label":" ","price":3.24},{"type":"A","date":"2018-04-17T07:57:25.000Z","volume":2000,"label":" ","price":3.25},{"type":"A","date":"2018-04-17T07:57:32.000Z","volume":20000,"label":" ","price":3.25},{"type":"A","date":"2018-04-17T07:57:32.000Z","volume":6000,"label":" ","price":3.25},{"type":"A","date":"2018-04-17T07:57:32.000Z","volume":6000,"label":" ","price":3.25},{"type":"B","date":"2018-04-17T07:57:36.000Z","volume":2000,"label":" ","price":3.24},{"type":"A","date":"2018-04-17T07:57:39.000Z","volume":2000,"label":" ","price":3.25},{"type":"A","date":"2018-04-17T07:57:39.000Z","volume":2000,"label":" ","price":3.25},{"type":"B","date":"2018-04-17T07:57:39.000Z","volume":2000,"label":" ","price":3.24},{"type":"A","date":"2018-04-17T07:57:39.000Z","volume":8000,"label":"Y","price":3.25},{"type":"A","date":"2018-04-17T07:57:39.000Z","volume":2000,"label":" ","price":3.25},{"type":"A","date":"2018-04-17T07:57:47.000Z","volume":10000,"label":" ","price":3.25},{"type":"A","date":"2018-04-17T07:57:47.000Z","volume":2000,"label":" ","price":3.25},{"type":"A","date":"2018-04-17T07:57:50.000Z","volume":2000,"label":" ","price":3.25},{"type":"A","date":"2018-04-17T07:57:50.000Z","volume":2000,"label":" ","price":3.25},{"type":"B","date":"2018-04-17T07:57:50.000Z","volume":2000,"label":" ","price":3.24},{"type":"A","date":"2018-04-17T07:57:54.000Z","volume":8000,"label":" ","price":3.25},{"type":"A","date":"2018-04-17T07:57:54.000Z","volume":2000,"label":" ","price":3.25},{"type":"A","date":"2018-04-17T07:57:56.000Z","volume":2000,"label":" ","price":3.25},{"type":"A","date":"2018-04-17T07:58:02.000Z","volume":2000,"label":" ","price":3.25},{"type":"A","date":"2018-04-17T07:58:02.000Z","volume":4000,"label":" ","price":3.25},{"type":"A","date":"2018-04-17T07:58:02.000Z","volume":2000,"label":" ","price":3.25},{"type":"B","date":"2018-04-17T07:58:02.000Z","volume":2000,"label":" ","price":3.24},{"type":"B","date":"2018-04-17T07:58:03.000Z","volume":2000,"label":" ","price":3.24},{"type":"B","date":"2018-04-17T07:58:12.000Z","volume":2000,"label":" ","price":3.24},{"type":"A","date":"2018-04-17T07:58:13.000Z","volume":2000,"label":" ","price":3.25},{"type":"B","date":"2018-04-17T07:58:17.000Z","volume":2000,"label":" ","price":3.24},{"type":"B","date":"2018-04-17T07:58:18.000Z","volume":2000,"label":" ","price":3.24},{"type":"A","date":"2018-04-17T07:58:21.000Z","volume":2000,"label":" ","price":3.25},{"type":"A","date":"2018-04-17T07:58:27.000Z","volume":2000,"label":" ","price":3.25},{"type":"A","date":"2018-04-17T07:58:27.000Z","volume":2000,"label":" ","price":3.25},{"type":"A","date":"2018-04-17T07:58:27.000Z","volume":2000,"label":" ","price":3.25},{"type":"A","date":"2018-04-17T07:58:27.000Z","volume":4000,"label":" ","price":3.25},{"type":"A","date":"2018-04-17T07:58:28.000Z","volume":10000,"label":" ","price":3.25},{"type":"A","date":"2018-04-17T07:58:29.000Z","volume":6000,"label":" ","price":3.25},{"type":"B","date":"2018-04-17T07:58:31.000Z","volume":2000,"label":" ","price":3.24},{"type":"A","date":"2018-04-17T07:58:32.000Z","volume":2000,"label":" ","price":3.25},{"type":"B","date":"2018-04-17T07:58:34.000Z","volume":2000,"label":" ","price":3.24},{"type":"A","date":"2018-04-17T07:58:36.000Z","volume":2000,"label":" ","price":3.25},{"type":"A","date":"2018-04-17T07:58:37.000Z","volume":2000,"label":" ","price":3.25},{"type":"A","date":"2018-04-17T07:58:37.000Z","volume":4000,"label":" ","price":3.25},{"type":"A","date":"2018-04-17T07:58:37.000Z","volume":4000,"label":" ","price":3.25},{"type":"B","date":"2018-04-17T07:58:44.000Z","volume":4000,"label":" ","price":3.24},{"type":"A","date":"2018-04-17T07:58:47.000Z","volume":2000,"label":" ","price":3.25},{"type":"B","date":"2018-04-17T07:58:47.000Z","volume":2000,"label":" ","price":3.24},{"type":"A","date":"2018-04-17T07:58:47.000Z","volume":6000,"label":" ","price":3.25},{"type":"A","date":"2018-04-17T07:58:47.000Z","volume":2000,"label":" ","price":3.25},{"type":"B","date":"2018-04-17T07:58:54.000Z","volume":2000,"label":" ","price":3.24},{"type":"A","date":"2018-04-17T07:58:54.000Z","volume":2000,"label":" ","price":3.25},{"type":"B","date":"2018-04-17T07:58:54.000Z","volume":6000,"label":" ","price":3.24},{"type":"A","date":"2018-04-17T07:58:55.000Z","volume":2000,"label":" ","price":3.25},{"type":"A","date":"2018-04-17T07:58:55.000Z","volume":2000,"label":" ","price":3.25},{"type":"A","date":"2018-04-17T07:59:00.000Z","volume":10000,"label":" ","price":3.25},{"type":"A","date":"2018-04-17T07:59:00.000Z","volume":2000,"label":" ","price":3.25},{"type":"A","date":"2018-04-17T07:59:02.000Z","volume":32000,"label":" ","price":3.25},{"type":"A","date":"2018-04-17T07:59:02.000Z","volume":4000,"label":" ","price":3.25},{"type":"A","date":"2018-04-17T07:59:02.000Z","volume":2000,"label":" ","price":3.25},{"type":"A","date":"2018-04-17T07:59:02.000Z","volume":2000,"label":" ","price":3.25},{"type":"B","date":"2018-04-17T07:59:02.000Z","volume":2000,"label":" ","price":3.24},{"type":"A","date":"2018-04-17T07:59:02.000Z","volume":4000,"label":" ","price":3.25},{"type":"A","date":"2018-04-17T07:59:02.000Z","volume":2000,"label":" ","price":3.25},{"type":"A","date":"2018-04-17T07:59:03.000Z","volume":2000,"label":" ","price":3.25},{"type":"A","date":"2018-04-17T07:59:09.000Z","volume":8000,"label":" ","price":3.25},{"type":"A","date":"2018-04-17T07:59:09.000Z","volume":2000,"label":" ","price":3.25},{"type":"B","date":"2018-04-17T07:59:14.000Z","volume":46000,"label":" ","price":3.24},{"type":"A","date":"2018-04-17T07:59:14.000Z","volume":2000,"label":" ","price":3.25},{"type":"A","date":"2018-04-17T07:59:14.000Z","volume":8000,"label":" ","price":3.25},{"type":"A","date":"2018-04-17T07:59:14.000Z","volume":2000,"label":" ","price":3.25},{"type":"A","date":"2018-04-17T07:59:17.000Z","volume":2000,"label":" ","price":3.25},{"type":"B","date":"2018-04-17T07:59:17.000Z","volume":2000,"label":" ","price":3.24},{"type":"B","date":"2018-04-17T07:59:21.000Z","volume":2000,"label":" ","price":3.24},{"type":"B","date":"2018-04-17T07:59:21.000Z","volume":2000,"label":" ","price":3.24},{"type":"A","date":"2018-04-17T07:59:21.000Z","volume":2000,"label":" ","price":3.25},{"type":"A","date":"2018-04-17T07:59:30.000Z","volume":6000,"label":" ","price":3.25},{"type":"B","date":"2018-04-17T07:59:31.000Z","volume":2000,"label":" ","price":3.24},{"type":"A","date":"2018-04-17T07:59:31.000Z","volume":2000,"label":" ","price":3.25},{"type":"A","date":"2018-04-17T07:59:32.000Z","volume":2000,"label":" ","price":3.25},{"type":"B","date":"2018-04-17T07:59:32.000Z","volume":2000,"label":" ","price":3.24},{"type":"B","date":"2018-04-17T07:59:33.000Z","volume":2000,"label":" ","price":3.24},{"type":"B","date":"2018-04-17T07:59:37.000Z","volume":2000,"label":" ","price":3.24},{"type":"A","date":"2018-04-17T07:59:37.000Z","volume":2000,"label":" ","price":3.25},{"type":"A","date":"2018-04-17T07:59:40.000Z","volume":2000,"label":" ","price":3.25},{"type":"A","date":"2018-04-17T07:59:43.000Z","volume":52000,"label":" ","price":3.25},{"type":"A","date":"2018-04-17T07:59:43.000Z","volume":2000,"label":" ","price":3.25},{"type":"A","date":"2018-04-17T07:59:43.000Z","volume":2000,"label":" ","price":3.25},{"type":"A","date":"2018-04-17T07:59:43.000Z","volume":2000,"label":" ","price":3.25},{"type":"A","date":"2018-04-17T07:59:47.000Z","volume":6000,"label":" ","price":3.26},{"type":"A","date":"2018-04-17T07:59:48.000Z","volume":2000,"label":" ","price":3.26},{"type":"A","date":"2018-04-17T07:59:48.000Z","volume":2000,"label":" ","price":3.26},{"type":"B","date":"2018-04-17T07:59:51.000Z","volume":92000,"label":" ","price":3.25},{"type":"A","date":"2018-04-17T07:59:51.000Z","volume":2000,"label":" ","price":3.26},{"type":"A","date":"2018-04-17T07:59:51.000Z","volume":20000,"label":" ","price":3.26},{"type":"A","date":"2018-04-17T07:59:55.000Z","volume":2000,"label":" ","price":3.26},{"type":"B","date":"2018-04-17T07:59:56.000Z","volume":2000,"label":" ","price":3.25},{"type":"A","date":"2018-04-17T07:59:56.000Z","volume":2000,"label":" ","price":3.26},{"type":"U","date":"2018-04-17T08:08:24.000Z","volume":694000,"label":"U","price":3.26}]