[{"type":"U","date":"2018-04-12T01:20:00.000Z","volume":20000,"label":"U","price":1.6},{"type":"A","date":"2018-04-12T01:30:19.000Z","volume":10000,"label":" ","price":1.6},{"type":"B","date":"2018-04-12T01:32:36.000Z","volume":60000,"label":" ","price":1.59},{"type":"A","date":"2018-04-12T01:32:51.000Z","volume":10000,"label":" ","price":1.6},{"type":"B","date":"2018-04-12T01:35:58.000Z","volume":200000,"label":" ","price":1.58},{"type":"B","date":"2018-04-12T01:35:58.000Z","volume":20000,"label":" ","price":1.58},{"type":"A","date":"2018-04-12T01:35:58.000Z","volume":30000,"label":" ","price":1.59},{"type":"A","date":"2018-04-12T01:37:18.000Z","volume":30000,"label":" ","price":1.59},{"type":"A","date":"2018-04-12T01:37:58.000Z","volume":790000,"label":" ","price":1.59},{"type":"A","date":"2018-04-12T01:37:58.000Z","volume":210000,"label":" ","price":1.59},{"type":"A","date":"2018-04-12T01:37:58.000Z","volume":10000,"label":" ","price":1.6},{"type":"A","date":"2018-04-12T01:37:58.000Z","volume":10000,"label":" ","price":1.59},{"type":"A","date":"2018-04-12T01:39:32.000Z","volume":110000,"label":" ","price":1.6},{"type":"A","date":"2018-04-12T01:39:39.000Z","volume":40000,"label":" ","price":1.61},{"type":"A","date":"2018-04-12T01:39:46.000Z","volume":50000,"label":" ","price":1.61},{"type":"A","date":"2018-04-12T01:40:12.000Z","volume":30000,"label":" ","price":1.61},{"type":"A","date":"2018-04-12T01:40:47.000Z","volume":10000,"label":" ","price":1.62},{"type":"B","date":"2018-04-12T01:41:07.000Z","volume":10000,"label":" ","price":1.61},{"type":"A","date":"2018-04-12T01:41:07.000Z","volume":30000,"label":" ","price":1.62},{"type":"A","date":"2018-04-12T01:42:30.000Z","volume":20000,"label":" ","price":1.62},{"type":"A","date":"2018-04-12T01:42:39.000Z","volume":20000,"label":" ","price":1.62},{"type":"A","date":"2018-04-12T01:42:51.000Z","volume":20000,"label":" ","price":1.62},{"type":"A","date":"2018-04-12T01:43:05.000Z","volume":20000,"label":" ","price":1.62},{"type":"B","date":"2018-04-12T01:43:17.000Z","volume":20000,"label":" ","price":1.61},{"type":"A","date":"2018-04-12T01:44:10.000Z","volume":20000,"label":" ","price":1.62},{"type":"B","date":"2018-04-12T01:44:20.000Z","volume":10000,"label":" ","price":1.61},{"type":"B","date":"2018-04-12T01:44:39.000Z","volume":10000,"label":" ","price":1.61},{"type":"B","date":"2018-04-12T01:44:39.000Z","volume":120000,"label":" ","price":1.61},{"type":"B","date":"2018-04-12T01:44:42.000Z","volume":140000,"label":" ","price":1.61},{"type":"U","date":"2018-04-12T01:45:19.000Z","volume":10000,"label":" ","price":1.61},{"type":"A","date":"2018-04-12T01:47:09.000Z","volume":10000,"label":" ","price":1.61},{"type":"A","date":"2018-04-12T01:48:16.000Z","volume":10000,"label":" ","price":1.61},{"type":"B","date":"2018-04-12T01:52:13.000Z","volume":620000,"label":" ","price":1.6},{"type":"B","date":"2018-04-12T01:52:13.000Z","volume":260000,"label":" ","price":1.6},{"type":"B","date":"2018-04-12T01:52:14.000Z","volume":10000,"label":"Y","price":1.6},{"type":"B","date":"2018-04-12T01:52:14.000Z","volume":10000,"label":" ","price":1.6},{"type":"B","date":"2018-04-12T01:52:14.000Z","volume":60000,"label":" ","price":1.6},{"type":"B","date":"2018-04-12T01:52:14.000Z","volume":20000,"label":" ","price":1.6},{"type":"A","date":"2018-04-12T01:52:36.000Z","volume":10000,"label":" ","price":1.6},{"type":"A","date":"2018-04-12T02:13:23.000Z","volume":100000,"label":" ","price":1.6},{"type":"A","date":"2018-04-12T02:16:06.000Z","volume":10000,"label":" ","price":1.6},{"type":"A","date":"2018-04-12T02:16:34.000Z","volume":20000,"label":" ","price":1.6},{"type":"A","date":"2018-04-12T02:18:34.000Z","volume":20000,"label":" ","price":1.6},{"type":"A","date":"2018-04-12T02:18:49.000Z","volume":20000,"label":" ","price":1.6},{"type":"A","date":"2018-04-12T02:18:50.000Z","volume":10000,"label":" ","price":1.6},{"type":"A","date":"2018-04-12T02:18:58.000Z","volume":500000,"label":" ","price":1.6},{"type":"A","date":"2018-04-12T02:20:33.000Z","volume":50000,"label":" ","price":1.6},{"type":"A","date":"2018-04-12T02:20:33.000Z","volume":20000,"label":" ","price":1.6},{"type":"B","date":"2018-04-12T02:20:52.000Z","volume":30000,"label":" ","price":1.59},{"type":"A","date":"2018-04-12T02:22:15.000Z","volume":20000,"label":" ","price":1.6},{"type":"A","date":"2018-04-12T02:24:15.000Z","volume":20000,"label":" ","price":1.6},{"type":"A","date":"2018-04-12T02:26:15.000Z","volume":20000,"label":" ","price":1.6},{"type":"A","date":"2018-04-12T02:27:21.000Z","volume":20000,"label":" ","price":1.6},{"type":"A","date":"2018-04-12T02:27:49.000Z","volume":20000,"label":" ","price":1.6},{"type":"A","date":"2018-04-12T02:29:47.000Z","volume":20000,"label":" ","price":1.6},{"type":"A","date":"2018-04-12T02:31:36.000Z","volume":20000,"label":" ","price":1.6},{"type":"A","date":"2018-04-12T02:33:25.000Z","volume":60000,"label":" ","price":1.6},{"type":"A","date":"2018-04-12T02:33:26.000Z","volume":20000,"label":" ","price":1.6},{"type":"A","date":"2018-04-12T02:35:17.000Z","volume":20000,"label":" ","price":1.6},{"type":"A","date":"2018-04-12T02:36:10.000Z","volume":10000,"label":" ","price":1.6},{"type":"A","date":"2018-04-12T02:36:57.000Z","volume":20000,"label":" ","price":1.6},{"type":"A","date":"2018-04-12T02:37:40.000Z","volume":10000,"label":" ","price":1.6},{"type":"A","date":"2018-04-12T02:38:37.000Z","volume":20000,"label":" ","price":1.6},{"type":"A","date":"2018-04-12T02:39:10.000Z","volume":10000,"label":" ","price":1.6},{"type":"B","date":"2018-04-12T02:39:20.000Z","volume":160000,"label":" ","price":1.59},{"type":"B","date":"2018-04-12T02:39:20.000Z","volume":40000,"label":" ","price":1.59},{"type":"A","date":"2018-04-12T02:39:20.000Z","volume":10000,"label":" ","price":1.6},{"type":"B","date":"2018-04-12T02:39:20.000Z","volume":10000,"label":" ","price":1.59},{"type":"B","date":"2018-04-12T02:39:20.000Z","volume":10000,"label":" ","price":1.59},{"type":"B","date":"2018-04-12T02:39:20.000Z","volume":10000,"label":" ","price":1.59},{"type":"A","date":"2018-04-12T02:39:26.000Z","volume":10000,"label":" ","price":1.59},{"type":"A","date":"2018-04-12T02:39:40.000Z","volume":10000,"label":" ","price":1.59},{"type":"A","date":"2018-04-12T02:41:10.000Z","volume":10000,"label":" ","price":1.59},{"type":"A","date":"2018-04-12T02:41:14.000Z","volume":30000,"label":" ","price":1.59},{"type":"A","date":"2018-04-12T02:42:40.000Z","volume":10000,"label":"Y","price":1.59},{"type":"A","date":"2018-04-12T02:44:10.000Z","volume":10000,"label":"Y","price":1.59},{"type":"A","date":"2018-04-12T02:45:38.000Z","volume":10000,"label":" ","price":1.59},{"type":"A","date":"2018-04-12T02:46:15.000Z","volume":10000,"label":" ","price":1.59},{"type":"A","date":"2018-04-12T02:49:10.000Z","volume":10000,"label":"Y","price":1.59},{"type":"A","date":"2018-04-12T02:49:10.000Z","volume":30000,"label":" ","price":1.59},{"type":"A","date":"2018-04-12T02:49:10.000Z","volume":10000,"label":" ","price":1.59},{"type":"A","date":"2018-04-12T02:51:47.000Z","volume":160000,"label":" ","price":1.59},{"type":"A","date":"2018-04-12T02:52:57.000Z","volume":30000,"label":" ","price":1.6},{"type":"B","date":"2018-04-12T02:57:49.000Z","volume":40000,"label":" ","price":1.59},{"type":"A","date":"2018-04-12T02:59:20.000Z","volume":10000,"label":" ","price":1.6},{"type":"B","date":"2018-04-12T03:01:38.000Z","volume":10000,"label":" ","price":1.59},{"type":"A","date":"2018-04-12T03:01:40.000Z","volume":10000,"label":" ","price":1.6},{"type":"B","date":"2018-04-12T03:01:52.000Z","volume":60000,"label":" ","price":1.59},{"type":"A","date":"2018-04-12T03:01:53.000Z","volume":10000,"label":" ","price":1.6},{"type":"A","date":"2018-04-12T03:03:40.000Z","volume":10000,"label":" ","price":1.6},{"type":"B","date":"2018-04-12T03:04:07.000Z","volume":40000,"label":" ","price":1.59},{"type":"A","date":"2018-04-12T03:04:08.000Z","volume":10000,"label":" ","price":1.6},{"type":"B","date":"2018-04-12T03:05:36.000Z","volume":30000,"label":" ","price":1.59},{"type":"A","date":"2018-04-12T03:05:41.000Z","volume":10000,"label":" ","price":1.6},{"type":"A","date":"2018-04-12T03:05:57.000Z","volume":10000,"label":" ","price":1.6},{"type":"A","date":"2018-04-12T03:07:41.000Z","volume":10000,"label":" ","price":1.6},{"type":"A","date":"2018-04-12T03:09:41.000Z","volume":10000,"label":" ","price":1.6},{"type":"B","date":"2018-04-12T03:09:48.000Z","volume":20000,"label":" ","price":1.59},{"type":"B","date":"2018-04-12T03:13:46.000Z","volume":30000,"label":" ","price":1.59},{"type":"B","date":"2018-04-12T03:14:59.000Z","volume":50000,"label":" ","price":1.59},{"type":"B","date":"2018-04-12T03:15:23.000Z","volume":20000,"label":" ","price":1.59},{"type":"A","date":"2018-04-12T03:17:02.000Z","volume":20000,"label":" ","price":1.6},{"type":"B","date":"2018-04-12T03:17:37.000Z","volume":10000,"label":" ","price":1.59},{"type":"B","date":"2018-04-12T03:20:15.000Z","volume":10000,"label":" ","price":1.59},{"type":"B","date":"2018-04-12T03:20:23.000Z","volume":30000,"label":" ","price":1.59},{"type":"A","date":"2018-04-12T03:21:11.000Z","volume":10000,"label":" ","price":1.6},{"type":"B","date":"2018-04-12T03:21:50.000Z","volume":10000,"label":" ","price":1.59},{"type":"B","date":"2018-04-12T03:22:46.000Z","volume":10000,"label":" ","price":1.59},{"type":"B","date":"2018-04-12T03:22:46.000Z","volume":30000,"label":"Y","price":1.59},{"type":"B","date":"2018-04-12T03:22:46.000Z","volume":20000,"label":" ","price":1.59},{"type":"A","date":"2018-04-12T03:25:06.000Z","volume":10000,"label":" ","price":1.59},{"type":"A","date":"2018-04-12T03:27:41.000Z","volume":10000,"label":" ","price":1.59},{"type":"A","date":"2018-04-12T03:29:11.000Z","volume":10000,"label":" ","price":1.59},{"type":"B","date":"2018-04-12T03:40:40.000Z","volume":20000,"label":" ","price":1.58},{"type":"A","date":"2018-04-12T03:40:41.000Z","volume":10000,"label":" ","price":1.59},{"type":"A","date":"2018-04-12T03:41:32.000Z","volume":500000,"label":" ","price":1.59},{"type":"A","date":"2018-04-12T03:41:33.000Z","volume":40000,"label":" ","price":1.59},{"type":"A","date":"2018-04-12T03:41:40.000Z","volume":20000,"label":" ","price":1.59},{"type":"A","date":"2018-04-12T03:42:12.000Z","volume":20000,"label":" ","price":1.59},{"type":"A","date":"2018-04-12T03:42:12.000Z","volume":20000,"label":" ","price":1.59},{"type":"A","date":"2018-04-12T03:43:12.000Z","volume":10000,"label":" ","price":1.59},{"type":"A","date":"2018-04-12T03:43:12.000Z","volume":20000,"label":" ","price":1.59},{"type":"A","date":"2018-04-12T03:43:12.000Z","volume":20000,"label":" ","price":1.59},{"type":"A","date":"2018-04-12T03:44:12.000Z","volume":10000,"label":" ","price":1.59},{"type":"A","date":"2018-04-12T03:44:12.000Z","volume":20000,"label":" ","price":1.59},{"type":"A","date":"2018-04-12T03:44:37.000Z","volume":20000,"label":" ","price":1.59},{"type":"A","date":"2018-04-12T03:44:54.000Z","volume":240000,"label":" ","price":1.59},{"type":"A","date":"2018-04-12T03:46:05.000Z","volume":20000,"label":" ","price":1.6},{"type":"B","date":"2018-04-12T03:46:56.000Z","volume":10000,"label":" ","price":1.59},{"type":"B","date":"2018-04-12T03:46:58.000Z","volume":10000,"label":" ","price":1.59},{"type":"A","date":"2018-04-12T03:48:26.000Z","volume":20000,"label":" ","price":1.6},{"type":"A","date":"2018-04-12T03:51:06.000Z","volume":20000,"label":" ","price":1.6},{"type":"A","date":"2018-04-12T03:51:42.000Z","volume":10000,"label":"Y","price":1.6},{"type":"A","date":"2018-04-12T03:52:42.000Z","volume":10000,"label":"Y","price":1.6},{"type":"A","date":"2018-04-12T03:53:12.000Z","volume":10000,"label":" ","price":1.6},{"type":"A","date":"2018-04-12T03:53:26.000Z","volume":20000,"label":" ","price":1.6},{"type":"B","date":"2018-04-12T03:54:00.000Z","volume":20000,"label":" ","price":1.59},{"type":"A","date":"2018-04-12T03:54:12.000Z","volume":10000,"label":" ","price":1.6},{"type":"B","date":"2018-04-12T03:55:08.000Z","volume":10000,"label":" ","price":1.59},{"type":"A","date":"2018-04-12T03:55:12.000Z","volume":10000,"label":" ","price":1.6},{"type":"B","date":"2018-04-12T03:55:32.000Z","volume":200000,"label":" ","price":1.59},{"type":"B","date":"2018-04-12T03:56:22.000Z","volume":50000,"label":" ","price":1.59},{"type":"B","date":"2018-04-12T03:58:42.000Z","volume":1890000,"label":" ","price":1.58},{"type":"A","date":"2018-04-12T03:59:30.000Z","volume":10000,"label":" ","price":1.58},{"type":"A","date":"2018-04-12T05:00:01.000Z","volume":150000,"label":" ","price":1.58},{"type":"B","date":"2018-04-12T05:00:02.000Z","volume":10000,"label":" ","price":1.58},{"type":"B","date":"2018-04-12T05:01:55.000Z","volume":1000000,"label":" ","price":1.58},{"type":"B","date":"2018-04-12T05:01:55.000Z","volume":10000,"label":" ","price":1.58},{"type":"B","date":"2018-04-12T05:01:55.000Z","volume":140000,"label":" ","price":1.58},{"type":"U","date":"2018-04-12T05:01:55.000Z","volume":30000,"label":"X","price":1.585},{"type":"B","date":"2018-04-12T05:01:55.000Z","volume":10000,"label":" ","price":1.57},{"type":"B","date":"2018-04-12T05:01:55.000Z","volume":10000,"label":" ","price":1.57},{"type":"B","date":"2018-04-12T05:01:55.000Z","volume":10000,"label":" ","price":1.58},{"type":"A","date":"2018-04-12T05:07:07.000Z","volume":820000,"label":" ","price":1.58},{"type":"B","date":"2018-04-12T05:07:07.000Z","volume":20000,"label":" ","price":1.58},{"type":"B","date":"2018-04-12T05:07:07.000Z","volume":10000,"label":" ","price":1.58},{"type":"B","date":"2018-04-12T05:07:38.000Z","volume":330000,"label":" ","price":1.58},{"type":"U","date":"2018-04-12T05:07:38.000Z","volume":10000,"label":"X","price":1.575},{"type":"A","date":"2018-04-12T05:08:25.000Z","volume":100000,"label":" ","price":1.58},{"type":"A","date":"2018-04-12T05:09:15.000Z","volume":1000000,"label":" ","price":1.58},{"type":"U","date":"2018-04-12T05:09:15.000Z","volume":30000,"label":"X","price":1.575},{"type":"U","date":"2018-04-12T05:09:15.000Z","volume":20000,"label":"X","price":1.575},{"type":"A","date":"2018-04-12T05:09:23.000Z","volume":260000,"label":" ","price":1.58},{"type":"A","date":"2018-04-12T05:09:23.000Z","volume":70000,"label":"Y","price":1.58},{"type":"A","date":"2018-04-12T05:09:23.000Z","volume":530000,"label":" ","price":1.58},{"type":"U","date":"2018-04-12T05:09:23.000Z","volume":10000,"label":"X","price":1.58},{"type":"A","date":"2018-04-12T05:09:52.000Z","volume":10000,"label":" ","price":1.58},{"type":"A","date":"2018-04-12T05:10:56.000Z","volume":20000,"label":" ","price":1.58},{"type":"A","date":"2018-04-12T05:11:46.000Z","volume":70000,"label":" ","price":1.58},{"type":"A","date":"2018-04-12T05:12:56.000Z","volume":360000,"label":" ","price":1.58},{"type":"B","date":"2018-04-12T05:13:21.000Z","volume":200000,"label":" ","price":1.58},{"type":"B","date":"2018-04-12T05:13:21.000Z","volume":120000,"label":" ","price":1.58},{"type":"A","date":"2018-04-12T05:16:54.000Z","volume":50000,"label":" ","price":1.58},{"type":"A","date":"2018-04-12T05:16:59.000Z","volume":180000,"label":" ","price":1.58},{"type":"A","date":"2018-04-12T05:22:17.000Z","volume":20000,"label":" ","price":1.59},{"type":"A","date":"2018-04-12T05:25:18.000Z","volume":20000,"label":" ","price":1.59},{"type":"A","date":"2018-04-12T05:27:51.000Z","volume":20000,"label":" ","price":1.59},{"type":"A","date":"2018-04-12T05:28:27.000Z","volume":10000,"label":"Y","price":1.59},{"type":"A","date":"2018-04-12T05:28:27.000Z","volume":70000,"label":" ","price":1.59},{"type":"A","date":"2018-04-12T05:29:50.000Z","volume":50000,"label":" ","price":1.59},{"type":"A","date":"2018-04-12T05:29:57.000Z","volume":20000,"label":" ","price":1.59},{"type":"A","date":"2018-04-12T05:30:40.000Z","volume":20000,"label":" ","price":1.59},{"type":"A","date":"2018-04-12T05:35:31.000Z","volume":20000,"label":" ","price":1.59},{"type":"A","date":"2018-04-12T05:35:57.000Z","volume":40000,"label":" ","price":1.59},{"type":"A","date":"2018-04-12T05:36:40.000Z","volume":10000,"label":" ","price":1.59},{"type":"A","date":"2018-04-12T05:38:21.000Z","volume":10000,"label":" ","price":1.59},{"type":"A","date":"2018-04-12T05:38:57.000Z","volume":20000,"label":" ","price":1.59},{"type":"A","date":"2018-04-12T05:40:02.000Z","volume":10000,"label":" ","price":1.59},{"type":"A","date":"2018-04-12T05:41:42.000Z","volume":10000,"label":" ","price":1.59},{"type":"A","date":"2018-04-12T05:41:57.000Z","volume":20000,"label":"Y","price":1.59},{"type":"A","date":"2018-04-12T05:43:22.000Z","volume":10000,"label":" ","price":1.59},{"type":"A","date":"2018-04-12T05:44:57.000Z","volume":20000,"label":"Y","price":1.59},{"type":"A","date":"2018-04-12T05:44:58.000Z","volume":10000,"label":" ","price":1.59},{"type":"A","date":"2018-04-12T05:47:00.000Z","volume":10000,"label":" ","price":1.59},{"type":"A","date":"2018-04-12T05:47:57.000Z","volume":10000,"label":"Y","price":1.59},{"type":"A","date":"2018-04-12T05:47:57.000Z","volume":10000,"label":" ","price":1.59},{"type":"A","date":"2018-04-12T05:47:58.000Z","volume":20000,"label":" ","price":1.59},{"type":"A","date":"2018-04-12T05:51:25.000Z","volume":20000,"label":" ","price":1.59},{"type":"A","date":"2018-04-12T05:53:43.000Z","volume":20000,"label":" ","price":1.59},{"type":"A","date":"2018-04-12T05:57:20.000Z","volume":40000,"label":" ","price":1.59},{"type":"B","date":"2018-04-12T05:58:14.000Z","volume":50000,"label":" ","price":1.58},{"type":"A","date":"2018-04-12T05:59:02.000Z","volume":20000,"label":" ","price":1.59},{"type":"B","date":"2018-04-12T06:00:21.000Z","volume":10000,"label":" ","price":1.58},{"type":"A","date":"2018-04-12T06:00:28.000Z","volume":20000,"label":" ","price":1.59},{"type":"B","date":"2018-04-12T06:00:43.000Z","volume":10000,"label":" ","price":1.58},{"type":"A","date":"2018-04-12T06:02:04.000Z","volume":20000,"label":" ","price":1.59},{"type":"A","date":"2018-04-12T06:03:28.000Z","volume":20000,"label":" ","price":1.59},{"type":"A","date":"2018-04-12T06:04:45.000Z","volume":20000,"label":" ","price":1.59},{"type":"A","date":"2018-04-12T06:06:30.000Z","volume":20000,"label":" ","price":1.59},{"type":"A","date":"2018-04-12T06:07:05.000Z","volume":20000,"label":" ","price":1.59},{"type":"A","date":"2018-04-12T06:09:45.000Z","volume":20000,"label":" ","price":1.59},{"type":"A","date":"2018-04-12T06:09:52.000Z","volume":20000,"label":" ","price":1.59},{"type":"A","date":"2018-04-12T06:12:06.000Z","volume":20000,"label":" ","price":1.59},{"type":"A","date":"2018-04-12T06:14:46.000Z","volume":20000,"label":" ","price":1.59},{"type":"B","date":"2018-04-12T06:16:27.000Z","volume":90000,"label":" ","price":1.58},{"type":"A","date":"2018-04-12T06:16:27.000Z","volume":20000,"label":" ","price":1.59},{"type":"A","date":"2018-04-12T06:18:26.000Z","volume":20000,"label":" ","price":1.59},{"type":"A","date":"2018-04-12T06:20:26.000Z","volume":20000,"label":" ","price":1.59},{"type":"A","date":"2018-04-12T06:22:15.000Z","volume":20000,"label":" ","price":1.59},{"type":"A","date":"2018-04-12T06:24:07.000Z","volume":20000,"label":" ","price":1.59},{"type":"A","date":"2018-04-12T06:26:07.000Z","volume":20000,"label":" ","price":1.59},{"type":"A","date":"2018-04-12T06:27:47.000Z","volume":20000,"label":" ","price":1.59},{"type":"A","date":"2018-04-12T06:29:39.000Z","volume":20000,"label":" ","price":1.59},{"type":"B","date":"2018-04-12T06:30:19.000Z","volume":10000,"label":" ","price":1.58},{"type":"A","date":"2018-04-12T06:30:59.000Z","volume":20000,"label":" ","price":1.59},{"type":"B","date":"2018-04-12T06:32:12.000Z","volume":10000,"label":" ","price":1.58},{"type":"B","date":"2018-04-12T06:32:19.000Z","volume":60000,"label":"Y","price":1.58},{"type":"B","date":"2018-04-12T06:32:19.000Z","volume":310000,"label":" ","price":1.58},{"type":"B","date":"2018-04-12T06:32:19.000Z","volume":220000,"label":" ","price":1.58},{"type":"B","date":"2018-04-12T06:32:19.000Z","volume":80000,"label":" ","price":1.58},{"type":"B","date":"2018-04-12T06:32:19.000Z","volume":60000,"label":" ","price":1.58},{"type":"B","date":"2018-04-12T06:33:05.000Z","volume":40000,"label":" ","price":1.58},{"type":"A","date":"2018-04-12T06:33:59.000Z","volume":10000,"label":"Y","price":1.59},{"type":"A","date":"2018-04-12T06:33:59.000Z","volume":10000,"label":" ","price":1.59},{"type":"B","date":"2018-04-12T06:34:11.000Z","volume":10000,"label":" ","price":1.58},{"type":"B","date":"2018-04-12T06:34:14.000Z","volume":60000,"label":" ","price":1.58},{"type":"A","date":"2018-04-12T06:37:29.000Z","volume":20000,"label":" ","price":1.59},{"type":"A","date":"2018-04-12T06:40:29.000Z","volume":20000,"label":" ","price":1.59},{"type":"A","date":"2018-04-12T06:43:29.000Z","volume":20000,"label":" ","price":1.59},{"type":"A","date":"2018-04-12T06:45:15.000Z","volume":80000,"label":" ","price":1.59},{"type":"A","date":"2018-04-12T06:46:29.000Z","volume":20000,"label":" ","price":1.59},{"type":"A","date":"2018-04-12T06:49:29.000Z","volume":20000,"label":" ","price":1.59},{"type":"B","date":"2018-04-12T06:49:46.000Z","volume":10000,"label":" ","price":1.58},{"type":"A","date":"2018-04-12T06:52:30.000Z","volume":20000,"label":" ","price":1.59},{"type":"A","date":"2018-04-12T06:52:59.000Z","volume":20000,"label":" ","price":1.59},{"type":"A","date":"2018-04-12T06:54:11.000Z","volume":20000,"label":" ","price":1.59},{"type":"A","date":"2018-04-12T06:55:51.000Z","volume":20000,"label":" ","price":1.59},{"type":"U","date":"2018-04-12T06:55:51.000Z","volume":10000,"label":"X","price":1.585},{"type":"A","date":"2018-04-12T06:56:00.000Z","volume":20000,"label":" ","price":1.59},{"type":"A","date":"2018-04-12T06:57:31.000Z","volume":20000,"label":" ","price":1.59},{"type":"A","date":"2018-04-12T06:59:00.000Z","volume":10000,"label":"Y","price":1.59},{"type":"A","date":"2018-04-12T06:59:00.000Z","volume":10000,"label":" ","price":1.59},{"type":"A","date":"2018-04-12T06:59:11.000Z","volume":20000,"label":" ","price":1.59},{"type":"A","date":"2018-04-12T07:01:51.000Z","volume":20000,"label":" ","price":1.59},{"type":"A","date":"2018-04-12T07:02:00.000Z","volume":20000,"label":" ","price":1.59},{"type":"A","date":"2018-04-12T07:04:52.000Z","volume":20000,"label":" ","price":1.59},{"type":"A","date":"2018-04-12T07:05:00.000Z","volume":20000,"label":" ","price":1.59},{"type":"B","date":"2018-04-12T07:05:42.000Z","volume":60000,"label":" ","price":1.58},{"type":"U","date":"2018-04-12T07:05:48.000Z","volume":10000,"label":"X","price":1.585},{"type":"U","date":"2018-04-12T07:06:09.000Z","volume":10000,"label":"X","price":1.585},{"type":"A","date":"2018-04-12T07:08:00.000Z","volume":20000,"label":" ","price":1.59},{"type":"A","date":"2018-04-12T07:08:00.000Z","volume":20000,"label":" ","price":1.59},{"type":"B","date":"2018-04-12T07:08:19.000Z","volume":30000,"label":"Y","price":1.58},{"type":"A","date":"2018-04-12T07:11:00.000Z","volume":20000,"label":" ","price":1.59},{"type":"A","date":"2018-04-12T07:11:13.000Z","volume":20000,"label":" ","price":1.59},{"type":"A","date":"2018-04-12T07:11:44.000Z","volume":570000,"label":" ","price":1.59},{"type":"U","date":"2018-04-12T07:11:44.000Z","volume":10000,"label":"X","price":1.585},{"type":"B","date":"2018-04-12T07:11:48.000Z","volume":20000,"label":" ","price":1.58},{"type":"U","date":"2018-04-12T07:13:58.000Z","volume":20000,"label":"X","price":1.585},{"type":"A","date":"2018-04-12T07:14:00.000Z","volume":20000,"label":" ","price":1.59},{"type":"A","date":"2018-04-12T07:14:13.000Z","volume":20000,"label":" ","price":1.59},{"type":"U","date":"2018-04-12T07:15:49.000Z","volume":20000,"label":"X","price":1.585},{"type":"A","date":"2018-04-12T07:16:13.000Z","volume":20000,"label":" ","price":1.59},{"type":"A","date":"2018-04-12T07:17:30.000Z","volume":20000,"label":" ","price":1.59},{"type":"A","date":"2018-04-12T07:17:33.000Z","volume":20000,"label":" ","price":1.59},{"type":"U","date":"2018-04-12T07:17:48.000Z","volume":30000,"label":"X","price":1.585},{"type":"A","date":"2018-04-12T07:19:34.000Z","volume":20000,"label":" ","price":1.59},{"type":"U","date":"2018-04-12T07:19:47.000Z","volume":30000,"label":"X","price":1.585},{"type":"A","date":"2018-04-12T07:20:30.000Z","volume":20000,"label":" ","price":1.59},{"type":"U","date":"2018-04-12T07:20:45.000Z","volume":40000,"label":"X","price":1.585},{"type":"A","date":"2018-04-12T07:20:54.000Z","volume":20000,"label":" ","price":1.59},{"type":"A","date":"2018-04-12T07:22:34.000Z","volume":20000,"label":" ","price":1.59},{"type":"U","date":"2018-04-12T07:22:50.000Z","volume":10000,"label":"X","price":1.585},{"type":"A","date":"2018-04-12T07:23:30.000Z","volume":20000,"label":" ","price":1.59},{"type":"A","date":"2018-04-12T07:23:54.000Z","volume":20000,"label":" ","price":1.59},{"type":"A","date":"2018-04-12T07:24:26.000Z","volume":70000,"label":" ","price":1.59},{"type":"U","date":"2018-04-12T07:24:46.000Z","volume":10000,"label":"X","price":1.585},{"type":"A","date":"2018-04-12T07:25:34.000Z","volume":20000,"label":" ","price":1.59},{"type":"U","date":"2018-04-12T07:25:43.000Z","volume":10000,"label":"X","price":1.585},{"type":"A","date":"2018-04-12T07:26:31.000Z","volume":20000,"label":" ","price":1.59},{"type":"A","date":"2018-04-12T07:27:15.000Z","volume":20000,"label":" ","price":1.59},{"type":"A","date":"2018-04-12T07:28:07.000Z","volume":100000,"label":" ","price":1.59},{"type":"A","date":"2018-04-12T07:28:31.000Z","volume":80000,"label":" ","price":1.59},{"type":"A","date":"2018-04-12T07:28:35.000Z","volume":20000,"label":" ","price":1.59},{"type":"A","date":"2018-04-12T07:30:15.000Z","volume":20000,"label":" ","price":1.59},{"type":"A","date":"2018-04-12T07:31:26.000Z","volume":20000,"label":" ","price":1.59},{"type":"A","date":"2018-04-12T07:32:33.000Z","volume":20000,"label":" ","price":1.59},{"type":"A","date":"2018-04-12T07:33:01.000Z","volume":20000,"label":" ","price":1.59},{"type":"A","date":"2018-04-12T07:33:55.000Z","volume":20000,"label":" ","price":1.59},{"type":"B","date":"2018-04-12T07:34:27.000Z","volume":20000,"label":" ","price":1.58},{"type":"A","date":"2018-04-12T07:34:56.000Z","volume":20000,"label":" ","price":1.59},{"type":"A","date":"2018-04-12T07:35:56.000Z","volume":20000,"label":" ","price":1.59},{"type":"A","date":"2018-04-12T07:36:56.000Z","volume":10000,"label":" ","price":1.59},{"type":"A","date":"2018-04-12T07:37:22.000Z","volume":470000,"label":" ","price":1.59},{"type":"A","date":"2018-04-12T07:37:22.000Z","volume":10000,"label":" ","price":1.6},{"type":"B","date":"2018-04-12T07:37:22.000Z","volume":10000,"label":" ","price":1.59},{"type":"B","date":"2018-04-12T07:37:22.000Z","volume":10000,"label":" ","price":1.59},{"type":"U","date":"2018-04-12T07:37:41.000Z","volume":10000,"label":"X","price":1.595},{"type":"A","date":"2018-04-12T07:37:51.000Z","volume":10000,"label":" ","price":1.6},{"type":"A","date":"2018-04-12T07:38:36.000Z","volume":10000,"label":" ","price":1.6},{"type":"A","date":"2018-04-12T07:38:56.000Z","volume":10000,"label":" ","price":1.6},{"type":"A","date":"2018-04-12T07:39:16.000Z","volume":10000,"label":" ","price":1.6},{"type":"A","date":"2018-04-12T07:39:56.000Z","volume":10000,"label":" ","price":1.6},{"type":"A","date":"2018-04-12T07:40:16.000Z","volume":10000,"label":" ","price":1.6},{"type":"A","date":"2018-04-12T07:40:56.000Z","volume":10000,"label":" ","price":1.6},{"type":"A","date":"2018-04-12T07:41:16.000Z","volume":10000,"label":" ","price":1.6},{"type":"A","date":"2018-04-12T07:41:56.000Z","volume":10000,"label":" ","price":1.6},{"type":"A","date":"2018-04-12T07:42:17.000Z","volume":10000,"label":" ","price":1.6},{"type":"A","date":"2018-04-12T07:42:57.000Z","volume":10000,"label":" ","price":1.6},{"type":"A","date":"2018-04-12T07:43:17.000Z","volume":10000,"label":" ","price":1.6},{"type":"A","date":"2018-04-12T07:43:57.000Z","volume":10000,"label":" ","price":1.6},{"type":"U","date":"2018-04-12T07:43:57.000Z","volume":10000,"label":"X","price":1.595},{"type":"B","date":"2018-04-12T07:43:57.000Z","volume":10000,"label":" ","price":1.59},{"type":"A","date":"2018-04-12T07:44:17.000Z","volume":10000,"label":" ","price":1.6},{"type":"A","date":"2018-04-12T07:44:57.000Z","volume":10000,"label":" ","price":1.6},{"type":"A","date":"2018-04-12T07:45:22.000Z","volume":10000,"label":" ","price":1.6},{"type":"A","date":"2018-04-12T07:45:57.000Z","volume":10000,"label":" ","price":1.6},{"type":"A","date":"2018-04-12T07:46:17.000Z","volume":10000,"label":" ","price":1.6},{"type":"B","date":"2018-04-12T07:46:30.000Z","volume":10000,"label":" ","price":1.59},{"type":"A","date":"2018-04-12T07:46:57.000Z","volume":10000,"label":" ","price":1.6},{"type":"U","date":"2018-04-12T07:47:06.000Z","volume":10000,"label":"X","price":1.6},{"type":"A","date":"2018-04-12T07:47:17.000Z","volume":10000,"label":" ","price":1.6},{"type":"U","date":"2018-04-12T07:47:43.000Z","volume":20000,"label":"X","price":1.59},{"type":"A","date":"2018-04-12T07:47:43.000Z","volume":10000,"label":" ","price":1.6},{"type":"A","date":"2018-04-12T07:48:09.000Z","volume":10000,"label":" ","price":1.6},{"type":"A","date":"2018-04-12T07:48:37.000Z","volume":10000,"label":" ","price":1.6},{"type":"A","date":"2018-04-12T07:49:17.000Z","volume":10000,"label":" ","price":1.6},{"type":"A","date":"2018-04-12T07:49:37.000Z","volume":10000,"label":" ","price":1.6},{"type":"U","date":"2018-04-12T07:50:17.000Z","volume":10000,"label":"X","price":1.59},{"type":"A","date":"2018-04-12T07:50:17.000Z","volume":10000,"label":" ","price":1.6},{"type":"A","date":"2018-04-12T07:50:38.000Z","volume":10000,"label":" ","price":1.6},{"type":"A","date":"2018-04-12T07:50:58.000Z","volume":10000,"label":" ","price":1.6},{"type":"B","date":"2018-04-12T07:51:35.000Z","volume":20000,"label":" ","price":1.59},{"type":"A","date":"2018-04-12T07:51:35.000Z","volume":10000,"label":" ","price":1.6},{"type":"A","date":"2018-04-12T07:51:58.000Z","volume":10000,"label":" ","price":1.6},{"type":"U","date":"2018-04-12T07:52:13.000Z","volume":10000,"label":"X","price":1.59},{"type":"A","date":"2018-04-12T07:52:18.000Z","volume":10000,"label":" ","price":1.6},{"type":"A","date":"2018-04-12T07:52:31.000Z","volume":20000,"label":" ","price":1.6},{"type":"A","date":"2018-04-12T07:52:51.000Z","volume":10000,"label":" ","price":1.6},{"type":"A","date":"2018-04-12T07:53:18.000Z","volume":10000,"label":" ","price":1.6},{"type":"U","date":"2018-04-12T07:53:25.000Z","volume":10000,"label":"X","price":1.59},{"type":"A","date":"2018-04-12T07:53:58.000Z","volume":10000,"label":" ","price":1.6},{"type":"A","date":"2018-04-12T07:54:10.000Z","volume":10000,"label":" ","price":1.6},{"type":"A","date":"2018-04-12T07:54:38.000Z","volume":10000,"label":" ","price":1.6},{"type":"A","date":"2018-04-12T07:55:01.000Z","volume":20000,"label":" ","price":1.6},{"type":"A","date":"2018-04-12T07:55:18.000Z","volume":10000,"label":" ","price":1.6},{"type":"A","date":"2018-04-12T07:55:38.000Z","volume":10000,"label":" ","price":1.6},{"type":"A","date":"2018-04-12T07:56:02.000Z","volume":10000,"label":" ","price":1.6},{"type":"A","date":"2018-04-12T07:56:31.000Z","volume":20000,"label":" ","price":1.6},{"type":"A","date":"2018-04-12T07:56:32.000Z","volume":10000,"label":" ","price":1.6},{"type":"A","date":"2018-04-12T07:56:58.000Z","volume":10000,"label":" ","price":1.6},{"type":"B","date":"2018-04-12T07:57:07.000Z","volume":10000,"label":" ","price":1.59},{"type":"U","date":"2018-04-12T07:57:07.000Z","volume":10000,"label":"X","price":1.59},{"type":"A","date":"2018-04-12T07:57:38.000Z","volume":10000,"label":" ","price":1.6},{"type":"A","date":"2018-04-12T07:57:58.000Z","volume":10000,"label":" ","price":1.6},{"type":"U","date":"2018-04-12T07:58:23.000Z","volume":10000,"label":"X","price":1.6},{"type":"A","date":"2018-04-12T07:58:24.000Z","volume":10000,"label":" ","price":1.6},{"type":"A","date":"2018-04-12T07:58:52.000Z","volume":10000,"label":" ","price":1.6},{"type":"B","date":"2018-04-12T07:59:00.000Z","volume":20000,"label":" ","price":1.59},{"type":"A","date":"2018-04-12T07:59:02.000Z","volume":30000,"label":" ","price":1.6},{"type":"B","date":"2018-04-12T07:59:06.000Z","volume":10000,"label":" ","price":1.59},{"type":"A","date":"2018-04-12T07:59:19.000Z","volume":10000,"label":" ","price":1.6},{"type":"B","date":"2018-04-12T07:59:44.000Z","volume":10000,"label":" ","price":1.59},{"type":"A","date":"2018-04-12T07:59:45.000Z","volume":10000,"label":" ","price":1.6},{"type":"B","date":"2018-04-12T07:59:45.000Z","volume":20000,"label":" ","price":1.59},{"type":"U","date":"2018-04-12T08:08:38.000Z","volume":640000,"label":"U","price":1.59}]