[{"type":"U","date":"2018-03-23T01:05:00.000Z","volume":270000,"label":"P","price":10.575},{"type":"U","date":"2018-03-23T01:05:00.000Z","volume":30000,"label":"P","price":10.576},{"type":"U","date":"2018-03-23T01:20:00.000Z","volume":46000,"label":"U","price":10.08},{"type":"A","date":"2018-03-23T01:30:00.000Z","volume":2000,"label":" ","price":10.08},{"type":"U","date":"2018-03-23T01:30:02.000Z","volume":535,"label":"D","price":10.08},{"type":"A","date":"2018-03-23T01:30:03.000Z","volume":4000,"label":" ","price":10.1},{"type":"A","date":"2018-03-23T01:30:03.000Z","volume":10000,"label":" ","price":10.12},{"type":"U","date":"2018-03-23T01:30:04.000Z","volume":2000,"label":" ","price":10.1},{"type":"U","date":"2018-03-23T01:30:05.000Z","volume":2000,"label":" ","price":10.1},{"type":"A","date":"2018-03-23T01:30:06.000Z","volume":2000,"label":" ","price":10.16},{"type":"A","date":"2018-03-23T01:30:06.000Z","volume":2000,"label":" ","price":10.16},{"type":"A","date":"2018-03-23T01:30:07.000Z","volume":2000,"label":" ","price":10.16},{"type":"A","date":"2018-03-23T01:30:07.000Z","volume":14000,"label":" ","price":10.16},{"type":"A","date":"2018-03-23T01:30:07.000Z","volume":2000,"label":" ","price":10.16},{"type":"A","date":"2018-03-23T01:30:08.000Z","volume":4000,"label":" ","price":10.18},{"type":"A","date":"2018-03-23T01:30:08.000Z","volume":26000,"label":" ","price":10.18},{"type":"A","date":"2018-03-23T01:30:08.000Z","volume":2000,"label":" ","price":10.28},{"type":"A","date":"2018-03-23T01:30:10.000Z","volume":6000,"label":" ","price":10.36},{"type":"U","date":"2018-03-23T01:30:11.000Z","volume":4000,"label":" ","price":10.34},{"type":"A","date":"2018-03-23T01:30:11.000Z","volume":2000,"label":" ","price":10.38},{"type":"A","date":"2018-03-23T01:30:15.000Z","volume":2000,"label":" ","price":10.4},{"type":"A","date":"2018-03-23T01:30:20.000Z","volume":2000,"label":" ","price":10.4},{"type":"A","date":"2018-03-23T01:30:20.000Z","volume":2000,"label":" ","price":10.58},{"type":"B","date":"2018-03-23T01:30:36.000Z","volume":2000,"label":" ","price":10.42},{"type":"U","date":"2018-03-23T01:30:36.000Z","volume":2000,"label":"X","price":10.42},{"type":"U","date":"2018-03-23T01:30:36.000Z","volume":2000,"label":"X","price":10.42},{"type":"A","date":"2018-03-23T01:30:38.000Z","volume":2000,"label":" ","price":10.42},{"type":"B","date":"2018-03-23T01:30:42.000Z","volume":2000,"label":" ","price":10.36},{"type":"B","date":"2018-03-23T01:30:45.000Z","volume":2000,"label":" ","price":10.32},{"type":"U","date":"2018-03-23T01:30:47.000Z","volume":2000,"label":" ","price":10.36},{"type":"U","date":"2018-03-23T01:30:47.000Z","volume":2000,"label":" ","price":10.36},{"type":"B","date":"2018-03-23T01:30:54.000Z","volume":2000,"label":" ","price":10.32},{"type":"B","date":"2018-03-23T01:31:10.000Z","volume":6000,"label":" ","price":10.26},{"type":"U","date":"2018-03-23T01:33:02.000Z","volume":10000,"label":" ","price":10.14},{"type":"B","date":"2018-03-23T01:33:02.000Z","volume":14000,"label":" ","price":10.12},{"type":"A","date":"2018-03-23T01:33:02.000Z","volume":4000,"label":" ","price":10.16},{"type":"U","date":"2018-03-23T01:33:03.000Z","volume":4000,"label":" ","price":10.14},{"type":"A","date":"2018-03-23T01:33:07.000Z","volume":2000,"label":" ","price":10.16},{"type":"A","date":"2018-03-23T01:33:07.000Z","volume":20000,"label":" ","price":10.16},{"type":"A","date":"2018-03-23T01:33:08.000Z","volume":2000,"label":" ","price":10.18},{"type":"A","date":"2018-03-23T01:33:12.000Z","volume":2000,"label":"Y","price":10.18},{"type":"A","date":"2018-03-23T01:33:12.000Z","volume":2000,"label":" ","price":10.18},{"type":"A","date":"2018-03-23T01:33:13.000Z","volume":2000,"label":" ","price":10.18},{"type":"A","date":"2018-03-23T01:33:15.000Z","volume":116000,"label":" ","price":10.18},{"type":"A","date":"2018-03-23T01:33:15.000Z","volume":6000,"label":" ","price":10.22},{"type":"A","date":"2018-03-23T01:33:15.000Z","volume":2000,"label":" ","price":10.24},{"type":"A","date":"2018-03-23T01:33:15.000Z","volume":2000,"label":" ","price":10.26},{"type":"A","date":"2018-03-23T01:33:15.000Z","volume":2000,"label":" ","price":10.26},{"type":"U","date":"2018-03-23T01:33:17.000Z","volume":16000,"label":" ","price":10.36},{"type":"A","date":"2018-03-23T01:33:18.000Z","volume":8000,"label":" ","price":10.38},{"type":"B","date":"2018-03-23T01:33:20.000Z","volume":8000,"label":" ","price":10.34},{"type":"B","date":"2018-03-23T01:33:22.000Z","volume":6000,"label":" ","price":10.34},{"type":"U","date":"2018-03-23T01:33:24.000Z","volume":2000,"label":" ","price":10.36},{"type":"B","date":"2018-03-23T01:33:26.000Z","volume":6000,"label":" ","price":10.34},{"type":"B","date":"2018-03-23T01:33:27.000Z","volume":4000,"label":" ","price":10.3},{"type":"B","date":"2018-03-23T01:33:32.000Z","volume":2000,"label":" ","price":10.3},{"type":"B","date":"2018-03-23T01:34:15.000Z","volume":2000,"label":" ","price":10.3},{"type":"B","date":"2018-03-23T01:34:15.000Z","volume":10000,"label":" ","price":10.3},{"type":"B","date":"2018-03-23T01:34:15.000Z","volume":10000,"label":" ","price":10.26},{"type":"B","date":"2018-03-23T01:34:15.000Z","volume":8000,"label":" ","price":10.3},{"type":"U","date":"2018-03-23T01:34:18.000Z","volume":4000,"label":" ","price":10.28},{"type":"U","date":"2018-03-23T01:35:11.000Z","volume":4000,"label":" ","price":10.22},{"type":"U","date":"2018-03-23T01:35:17.000Z","volume":2000,"label":"X","price":10.22},{"type":"B","date":"2018-03-23T01:35:17.000Z","volume":14000,"label":" ","price":10.2},{"type":"A","date":"2018-03-23T01:35:21.000Z","volume":2000,"label":" ","price":10.22},{"type":"B","date":"2018-03-23T01:35:23.000Z","volume":2000,"label":" ","price":10.18},{"type":"B","date":"2018-03-23T01:35:24.000Z","volume":90000,"label":" ","price":10.18},{"type":"B","date":"2018-03-23T01:35:24.000Z","volume":6000,"label":" ","price":10.14},{"type":"B","date":"2018-03-23T01:35:24.000Z","volume":14000,"label":" ","price":10.14},{"type":"A","date":"2018-03-23T01:35:28.000Z","volume":14000,"label":" ","price":10.22},{"type":"A","date":"2018-03-23T01:35:57.000Z","volume":10000,"label":" ","price":10.2},{"type":"A","date":"2018-03-23T01:36:30.000Z","volume":22000,"label":" ","price":10.2},{"type":"A","date":"2018-03-23T01:36:30.000Z","volume":40000,"label":" ","price":10.2},{"type":"A","date":"2018-03-23T01:36:32.000Z","volume":12000,"label":" ","price":10.22},{"type":"A","date":"2018-03-23T01:36:32.000Z","volume":2000,"label":" ","price":10.22},{"type":"A","date":"2018-03-23T01:36:32.000Z","volume":12000,"label":" ","price":10.24},{"type":"A","date":"2018-03-23T01:36:33.000Z","volume":4000,"label":" ","price":10.3},{"type":"A","date":"2018-03-23T01:36:34.000Z","volume":2000,"label":" ","price":10.34},{"type":"A","date":"2018-03-23T01:36:34.000Z","volume":8000,"label":" ","price":10.34},{"type":"B","date":"2018-03-23T01:36:36.000Z","volume":4000,"label":" ","price":10.32},{"type":"A","date":"2018-03-23T01:36:42.000Z","volume":4000,"label":" ","price":10.34},{"type":"A","date":"2018-03-23T01:37:12.000Z","volume":2000,"label":" ","price":10.34},{"type":"B","date":"2018-03-23T01:37:53.000Z","volume":2000,"label":" ","price":10.28},{"type":"B","date":"2018-03-23T01:37:53.000Z","volume":14000,"label":" ","price":10.28},{"type":"A","date":"2018-03-23T01:39:20.000Z","volume":2000,"label":" ","price":10.3},{"type":"U","date":"2018-03-23T01:39:24.000Z","volume":2000,"label":" ","price":10.28},{"type":"B","date":"2018-03-23T01:39:24.000Z","volume":4000,"label":" ","price":10.24},{"type":"U","date":"2018-03-23T01:39:30.000Z","volume":2000,"label":" ","price":10.26},{"type":"U","date":"2018-03-23T01:40:16.000Z","volume":4000,"label":" ","price":10.24},{"type":"B","date":"2018-03-23T01:41:12.000Z","volume":18000,"label":" ","price":10.22},{"type":"A","date":"2018-03-23T01:42:29.000Z","volume":26000,"label":" ","price":10.24},{"type":"B","date":"2018-03-23T01:42:29.000Z","volume":42000,"label":" ","price":10.22},{"type":"B","date":"2018-03-23T01:42:29.000Z","volume":6000,"label":" ","price":10.22},{"type":"B","date":"2018-03-23T01:42:29.000Z","volume":4000,"label":" ","price":10.22},{"type":"U","date":"2018-03-23T01:42:31.000Z","volume":2000,"label":" ","price":10.24},{"type":"A","date":"2018-03-23T01:42:33.000Z","volume":2000,"label":" ","price":10.26},{"type":"B","date":"2018-03-23T01:42:34.000Z","volume":2000,"label":" ","price":10.2},{"type":"U","date":"2018-03-23T01:43:34.000Z","volume":2000,"label":" ","price":10.24},{"type":"U","date":"2018-03-23T01:43:35.000Z","volume":2000,"label":" ","price":10.24},{"type":"B","date":"2018-03-23T01:44:41.000Z","volume":8000,"label":" ","price":10.2},{"type":"U","date":"2018-03-23T01:44:44.000Z","volume":2000,"label":" ","price":10.22},{"type":"A","date":"2018-03-23T01:44:47.000Z","volume":2000,"label":" ","price":10.24},{"type":"A","date":"2018-03-23T01:44:47.000Z","volume":4000,"label":" ","price":10.24},{"type":"U","date":"2018-03-23T01:45:09.000Z","volume":2000,"label":"X","price":10.23},{"type":"B","date":"2018-03-23T01:48:20.000Z","volume":2000,"label":" ","price":10.3},{"type":"B","date":"2018-03-23T01:48:40.000Z","volume":2000,"label":" ","price":10.3},{"type":"B","date":"2018-03-23T01:51:16.000Z","volume":20000,"label":" ","price":10.3},{"type":"B","date":"2018-03-23T01:51:16.000Z","volume":20000,"label":" ","price":10.3},{"type":"B","date":"2018-03-23T01:52:05.000Z","volume":12000,"label":" ","price":10.28},{"type":"B","date":"2018-03-23T01:52:05.000Z","volume":2000,"label":" ","price":10.28},{"type":"B","date":"2018-03-23T01:53:06.000Z","volume":4000,"label":" ","price":10.26},{"type":"B","date":"2018-03-23T01:53:09.000Z","volume":10000,"label":" ","price":10.26},{"type":"B","date":"2018-03-23T01:53:37.000Z","volume":4000,"label":" ","price":10.24},{"type":"B","date":"2018-03-23T01:53:48.000Z","volume":2000,"label":" ","price":10.26},{"type":"A","date":"2018-03-23T01:53:48.000Z","volume":2000,"label":" ","price":10.26},{"type":"B","date":"2018-03-23T01:56:53.000Z","volume":2000,"label":"Y","price":10.24},{"type":"B","date":"2018-03-23T01:56:53.000Z","volume":18000,"label":" ","price":10.24},{"type":"B","date":"2018-03-23T01:57:03.000Z","volume":4000,"label":" ","price":10.24},{"type":"B","date":"2018-03-23T01:57:03.000Z","volume":4000,"label":" ","price":10.24},{"type":"B","date":"2018-03-23T01:57:07.000Z","volume":2000,"label":" ","price":10.24},{"type":"B","date":"2018-03-23T01:57:07.000Z","volume":8000,"label":" ","price":10.24},{"type":"B","date":"2018-03-23T01:57:07.000Z","volume":2000,"label":" ","price":10.24},{"type":"B","date":"2018-03-23T01:57:07.000Z","volume":8000,"label":" ","price":10.24},{"type":"A","date":"2018-03-23T01:57:09.000Z","volume":2000,"label":" ","price":10.26},{"type":"A","date":"2018-03-23T01:57:09.000Z","volume":32000,"label":" ","price":10.26},{"type":"A","date":"2018-03-23T01:57:10.000Z","volume":4000,"label":" ","price":10.28},{"type":"A","date":"2018-03-23T01:57:10.000Z","volume":18000,"label":" ","price":10.28},{"type":"U","date":"2018-03-23T01:57:10.000Z","volume":4000,"label":" ","price":10.26},{"type":"A","date":"2018-03-23T01:57:10.000Z","volume":20000,"label":" ","price":10.28},{"type":"A","date":"2018-03-23T01:57:11.000Z","volume":10000,"label":" ","price":10.3},{"type":"A","date":"2018-03-23T01:57:11.000Z","volume":10000,"label":" ","price":10.3},{"type":"A","date":"2018-03-23T01:57:13.000Z","volume":6000,"label":" ","price":10.3},{"type":"A","date":"2018-03-23T01:57:13.000Z","volume":2000,"label":" ","price":10.3},{"type":"B","date":"2018-03-23T01:59:07.000Z","volume":8000,"label":" ","price":10.3},{"type":"A","date":"2018-03-23T01:59:22.000Z","volume":20000,"label":" ","price":10.32},{"type":"A","date":"2018-03-23T01:59:24.000Z","volume":2000,"label":" ","price":10.32},{"type":"B","date":"2018-03-23T01:59:35.000Z","volume":8000,"label":" ","price":10.3},{"type":"A","date":"2018-03-23T02:00:16.000Z","volume":20000,"label":" ","price":10.32},{"type":"A","date":"2018-03-23T02:00:17.000Z","volume":4000,"label":" ","price":10.32},{"type":"A","date":"2018-03-23T02:00:17.000Z","volume":28000,"label":" ","price":10.32},{"type":"A","date":"2018-03-23T02:00:18.000Z","volume":6000,"label":" ","price":10.34},{"type":"A","date":"2018-03-23T02:00:18.000Z","volume":10000,"label":" ","price":10.34},{"type":"A","date":"2018-03-23T02:00:18.000Z","volume":12000,"label":" ","price":10.34},{"type":"A","date":"2018-03-23T02:00:20.000Z","volume":2000,"label":" ","price":10.4},{"type":"B","date":"2018-03-23T02:00:40.000Z","volume":14000,"label":" ","price":10.38},{"type":"B","date":"2018-03-23T02:00:40.000Z","volume":12000,"label":" ","price":10.38},{"type":"B","date":"2018-03-23T02:00:40.000Z","volume":2000,"label":" ","price":10.36},{"type":"U","date":"2018-03-23T02:00:41.000Z","volume":4000,"label":" ","price":10.36},{"type":"U","date":"2018-03-23T02:00:43.000Z","volume":2000,"label":" ","price":10.38},{"type":"B","date":"2018-03-23T02:00:59.000Z","volume":4000,"label":" ","price":10.36},{"type":"B","date":"2018-03-23T02:01:34.000Z","volume":4000,"label":" ","price":10.34},{"type":"A","date":"2018-03-23T02:06:45.000Z","volume":16000,"label":" ","price":10.36},{"type":"A","date":"2018-03-23T02:06:46.000Z","volume":2000,"label":" ","price":10.36},{"type":"A","date":"2018-03-23T02:06:46.000Z","volume":2000,"label":" ","price":10.36},{"type":"A","date":"2018-03-23T02:06:46.000Z","volume":4000,"label":" ","price":10.36},{"type":"A","date":"2018-03-23T02:06:46.000Z","volume":2000,"label":" ","price":10.36},{"type":"A","date":"2018-03-23T02:06:46.000Z","volume":24000,"label":" ","price":10.36},{"type":"A","date":"2018-03-23T02:06:46.000Z","volume":10000,"label":" ","price":10.36},{"type":"A","date":"2018-03-23T02:06:46.000Z","volume":10000,"label":" ","price":10.36},{"type":"A","date":"2018-03-23T02:06:46.000Z","volume":10000,"label":" ","price":10.38},{"type":"A","date":"2018-03-23T02:06:46.000Z","volume":2000,"label":" ","price":10.38},{"type":"A","date":"2018-03-23T02:06:51.000Z","volume":8000,"label":" ","price":10.38},{"type":"A","date":"2018-03-23T02:06:51.000Z","volume":2000,"label":" ","price":10.38},{"type":"A","date":"2018-03-23T02:06:51.000Z","volume":2000,"label":" ","price":10.38},{"type":"U","date":"2018-03-23T02:07:10.000Z","volume":2000,"label":"X","price":10.35},{"type":"A","date":"2018-03-23T02:07:22.000Z","volume":32000,"label":" ","price":10.38},{"type":"A","date":"2018-03-23T02:07:22.000Z","volume":20000,"label":" ","price":10.4},{"type":"A","date":"2018-03-23T02:07:22.000Z","volume":24000,"label":" ","price":10.4},{"type":"A","date":"2018-03-23T02:07:23.000Z","volume":2000,"label":" ","price":10.48},{"type":"U","date":"2018-03-23T02:07:24.000Z","volume":4000,"label":" ","price":10.5},{"type":"B","date":"2018-03-23T02:07:25.000Z","volume":14000,"label":" ","price":10.46},{"type":"U","date":"2018-03-23T02:07:34.000Z","volume":4000,"label":" ","price":10.46},{"type":"B","date":"2018-03-23T02:07:34.000Z","volume":4000,"label":" ","price":10.44},{"type":"U","date":"2018-03-23T02:07:36.000Z","volume":2000,"label":" ","price":10.48},{"type":"B","date":"2018-03-23T02:07:44.000Z","volume":6000,"label":" ","price":10.44},{"type":"U","date":"2018-03-23T02:08:48.000Z","volume":60000,"label":" ","price":10.44},{"type":"U","date":"2018-03-23T02:08:48.000Z","volume":4000,"label":" ","price":10.44},{"type":"U","date":"2018-03-23T02:08:49.000Z","volume":12000,"label":" ","price":10.44},{"type":"U","date":"2018-03-23T02:08:50.000Z","volume":8000,"label":" ","price":10.44},{"type":"U","date":"2018-03-23T02:08:50.000Z","volume":2000,"label":" ","price":10.44},{"type":"B","date":"2018-03-23T02:08:59.000Z","volume":4000,"label":" ","price":10.42},{"type":"U","date":"2018-03-23T02:09:00.000Z","volume":4000,"label":" ","price":10.42},{"type":"B","date":"2018-03-23T02:09:04.000Z","volume":12000,"label":" ","price":10.4},{"type":"U","date":"2018-03-23T02:09:06.000Z","volume":2000,"label":" ","price":10.42},{"type":"U","date":"2018-03-23T02:09:06.000Z","volume":2000,"label":" ","price":10.42},{"type":"B","date":"2018-03-23T02:09:34.000Z","volume":12000,"label":" ","price":10.38},{"type":"B","date":"2018-03-23T02:09:45.000Z","volume":2000,"label":" ","price":10.38},{"type":"B","date":"2018-03-23T02:09:48.000Z","volume":2000,"label":" ","price":10.38},{"type":"B","date":"2018-03-23T02:09:59.000Z","volume":2000,"label":" ","price":10.36},{"type":"A","date":"2018-03-23T02:10:02.000Z","volume":2000,"label":" ","price":10.38},{"type":"A","date":"2018-03-23T02:11:20.000Z","volume":18000,"label":" ","price":10.36},{"type":"A","date":"2018-03-23T02:11:53.000Z","volume":72000,"label":" ","price":10.36},{"type":"A","date":"2018-03-23T02:11:53.000Z","volume":4000,"label":" ","price":10.38},{"type":"A","date":"2018-03-23T02:11:54.000Z","volume":8000,"label":" ","price":10.4},{"type":"A","date":"2018-03-23T02:11:55.000Z","volume":4000,"label":" ","price":10.48},{"type":"A","date":"2018-03-23T02:11:56.000Z","volume":6000,"label":" ","price":10.48},{"type":"B","date":"2018-03-23T02:11:58.000Z","volume":10000,"label":" ","price":10.48},{"type":"B","date":"2018-03-23T02:11:58.000Z","volume":4000,"label":" ","price":10.48},{"type":"B","date":"2018-03-23T02:12:03.000Z","volume":2000,"label":" ","price":10.46},{"type":"B","date":"2018-03-23T02:12:03.000Z","volume":2000,"label":"Y","price":10.46},{"type":"U","date":"2018-03-23T02:12:05.000Z","volume":2000,"label":" ","price":10.46},{"type":"B","date":"2018-03-23T02:12:15.000Z","volume":6000,"label":" ","price":10.44},{"type":"U","date":"2018-03-23T02:13:09.000Z","volume":2000,"label":" ","price":10.46},{"type":"A","date":"2018-03-23T02:14:55.000Z","volume":2000,"label":" ","price":10.46},{"type":"B","date":"2018-03-23T02:15:39.000Z","volume":8000,"label":" ","price":10.4},{"type":"A","date":"2018-03-23T02:18:56.000Z","volume":4000,"label":" ","price":10.44},{"type":"B","date":"2018-03-23T02:19:03.000Z","volume":2000,"label":" ","price":10.42},{"type":"B","date":"2018-03-23T02:20:29.000Z","volume":16000,"label":" ","price":10.42},{"type":"A","date":"2018-03-23T02:20:41.000Z","volume":4000,"label":" ","price":10.44},{"type":"A","date":"2018-03-23T02:21:55.000Z","volume":6000,"label":" ","price":10.44},{"type":"A","date":"2018-03-23T02:21:59.000Z","volume":2000,"label":" ","price":10.44},{"type":"B","date":"2018-03-23T02:23:18.000Z","volume":4000,"label":"Y","price":10.42},{"type":"B","date":"2018-03-23T02:23:18.000Z","volume":4000,"label":"Y","price":10.42},{"type":"A","date":"2018-03-23T02:23:20.000Z","volume":2000,"label":" ","price":10.44},{"type":"A","date":"2018-03-23T02:23:24.000Z","volume":2000,"label":" ","price":10.44},{"type":"B","date":"2018-03-23T02:23:26.000Z","volume":4000,"label":" ","price":10.42},{"type":"B","date":"2018-03-23T02:24:37.000Z","volume":20000,"label":" ","price":10.42},{"type":"A","date":"2018-03-23T02:24:40.000Z","volume":2000,"label":" ","price":10.44},{"type":"A","date":"2018-03-23T02:24:40.000Z","volume":4000,"label":" ","price":10.44},{"type":"A","date":"2018-03-23T02:24:59.000Z","volume":10000,"label":" ","price":10.44},{"type":"A","date":"2018-03-23T02:25:04.000Z","volume":2000,"label":" ","price":10.44},{"type":"A","date":"2018-03-23T02:25:11.000Z","volume":2000,"label":" ","price":10.44},{"type":"A","date":"2018-03-23T02:25:43.000Z","volume":20000,"label":" ","price":10.44},{"type":"A","date":"2018-03-23T02:25:45.000Z","volume":4000,"label":" ","price":10.44},{"type":"A","date":"2018-03-23T02:25:48.000Z","volume":2000,"label":" ","price":10.44},{"type":"A","date":"2018-03-23T02:25:55.000Z","volume":10000,"label":" ","price":10.44},{"type":"A","date":"2018-03-23T02:25:55.000Z","volume":42000,"label":" ","price":10.44},{"type":"A","date":"2018-03-23T02:25:55.000Z","volume":4000,"label":" ","price":10.44},{"type":"A","date":"2018-03-23T02:25:56.000Z","volume":14000,"label":" ","price":10.46},{"type":"A","date":"2018-03-23T02:25:57.000Z","volume":8000,"label":" ","price":10.48},{"type":"A","date":"2018-03-23T02:25:57.000Z","volume":46000,"label":" ","price":10.52},{"type":"B","date":"2018-03-23T02:26:09.000Z","volume":12000,"label":" ","price":10.52},{"type":"B","date":"2018-03-23T02:26:09.000Z","volume":2000,"label":" ","price":10.52},{"type":"B","date":"2018-03-23T02:26:18.000Z","volume":8000,"label":" ","price":10.52},{"type":"U","date":"2018-03-23T02:26:18.000Z","volume":8000,"label":" ","price":10.52},{"type":"B","date":"2018-03-23T02:26:29.000Z","volume":58000,"label":" ","price":10.5},{"type":"B","date":"2018-03-23T02:26:29.000Z","volume":10000,"label":" ","price":10.48},{"type":"U","date":"2018-03-23T02:26:29.000Z","volume":10000,"label":" ","price":10.5},{"type":"U","date":"2018-03-23T02:26:29.000Z","volume":2000,"label":" ","price":10.5},{"type":"U","date":"2018-03-23T02:26:30.000Z","volume":2000,"label":" ","price":10.5},{"type":"B","date":"2018-03-23T02:26:31.000Z","volume":8000,"label":" ","price":10.5},{"type":"B","date":"2018-03-23T02:26:42.000Z","volume":6000,"label":" ","price":10.48},{"type":"B","date":"2018-03-23T02:26:51.000Z","volume":4000,"label":" ","price":10.48},{"type":"B","date":"2018-03-23T02:26:51.000Z","volume":4000,"label":" ","price":10.48},{"type":"B","date":"2018-03-23T02:27:02.000Z","volume":4000,"label":" ","price":10.46},{"type":"U","date":"2018-03-23T02:27:02.000Z","volume":4000,"label":" ","price":10.48},{"type":"B","date":"2018-03-23T02:27:03.000Z","volume":2000,"label":" ","price":10.46},{"type":"U","date":"2018-03-23T02:27:03.000Z","volume":18000,"label":" ","price":10.5},{"type":"A","date":"2018-03-23T02:27:03.000Z","volume":4000,"label":"Y","price":10.52},{"type":"A","date":"2018-03-23T02:27:18.000Z","volume":2000,"label":" ","price":10.5},{"type":"U","date":"2018-03-23T02:27:26.000Z","volume":2000,"label":" ","price":10.5},{"type":"B","date":"2018-03-23T02:28:07.000Z","volume":2000,"label":" ","price":10.48},{"type":"B","date":"2018-03-23T02:28:07.000Z","volume":2000,"label":"Y","price":10.48},{"type":"U","date":"2018-03-23T02:28:11.000Z","volume":12000,"label":"Y","price":10.48},{"type":"B","date":"2018-03-23T02:28:18.000Z","volume":4000,"label":" ","price":10.46},{"type":"B","date":"2018-03-23T02:28:39.000Z","volume":6000,"label":" ","price":10.46},{"type":"B","date":"2018-03-23T02:29:00.000Z","volume":4000,"label":" ","price":10.46},{"type":"B","date":"2018-03-23T02:29:08.000Z","volume":2000,"label":" ","price":10.44},{"type":"A","date":"2018-03-23T02:29:10.000Z","volume":10000,"label":" ","price":10.46},{"type":"B","date":"2018-03-23T02:30:05.000Z","volume":6000,"label":" ","price":10.44},{"type":"B","date":"2018-03-23T02:30:24.000Z","volume":2000,"label":" ","price":10.44},{"type":"B","date":"2018-03-23T02:32:35.000Z","volume":2000,"label":" ","price":10.42},{"type":"U","date":"2018-03-23T02:32:43.000Z","volume":300000,"label":"X","price":10.42},{"type":"U","date":"2018-03-23T02:34:25.000Z","volume":2000,"label":"X","price":10.41},{"type":"B","date":"2018-03-23T02:34:33.000Z","volume":2000,"label":" ","price":10.4},{"type":"B","date":"2018-03-23T02:34:50.000Z","volume":4000,"label":" ","price":10.4},{"type":"B","date":"2018-03-23T02:37:20.000Z","volume":4000,"label":" ","price":10.4},{"type":"B","date":"2018-03-23T02:37:25.000Z","volume":4000,"label":" ","price":10.38},{"type":"A","date":"2018-03-23T02:38:24.000Z","volume":2000,"label":" ","price":10.4},{"type":"A","date":"2018-03-23T02:38:27.000Z","volume":2000,"label":" ","price":10.4},{"type":"U","date":"2018-03-23T02:38:45.000Z","volume":2000,"label":"X","price":10.39},{"type":"B","date":"2018-03-23T02:41:09.000Z","volume":34000,"label":" ","price":10.38},{"type":"B","date":"2018-03-23T02:41:23.000Z","volume":16000,"label":" ","price":10.36},{"type":"B","date":"2018-03-23T02:41:27.000Z","volume":4000,"label":" ","price":10.36},{"type":"B","date":"2018-03-23T02:41:35.000Z","volume":4000,"label":" ","price":10.36},{"type":"A","date":"2018-03-23T02:41:37.000Z","volume":2000,"label":" ","price":10.36},{"type":"U","date":"2018-03-23T02:41:41.000Z","volume":2000,"label":"X","price":10.38},{"type":"A","date":"2018-03-23T02:41:48.000Z","volume":118000,"label":" ","price":10.36},{"type":"U","date":"2018-03-23T02:41:48.000Z","volume":4000,"label":" ","price":10.36},{"type":"A","date":"2018-03-23T02:41:48.000Z","volume":4000,"label":" ","price":10.38},{"type":"A","date":"2018-03-23T02:41:49.000Z","volume":36000,"label":" ","price":10.4},{"type":"A","date":"2018-03-23T02:41:50.000Z","volume":4000,"label":" ","price":10.48},{"type":"A","date":"2018-03-23T02:41:50.000Z","volume":4000,"label":" ","price":10.5},{"type":"A","date":"2018-03-23T02:41:50.000Z","volume":10000,"label":" ","price":10.5},{"type":"B","date":"2018-03-23T02:41:58.000Z","volume":22000,"label":" ","price":10.5},{"type":"B","date":"2018-03-23T02:41:58.000Z","volume":4000,"label":"Y","price":10.5},{"type":"B","date":"2018-03-23T02:41:58.000Z","volume":8000,"label":" ","price":10.48},{"type":"U","date":"2018-03-23T02:42:25.000Z","volume":4000,"label":" ","price":10.46},{"type":"B","date":"2018-03-23T02:43:10.000Z","volume":12000,"label":" ","price":10.44},{"type":"B","date":"2018-03-23T02:43:57.000Z","volume":2000,"label":" ","price":10.42},{"type":"B","date":"2018-03-23T02:46:25.000Z","volume":4000,"label":" ","price":10.4},{"type":"U","date":"2018-03-23T02:47:10.000Z","volume":2000,"label":"X","price":10.42},{"type":"U","date":"2018-03-23T02:51:25.000Z","volume":2000,"label":"X","price":10.42},{"type":"B","date":"2018-03-23T02:52:17.000Z","volume":18000,"label":" ","price":10.4},{"type":"B","date":"2018-03-23T02:52:18.000Z","volume":2000,"label":" ","price":10.4},{"type":"B","date":"2018-03-23T02:52:33.000Z","volume":4000,"label":" ","price":10.38},{"type":"U","date":"2018-03-23T02:52:33.000Z","volume":4000,"label":" ","price":10.38},{"type":"U","date":"2018-03-23T02:53:20.000Z","volume":12000,"label":" ","price":10.38},{"type":"B","date":"2018-03-23T02:53:33.000Z","volume":4000,"label":" ","price":10.38},{"type":"B","date":"2018-03-23T02:53:33.000Z","volume":4000,"label":" ","price":10.38},{"type":"B","date":"2018-03-23T02:53:33.000Z","volume":2000,"label":" ","price":10.38},{"type":"A","date":"2018-03-23T02:54:04.000Z","volume":48000,"label":" ","price":10.4},{"type":"A","date":"2018-03-23T02:54:04.000Z","volume":112000,"label":" ","price":10.4},{"type":"U","date":"2018-03-23T02:54:16.000Z","volume":4000,"label":" ","price":10.48},{"type":"U","date":"2018-03-23T02:54:25.000Z","volume":20000,"label":" ","price":10.5},{"type":"B","date":"2018-03-23T02:55:11.000Z","volume":32000,"label":" ","price":10.5},{"type":"B","date":"2018-03-23T02:55:11.000Z","volume":8000,"label":" ","price":10.48},{"type":"B","date":"2018-03-23T02:55:11.000Z","volume":2000,"label":" ","price":10.46},{"type":"U","date":"2018-03-23T02:55:11.000Z","volume":8000,"label":" ","price":10.5},{"type":"U","date":"2018-03-23T02:55:33.000Z","volume":4000,"label":" ","price":10.48},{"type":"B","date":"2018-03-23T02:55:36.000Z","volume":2000,"label":" ","price":10.46},{"type":"U","date":"2018-03-23T02:56:44.000Z","volume":2000,"label":"X","price":10.5},{"type":"A","date":"2018-03-23T02:56:44.000Z","volume":18000,"label":" ","price":10.5},{"type":"A","date":"2018-03-23T02:56:46.000Z","volume":2000,"label":" ","price":10.5},{"type":"B","date":"2018-03-23T02:57:18.000Z","volume":4000,"label":" ","price":10.48},{"type":"B","date":"2018-03-23T02:57:18.000Z","volume":2000,"label":" ","price":10.48},{"type":"A","date":"2018-03-23T02:57:45.000Z","volume":30000,"label":" ","price":10.5},{"type":"U","date":"2018-03-23T02:57:45.000Z","volume":2000,"label":"X","price":10.5},{"type":"A","date":"2018-03-23T02:57:45.000Z","volume":2000,"label":" ","price":10.5},{"type":"A","date":"2018-03-23T02:58:16.000Z","volume":2000,"label":" ","price":10.5},{"type":"A","date":"2018-03-23T02:58:23.000Z","volume":2000,"label":" ","price":10.5},{"type":"B","date":"2018-03-23T02:58:50.000Z","volume":2000,"label":" ","price":10.48},{"type":"B","date":"2018-03-23T03:00:05.000Z","volume":4000,"label":" ","price":10.48},{"type":"B","date":"2018-03-23T03:00:21.000Z","volume":4000,"label":" ","price":10.48},{"type":"A","date":"2018-03-23T03:00:23.000Z","volume":2000,"label":" ","price":10.5},{"type":"B","date":"2018-03-23T03:02:35.000Z","volume":4000,"label":" ","price":10.48},{"type":"B","date":"2018-03-23T03:02:51.000Z","volume":2000,"label":" ","price":10.48},{"type":"B","date":"2018-03-23T03:02:52.000Z","volume":2000,"label":" ","price":10.48},{"type":"B","date":"2018-03-23T03:03:17.000Z","volume":14000,"label":" ","price":10.46},{"type":"A","date":"2018-03-23T03:03:20.000Z","volume":2000,"label":" ","price":10.46},{"type":"B","date":"2018-03-23T03:04:14.000Z","volume":4000,"label":" ","price":10.44},{"type":"B","date":"2018-03-23T03:06:05.000Z","volume":2000,"label":" ","price":10.42},{"type":"U","date":"2018-03-23T03:07:15.000Z","volume":2000,"label":"X","price":10.44},{"type":"B","date":"2018-03-23T03:07:17.000Z","volume":8000,"label":" ","price":10.42},{"type":"A","date":"2018-03-23T03:07:20.000Z","volume":2000,"label":" ","price":10.42},{"type":"A","date":"2018-03-23T03:07:20.000Z","volume":36000,"label":" ","price":10.42},{"type":"A","date":"2018-03-23T03:07:22.000Z","volume":2000,"label":" ","price":10.44},{"type":"A","date":"2018-03-23T03:07:22.000Z","volume":22000,"label":" ","price":10.44},{"type":"A","date":"2018-03-23T03:07:23.000Z","volume":4000,"label":" ","price":10.44},{"type":"A","date":"2018-03-23T03:07:23.000Z","volume":44000,"label":" ","price":10.44},{"type":"A","date":"2018-03-23T03:07:24.000Z","volume":4000,"label":" ","price":10.52},{"type":"A","date":"2018-03-23T03:07:24.000Z","volume":6000,"label":" ","price":10.52},{"type":"B","date":"2018-03-23T03:07:39.000Z","volume":12000,"label":" ","price":10.52},{"type":"B","date":"2018-03-23T03:07:39.000Z","volume":2000,"label":" ","price":10.52},{"type":"B","date":"2018-03-23T03:08:17.000Z","volume":30000,"label":" ","price":10.5},{"type":"U","date":"2018-03-23T03:09:50.000Z","volume":2000,"label":"X","price":10.52},{"type":"B","date":"2018-03-23T03:10:00.000Z","volume":2000,"label":" ","price":10.5},{"type":"B","date":"2018-03-23T03:10:33.000Z","volume":2000,"label":" ","price":10.5},{"type":"B","date":"2018-03-23T03:10:33.000Z","volume":4000,"label":" ","price":10.5},{"type":"B","date":"2018-03-23T03:10:33.000Z","volume":2000,"label":" ","price":10.5},{"type":"B","date":"2018-03-23T03:10:34.000Z","volume":4000,"label":" ","price":10.5},{"type":"U","date":"2018-03-23T03:12:20.000Z","volume":2000,"label":"X","price":10.5},{"type":"B","date":"2018-03-23T03:12:22.000Z","volume":2000,"label":" ","price":10.48},{"type":"B","date":"2018-03-23T03:12:48.000Z","volume":2000,"label":" ","price":10.48},{"type":"U","date":"2018-03-23T03:14:27.000Z","volume":2000,"label":"X","price":10.47},{"type":"A","date":"2018-03-23T03:14:33.000Z","volume":4000,"label":" ","price":10.48},{"type":"B","date":"2018-03-23T03:16:05.000Z","volume":12000,"label":" ","price":10.46},{"type":"B","date":"2018-03-23T03:16:06.000Z","volume":2000,"label":" ","price":10.44},{"type":"B","date":"2018-03-23T03:16:18.000Z","volume":2000,"label":" ","price":10.46},{"type":"B","date":"2018-03-23T03:16:19.000Z","volume":2000,"label":" ","price":10.44},{"type":"A","date":"2018-03-23T03:16:21.000Z","volume":2000,"label":" ","price":10.46},{"type":"B","date":"2018-03-23T03:17:48.000Z","volume":10000,"label":" ","price":10.44},{"type":"B","date":"2018-03-23T03:17:49.000Z","volume":2000,"label":" ","price":10.42},{"type":"B","date":"2018-03-23T03:18:12.000Z","volume":14000,"label":" ","price":10.42},{"type":"B","date":"2018-03-23T03:18:15.000Z","volume":2000,"label":" ","price":10.4},{"type":"A","date":"2018-03-23T03:19:04.000Z","volume":100000,"label":" ","price":10.42},{"type":"A","date":"2018-03-23T03:19:04.000Z","volume":4000,"label":" ","price":10.48},{"type":"U","date":"2018-03-23T03:19:05.000Z","volume":2000,"label":"X","price":10.5},{"type":"A","date":"2018-03-23T03:19:06.000Z","volume":4000,"label":" ","price":10.52},{"type":"A","date":"2018-03-23T03:19:06.000Z","volume":2000,"label":" ","price":10.52},{"type":"B","date":"2018-03-23T03:19:15.000Z","volume":4000,"label":" ","price":10.52},{"type":"B","date":"2018-03-23T03:19:15.000Z","volume":2000,"label":" ","price":10.5},{"type":"B","date":"2018-03-23T03:19:17.000Z","volume":24000,"label":" ","price":10.5},{"type":"B","date":"2018-03-23T03:19:24.000Z","volume":8000,"label":" ","price":10.48},{"type":"U","date":"2018-03-23T03:19:48.000Z","volume":2000,"label":" ","price":10.5},{"type":"U","date":"2018-03-23T03:20:04.000Z","volume":150000,"label":"X","price":10.41},{"type":"U","date":"2018-03-23T03:22:30.000Z","volume":2000,"label":"X","price":10.5},{"type":"B","date":"2018-03-23T03:29:40.000Z","volume":12000,"label":" ","price":10.48},{"type":"B","date":"2018-03-23T03:30:34.000Z","volume":4000,"label":" ","price":10.46},{"type":"B","date":"2018-03-23T03:30:35.000Z","volume":2000,"label":" ","price":10.46},{"type":"B","date":"2018-03-23T03:30:46.000Z","volume":4000,"label":" ","price":10.46},{"type":"U","date":"2018-03-23T03:31:21.000Z","volume":2000,"label":"X","price":10.48},{"type":"U","date":"2018-03-23T03:31:21.000Z","volume":2000,"label":"X","price":10.48},{"type":"A","date":"2018-03-23T03:31:21.000Z","volume":16000,"label":" ","price":10.48},{"type":"B","date":"2018-03-23T03:31:21.000Z","volume":2000,"label":" ","price":10.46},{"type":"A","date":"2018-03-23T03:31:21.000Z","volume":2000,"label":" ","price":10.48},{"type":"A","date":"2018-03-23T03:32:18.000Z","volume":2000,"label":" ","price":10.48},{"type":"A","date":"2018-03-23T03:32:37.000Z","volume":6000,"label":" ","price":10.48},{"type":"B","date":"2018-03-23T03:32:39.000Z","volume":2000,"label":" ","price":10.46},{"type":"A","date":"2018-03-23T03:32:55.000Z","volume":2000,"label":" ","price":10.48},{"type":"A","date":"2018-03-23T03:34:47.000Z","volume":4000,"label":" ","price":10.48},{"type":"B","date":"2018-03-23T03:36:40.000Z","volume":18000,"label":" ","price":10.46},{"type":"U","date":"2018-03-23T03:36:40.000Z","volume":2000,"label":"X","price":10.48},{"type":"B","date":"2018-03-23T03:36:41.000Z","volume":2000,"label":" ","price":10.46},{"type":"B","date":"2018-03-23T03:38:48.000Z","volume":4000,"label":" ","price":10.46},{"type":"B","date":"2018-03-23T03:38:48.000Z","volume":2000,"label":" ","price":10.46},{"type":"B","date":"2018-03-23T03:38:48.000Z","volume":2000,"label":" ","price":10.46},{"type":"B","date":"2018-03-23T03:38:48.000Z","volume":2000,"label":" ","price":10.46},{"type":"B","date":"2018-03-23T03:38:49.000Z","volume":2000,"label":" ","price":10.46},{"type":"B","date":"2018-03-23T03:38:50.000Z","volume":8000,"label":" ","price":10.46},{"type":"B","date":"2018-03-23T03:38:51.000Z","volume":2000,"label":" ","price":10.44},{"type":"B","date":"2018-03-23T03:40:40.000Z","volume":22000,"label":" ","price":10.44},{"type":"A","date":"2018-03-23T03:40:40.000Z","volume":4000,"label":" ","price":10.44},{"type":"B","date":"2018-03-23T03:40:41.000Z","volume":2000,"label":" ","price":10.42},{"type":"U","date":"2018-03-23T03:40:45.000Z","volume":2000,"label":"X","price":10.44},{"type":"B","date":"2018-03-23T03:40:45.000Z","volume":14000,"label":" ","price":10.42},{"type":"A","date":"2018-03-23T03:40:48.000Z","volume":4000,"label":" ","price":10.44},{"type":"B","date":"2018-03-23T03:40:53.000Z","volume":4000,"label":" ","price":10.42},{"type":"A","date":"2018-03-23T03:42:00.000Z","volume":64000,"label":" ","price":10.44},{"type":"A","date":"2018-03-23T03:42:00.000Z","volume":42000,"label":" ","price":10.44},{"type":"A","date":"2018-03-23T03:42:00.000Z","volume":2000,"label":" ","price":10.46},{"type":"U","date":"2018-03-23T03:42:00.000Z","volume":2000,"label":"X","price":10.46},{"type":"B","date":"2018-03-23T03:42:00.000Z","volume":4000,"label":" ","price":10.44},{"type":"A","date":"2018-03-23T03:42:00.000Z","volume":4000,"label":"Y","price":10.46},{"type":"A","date":"2018-03-23T03:42:00.000Z","volume":2000,"label":" ","price":10.48},{"type":"A","date":"2018-03-23T03:42:00.000Z","volume":2000,"label":" ","price":10.48},{"type":"A","date":"2018-03-23T03:42:00.000Z","volume":2000,"label":" ","price":10.48},{"type":"A","date":"2018-03-23T03:42:02.000Z","volume":2000,"label":" ","price":10.48},{"type":"A","date":"2018-03-23T03:42:02.000Z","volume":4000,"label":" ","price":10.5},{"type":"A","date":"2018-03-23T03:42:02.000Z","volume":4000,"label":" ","price":10.5},{"type":"A","date":"2018-03-23T03:42:02.000Z","volume":4000,"label":" ","price":10.5},{"type":"A","date":"2018-03-23T03:42:02.000Z","volume":2000,"label":" ","price":10.5},{"type":"B","date":"2018-03-23T03:42:11.000Z","volume":6000,"label":" ","price":10.52},{"type":"A","date":"2018-03-23T03:42:13.000Z","volume":2000,"label":" ","price":10.54},{"type":"B","date":"2018-03-23T03:42:19.000Z","volume":6000,"label":" ","price":10.52},{"type":"B","date":"2018-03-23T03:42:19.000Z","volume":10000,"label":" ","price":10.5},{"type":"B","date":"2018-03-23T03:44:22.000Z","volume":8000,"label":" ","price":10.48},{"type":"B","date":"2018-03-23T03:45:50.000Z","volume":2000,"label":" ","price":10.48},{"type":"B","date":"2018-03-23T03:50:24.000Z","volume":4000,"label":" ","price":10.48},{"type":"A","date":"2018-03-23T03:50:27.000Z","volume":2000,"label":" ","price":10.48},{"type":"B","date":"2018-03-23T03:51:39.000Z","volume":20000,"label":" ","price":10.46},{"type":"A","date":"2018-03-23T03:51:42.000Z","volume":2000,"label":" ","price":10.48},{"type":"B","date":"2018-03-23T03:51:48.000Z","volume":2000,"label":" ","price":10.46},{"type":"B","date":"2018-03-23T03:53:13.000Z","volume":10000,"label":" ","price":10.46},{"type":"B","date":"2018-03-23T03:54:02.000Z","volume":20000,"label":" ","price":10.44},{"type":"B","date":"2018-03-23T03:54:03.000Z","volume":4000,"label":" ","price":10.42},{"type":"A","date":"2018-03-23T03:54:06.000Z","volume":2000,"label":" ","price":10.46},{"type":"A","date":"2018-03-23T03:58:26.000Z","volume":2000,"label":" ","price":10.46},{"type":"A","date":"2018-03-23T03:59:07.000Z","volume":2000,"label":" ","price":10.46},{"type":"B","date":"2018-03-23T03:59:35.000Z","volume":2000,"label":" ","price":10.44},{"type":"B","date":"2018-03-23T05:00:00.000Z","volume":10000,"label":" ","price":10.44},{"type":"B","date":"2018-03-23T05:00:03.000Z","volume":2000,"label":" ","price":10.44},{"type":"B","date":"2018-03-23T05:00:08.000Z","volume":6000,"label":" ","price":10.44},{"type":"A","date":"2018-03-23T05:00:27.000Z","volume":2000,"label":" ","price":10.44},{"type":"B","date":"2018-03-23T05:00:27.000Z","volume":2000,"label":" ","price":10.42},{"type":"U","date":"2018-03-23T05:00:38.000Z","volume":564,"label":"D","price":10.32},{"type":"U","date":"2018-03-23T05:02:26.000Z","volume":80000,"label":"X","price":10.42},{"type":"B","date":"2018-03-23T05:02:33.000Z","volume":2000,"label":" ","price":10.42},{"type":"B","date":"2018-03-23T05:04:09.000Z","volume":2000,"label":" ","price":10.42},{"type":"B","date":"2018-03-23T05:04:47.000Z","volume":2000,"label":" ","price":10.42},{"type":"B","date":"2018-03-23T05:04:47.000Z","volume":2000,"label":" ","price":10.42},{"type":"B","date":"2018-03-23T05:07:13.000Z","volume":20000,"label":" ","price":10.42},{"type":"A","date":"2018-03-23T05:07:15.000Z","volume":2000,"label":" ","price":10.44},{"type":"B","date":"2018-03-23T05:07:15.000Z","volume":4000,"label":" ","price":10.42},{"type":"B","date":"2018-03-23T05:07:16.000Z","volume":4000,"label":" ","price":10.42},{"type":"B","date":"2018-03-23T05:07:16.000Z","volume":8000,"label":" ","price":10.42},{"type":"B","date":"2018-03-23T05:07:43.000Z","volume":4000,"label":" ","price":10.4},{"type":"B","date":"2018-03-23T05:07:46.000Z","volume":2000,"label":" ","price":10.4},{"type":"B","date":"2018-03-23T05:07:54.000Z","volume":70000,"label":" ","price":10.4},{"type":"B","date":"2018-03-23T05:07:54.000Z","volume":2000,"label":" ","price":10.4},{"type":"B","date":"2018-03-23T05:07:54.000Z","volume":26000,"label":" ","price":10.38},{"type":"B","date":"2018-03-23T05:07:54.000Z","volume":4000,"label":" ","price":10.4},{"type":"B","date":"2018-03-23T05:07:54.000Z","volume":2000,"label":" ","price":10.4},{"type":"A","date":"2018-03-23T05:07:54.000Z","volume":4000,"label":" ","price":10.4},{"type":"B","date":"2018-03-23T05:07:54.000Z","volume":14000,"label":" ","price":10.38},{"type":"B","date":"2018-03-23T05:07:54.000Z","volume":2000,"label":" ","price":10.38},{"type":"A","date":"2018-03-23T05:07:57.000Z","volume":2000,"label":" ","price":10.4},{"type":"B","date":"2018-03-23T05:08:02.000Z","volume":2000,"label":" ","price":10.38},{"type":"B","date":"2018-03-23T05:08:02.000Z","volume":2000,"label":" ","price":10.38},{"type":"B","date":"2018-03-23T05:08:07.000Z","volume":2000,"label":" ","price":10.38},{"type":"B","date":"2018-03-23T05:08:10.000Z","volume":2000,"label":" ","price":10.38},{"type":"A","date":"2018-03-23T05:08:22.000Z","volume":106000,"label":" ","price":10.38},{"type":"A","date":"2018-03-23T05:08:23.000Z","volume":4000,"label":" ","price":10.4},{"type":"A","date":"2018-03-23T05:08:23.000Z","volume":8000,"label":" ","price":10.4},{"type":"A","date":"2018-03-23T05:08:24.000Z","volume":10000,"label":" ","price":10.46},{"type":"A","date":"2018-03-23T05:08:24.000Z","volume":20000,"label":" ","price":10.48},{"type":"B","date":"2018-03-23T05:08:30.000Z","volume":4000,"label":" ","price":10.52},{"type":"B","date":"2018-03-23T05:08:32.000Z","volume":22000,"label":" ","price":10.5},{"type":"B","date":"2018-03-23T05:08:32.000Z","volume":2000,"label":" ","price":10.5},{"type":"U","date":"2018-03-23T05:08:33.000Z","volume":2000,"label":" ","price":10.5},{"type":"U","date":"2018-03-23T05:08:33.000Z","volume":2000,"label":" ","price":10.5},{"type":"U","date":"2018-03-23T05:08:33.000Z","volume":2000,"label":" ","price":10.5},{"type":"B","date":"2018-03-23T05:08:39.000Z","volume":4000,"label":" ","price":10.46},{"type":"U","date":"2018-03-23T05:08:45.000Z","volume":2000,"label":"X","price":10.4},{"type":"B","date":"2018-03-23T05:09:26.000Z","volume":20000,"label":" ","price":10.46},{"type":"B","date":"2018-03-23T05:09:26.000Z","volume":8000,"label":" ","price":10.44},{"type":"A","date":"2018-03-23T05:09:26.000Z","volume":2000,"label":" ","price":10.46},{"type":"B","date":"2018-03-23T05:09:28.000Z","volume":4000,"label":" ","price":10.44},{"type":"B","date":"2018-03-23T05:09:28.000Z","volume":6000,"label":" ","price":10.44},{"type":"B","date":"2018-03-23T05:09:49.000Z","volume":10000,"label":" ","price":10.42},{"type":"B","date":"2018-03-23T05:09:50.000Z","volume":2000,"label":" ","price":10.4},{"type":"A","date":"2018-03-23T05:09:51.000Z","volume":2000,"label":" ","price":10.42},{"type":"B","date":"2018-03-23T05:10:08.000Z","volume":8000,"label":" ","price":10.4},{"type":"B","date":"2018-03-23T05:10:10.000Z","volume":2000,"label":" ","price":10.4},{"type":"B","date":"2018-03-23T05:10:11.000Z","volume":10000,"label":" ","price":10.4},{"type":"A","date":"2018-03-23T05:10:30.000Z","volume":4000,"label":" ","price":10.4},{"type":"B","date":"2018-03-23T05:10:31.000Z","volume":2000,"label":" ","price":10.38},{"type":"B","date":"2018-03-23T05:10:40.000Z","volume":2000,"label":" ","price":10.38},{"type":"B","date":"2018-03-23T05:11:08.000Z","volume":10000,"label":" ","price":10.38},{"type":"B","date":"2018-03-23T05:11:10.000Z","volume":2000,"label":" ","price":10.38},{"type":"B","date":"2018-03-23T05:11:17.000Z","volume":4000,"label":" ","price":10.38},{"type":"B","date":"2018-03-23T05:15:38.000Z","volume":2000,"label":" ","price":10.38},{"type":"B","date":"2018-03-23T05:15:40.000Z","volume":2000,"label":" ","price":10.38},{"type":"U","date":"2018-03-23T05:18:00.000Z","volume":2000,"label":"X","price":10.39},{"type":"B","date":"2018-03-23T05:18:01.000Z","volume":4000,"label":" ","price":10.38},{"type":"B","date":"2018-03-23T05:18:05.000Z","volume":4000,"label":" ","price":10.38},{"type":"B","date":"2018-03-23T05:18:06.000Z","volume":2000,"label":" ","price":10.38},{"type":"B","date":"2018-03-23T05:18:10.000Z","volume":2000,"label":" ","price":10.38},{"type":"B","date":"2018-03-23T05:20:16.000Z","volume":6000,"label":" ","price":10.38},{"type":"B","date":"2018-03-23T05:20:19.000Z","volume":2000,"label":" ","price":10.38},{"type":"B","date":"2018-03-23T05:20:19.000Z","volume":2000,"label":" ","price":10.38},{"type":"B","date":"2018-03-23T05:20:19.000Z","volume":4000,"label":" ","price":10.38},{"type":"B","date":"2018-03-23T05:20:19.000Z","volume":4000,"label":" ","price":10.38},{"type":"B","date":"2018-03-23T05:20:19.000Z","volume":4000,"label":" ","price":10.38},{"type":"B","date":"2018-03-23T05:20:20.000Z","volume":14000,"label":" ","price":10.38},{"type":"A","date":"2018-03-23T05:20:22.000Z","volume":10000,"label":" ","price":10.38},{"type":"U","date":"2018-03-23T05:20:22.000Z","volume":2000,"label":"X","price":10.38},{"type":"B","date":"2018-03-23T05:20:29.000Z","volume":6000,"label":" ","price":10.36},{"type":"A","date":"2018-03-23T05:20:52.000Z","volume":118000,"label":" ","price":10.38},{"type":"A","date":"2018-03-23T05:20:52.000Z","volume":6000,"label":" ","price":10.38},{"type":"A","date":"2018-03-23T05:20:52.000Z","volume":30000,"label":" ","price":10.38},{"type":"A","date":"2018-03-23T05:20:52.000Z","volume":20000,"label":" ","price":10.38},{"type":"U","date":"2018-03-23T05:20:52.000Z","volume":2000,"label":"X","price":10.4},{"type":"U","date":"2018-03-23T05:20:53.000Z","volume":2000,"label":"X","price":10.4},{"type":"A","date":"2018-03-23T05:20:53.000Z","volume":4000,"label":" ","price":10.4},{"type":"A","date":"2018-03-23T05:20:53.000Z","volume":6000,"label":" ","price":10.44},{"type":"A","date":"2018-03-23T05:20:53.000Z","volume":10000,"label":" ","price":10.44},{"type":"A","date":"2018-03-23T05:20:53.000Z","volume":4000,"label":" ","price":10.44},{"type":"A","date":"2018-03-23T05:20:53.000Z","volume":2000,"label":" ","price":10.44},{"type":"A","date":"2018-03-23T05:20:54.000Z","volume":2000,"label":" ","price":10.5},{"type":"B","date":"2018-03-23T05:20:54.000Z","volume":4000,"label":" ","price":10.5},{"type":"B","date":"2018-03-23T05:21:01.000Z","volume":12000,"label":" ","price":10.5},{"type":"B","date":"2018-03-23T05:21:01.000Z","volume":14000,"label":" ","price":10.5},{"type":"B","date":"2018-03-23T05:21:01.000Z","volume":20000,"label":" ","price":10.46},{"type":"B","date":"2018-03-23T05:21:02.000Z","volume":6000,"label":" ","price":10.5},{"type":"B","date":"2018-03-23T05:21:02.000Z","volume":4000,"label":" ","price":10.5},{"type":"B","date":"2018-03-23T05:21:05.000Z","volume":2000,"label":" ","price":10.46},{"type":"U","date":"2018-03-23T05:21:16.000Z","volume":2000,"label":"X","price":10.54},{"type":"B","date":"2018-03-23T05:22:07.000Z","volume":2000,"label":" ","price":10.46},{"type":"B","date":"2018-03-23T05:24:03.000Z","volume":8000,"label":" ","price":10.46},{"type":"B","date":"2018-03-23T05:24:03.000Z","volume":4000,"label":" ","price":10.44},{"type":"B","date":"2018-03-23T05:24:04.000Z","volume":2000,"label":" ","price":10.42},{"type":"B","date":"2018-03-23T05:30:37.000Z","volume":2000,"label":" ","price":10.42},{"type":"B","date":"2018-03-23T05:31:11.000Z","volume":18000,"label":" ","price":10.42},{"type":"B","date":"2018-03-23T05:31:14.000Z","volume":2000,"label":" ","price":10.42},{"type":"B","date":"2018-03-23T05:31:16.000Z","volume":2000,"label":" ","price":10.42},{"type":"B","date":"2018-03-23T05:31:19.000Z","volume":2000,"label":" ","price":10.42},{"type":"B","date":"2018-03-23T05:31:19.000Z","volume":4000,"label":" ","price":10.42},{"type":"B","date":"2018-03-23T05:31:19.000Z","volume":4000,"label":" ","price":10.42},{"type":"B","date":"2018-03-23T05:31:19.000Z","volume":2000,"label":" ","price":10.42},{"type":"B","date":"2018-03-23T05:31:23.000Z","volume":2000,"label":" ","price":10.42},{"type":"B","date":"2018-03-23T05:31:26.000Z","volume":4000,"label":" ","price":10.4},{"type":"B","date":"2018-03-23T05:31:28.000Z","volume":2000,"label":" ","price":10.4},{"type":"B","date":"2018-03-23T05:31:46.000Z","volume":20000,"label":" ","price":10.4},{"type":"B","date":"2018-03-23T05:31:48.000Z","volume":4000,"label":" ","price":10.4},{"type":"A","date":"2018-03-23T05:31:52.000Z","volume":2000,"label":" ","price":10.42},{"type":"B","date":"2018-03-23T05:32:06.000Z","volume":6000,"label":" ","price":10.4},{"type":"B","date":"2018-03-23T05:33:08.000Z","volume":2000,"label":" ","price":10.4},{"type":"B","date":"2018-03-23T05:33:11.000Z","volume":2000,"label":" ","price":10.4},{"type":"B","date":"2018-03-23T05:33:20.000Z","volume":2000,"label":" ","price":10.4},{"type":"A","date":"2018-03-23T05:33:22.000Z","volume":2000,"label":" ","price":10.42},{"type":"B","date":"2018-03-23T05:33:56.000Z","volume":4000,"label":" ","price":10.4},{"type":"B","date":"2018-03-23T05:34:28.000Z","volume":4000,"label":" ","price":10.4},{"type":"B","date":"2018-03-23T05:34:41.000Z","volume":4000,"label":" ","price":10.4},{"type":"B","date":"2018-03-23T05:34:44.000Z","volume":2000,"label":" ","price":10.4},{"type":"B","date":"2018-03-23T05:34:53.000Z","volume":2000,"label":" ","price":10.4},{"type":"B","date":"2018-03-23T05:35:26.000Z","volume":4000,"label":" ","price":10.4},{"type":"B","date":"2018-03-23T05:37:06.000Z","volume":16000,"label":" ","price":10.4},{"type":"B","date":"2018-03-23T05:37:08.000Z","volume":2000,"label":" ","price":10.4},{"type":"B","date":"2018-03-23T05:37:11.000Z","volume":16000,"label":" ","price":10.4},{"type":"A","date":"2018-03-23T05:37:11.000Z","volume":8000,"label":" ","price":10.4},{"type":"A","date":"2018-03-23T05:37:11.000Z","volume":6000,"label":" ","price":10.4},{"type":"A","date":"2018-03-23T05:37:13.000Z","volume":4000,"label":" ","price":10.42},{"type":"B","date":"2018-03-23T05:37:19.000Z","volume":2000,"label":" ","price":10.4},{"type":"B","date":"2018-03-23T05:37:20.000Z","volume":4000,"label":" ","price":10.4},{"type":"B","date":"2018-03-23T05:37:56.000Z","volume":14000,"label":" ","price":10.4},{"type":"U","date":"2018-03-23T05:37:56.000Z","volume":2000,"label":"X","price":10.42},{"type":"B","date":"2018-03-23T05:37:57.000Z","volume":2000,"label":" ","price":10.4},{"type":"B","date":"2018-03-23T05:40:04.000Z","volume":2000,"label":" ","price":10.4},{"type":"B","date":"2018-03-23T05:40:05.000Z","volume":2000,"label":" ","price":10.4},{"type":"B","date":"2018-03-23T05:40:05.000Z","volume":4000,"label":" ","price":10.4},{"type":"B","date":"2018-03-23T05:40:06.000Z","volume":12000,"label":" ","price":10.4},{"type":"A","date":"2018-03-23T05:40:06.000Z","volume":8000,"label":" ","price":10.4},{"type":"B","date":"2018-03-23T05:40:06.000Z","volume":2000,"label":" ","price":10.4},{"type":"A","date":"2018-03-23T05:40:08.000Z","volume":2000,"label":" ","price":10.42},{"type":"B","date":"2018-03-23T05:40:51.000Z","volume":6000,"label":" ","price":10.4},{"type":"B","date":"2018-03-23T05:40:52.000Z","volume":2000,"label":" ","price":10.4},{"type":"B","date":"2018-03-23T05:41:36.000Z","volume":2000,"label":" ","price":10.4},{"type":"A","date":"2018-03-23T05:41:36.000Z","volume":2000,"label":" ","price":10.42},{"type":"A","date":"2018-03-23T05:41:39.000Z","volume":2000,"label":" ","price":10.42},{"type":"A","date":"2018-03-23T05:41:44.000Z","volume":2000,"label":" ","price":10.42},{"type":"A","date":"2018-03-23T05:41:44.000Z","volume":90000,"label":" ","price":10.42},{"type":"A","date":"2018-03-23T05:41:44.000Z","volume":8000,"label":" ","price":10.42},{"type":"A","date":"2018-03-23T05:41:44.000Z","volume":12000,"label":" ","price":10.42},{"type":"A","date":"2018-03-23T05:41:44.000Z","volume":2000,"label":" ","price":10.44},{"type":"A","date":"2018-03-23T05:41:45.000Z","volume":2000,"label":" ","price":10.44},{"type":"A","date":"2018-03-23T05:41:46.000Z","volume":2000,"label":" ","price":10.46},{"type":"A","date":"2018-03-23T05:41:46.000Z","volume":8000,"label":" ","price":10.48},{"type":"B","date":"2018-03-23T05:41:52.000Z","volume":14000,"label":" ","price":10.48},{"type":"B","date":"2018-03-23T05:41:54.000Z","volume":12000,"label":" ","price":10.46},{"type":"B","date":"2018-03-23T05:49:11.000Z","volume":14000,"label":" ","price":10.46},{"type":"U","date":"2018-03-23T05:49:11.000Z","volume":2000,"label":" ","price":10.46},{"type":"B","date":"2018-03-23T05:49:11.000Z","volume":2000,"label":" ","price":10.44},{"type":"A","date":"2018-03-23T05:49:11.000Z","volume":4000,"label":" ","price":10.48},{"type":"B","date":"2018-03-23T05:49:11.000Z","volume":2000,"label":" ","price":10.44},{"type":"B","date":"2018-03-23T05:49:11.000Z","volume":2000,"label":" ","price":10.44},{"type":"B","date":"2018-03-23T05:49:51.000Z","volume":30000,"label":" ","price":10.42},{"type":"B","date":"2018-03-23T05:49:52.000Z","volume":2000,"label":" ","price":10.4},{"type":"B","date":"2018-03-23T05:49:56.000Z","volume":22000,"label":" ","price":10.4},{"type":"A","date":"2018-03-23T05:49:56.000Z","volume":8000,"label":" ","price":10.4},{"type":"U","date":"2018-03-23T05:49:56.000Z","volume":2000,"label":"X","price":10.4},{"type":"A","date":"2018-03-23T05:49:56.000Z","volume":2000,"label":" ","price":10.4},{"type":"B","date":"2018-03-23T05:50:03.000Z","volume":4000,"label":" ","price":10.4},{"type":"B","date":"2018-03-23T05:50:03.000Z","volume":2000,"label":" ","price":10.4},{"type":"B","date":"2018-03-23T05:50:04.000Z","volume":4000,"label":" ","price":10.4},{"type":"B","date":"2018-03-23T05:50:04.000Z","volume":4000,"label":" ","price":10.4},{"type":"B","date":"2018-03-23T05:50:04.000Z","volume":4000,"label":" ","price":10.4},{"type":"A","date":"2018-03-23T05:50:04.000Z","volume":8000,"label":" ","price":10.4},{"type":"B","date":"2018-03-23T05:50:04.000Z","volume":2000,"label":" ","price":10.4},{"type":"U","date":"2018-03-23T05:50:17.000Z","volume":2000,"label":"X","price":10.41},{"type":"A","date":"2018-03-23T05:51:05.000Z","volume":8000,"label":" ","price":10.42},{"type":"B","date":"2018-03-23T05:51:07.000Z","volume":2000,"label":" ","price":10.4},{"type":"A","date":"2018-03-23T05:51:39.000Z","volume":2000,"label":" ","price":10.42},{"type":"B","date":"2018-03-23T05:51:51.000Z","volume":6000,"label":" ","price":10.4},{"type":"B","date":"2018-03-23T05:52:38.000Z","volume":4000,"label":" ","price":10.4},{"type":"B","date":"2018-03-23T05:52:39.000Z","volume":2000,"label":" ","price":10.38},{"type":"U","date":"2018-03-23T05:53:30.000Z","volume":20000,"label":"X","price":10.4},{"type":"A","date":"2018-03-23T05:54:08.000Z","volume":2000,"label":" ","price":10.42},{"type":"B","date":"2018-03-23T05:54:31.000Z","volume":6000,"label":" ","price":10.4},{"type":"A","date":"2018-03-23T05:54:31.000Z","volume":12000,"label":" ","price":10.4},{"type":"A","date":"2018-03-23T05:54:33.000Z","volume":4000,"label":" ","price":10.4},{"type":"B","date":"2018-03-23T05:54:33.000Z","volume":2000,"label":" ","price":10.38},{"type":"A","date":"2018-03-23T05:56:03.000Z","volume":2000,"label":" ","price":10.4},{"type":"B","date":"2018-03-23T05:56:04.000Z","volume":2000,"label":" ","price":10.38},{"type":"B","date":"2018-03-23T05:56:38.000Z","volume":20000,"label":" ","price":10.38},{"type":"B","date":"2018-03-23T05:56:39.000Z","volume":2000,"label":" ","price":10.38},{"type":"A","date":"2018-03-23T05:56:43.000Z","volume":2000,"label":" ","price":10.4},{"type":"B","date":"2018-03-23T05:57:18.000Z","volume":2000,"label":" ","price":10.38},{"type":"A","date":"2018-03-23T05:58:14.000Z","volume":2000,"label":" ","price":10.4},{"type":"B","date":"2018-03-23T05:59:07.000Z","volume":2000,"label":" ","price":10.38},{"type":"B","date":"2018-03-23T05:59:16.000Z","volume":2000,"label":" ","price":10.38},{"type":"A","date":"2018-03-23T05:59:19.000Z","volume":2000,"label":" ","price":10.4},{"type":"A","date":"2018-03-23T05:59:21.000Z","volume":2000,"label":" ","price":10.4},{"type":"B","date":"2018-03-23T06:00:18.000Z","volume":42000,"label":" ","price":10.38},{"type":"U","date":"2018-03-23T06:00:18.000Z","volume":8000,"label":" ","price":10.38},{"type":"U","date":"2018-03-23T06:00:18.000Z","volume":8000,"label":" ","price":10.38},{"type":"U","date":"2018-03-23T06:00:18.000Z","volume":8000,"label":" ","price":10.38},{"type":"B","date":"2018-03-23T06:00:18.000Z","volume":4000,"label":" ","price":10.38},{"type":"B","date":"2018-03-23T06:00:18.000Z","volume":4000,"label":" ","price":10.38},{"type":"B","date":"2018-03-23T06:00:19.000Z","volume":10000,"label":" ","price":10.38},{"type":"B","date":"2018-03-23T06:00:19.000Z","volume":2000,"label":" ","price":10.38},{"type":"B","date":"2018-03-23T06:00:19.000Z","volume":4000,"label":" ","price":10.38},{"type":"B","date":"2018-03-23T06:00:19.000Z","volume":2000,"label":" ","price":10.38},{"type":"B","date":"2018-03-23T06:00:19.000Z","volume":2000,"label":" ","price":10.38},{"type":"B","date":"2018-03-23T06:00:20.000Z","volume":2000,"label":" ","price":10.36},{"type":"B","date":"2018-03-23T06:00:20.000Z","volume":2000,"label":" ","price":10.36},{"type":"A","date":"2018-03-23T06:00:22.000Z","volume":2000,"label":" ","price":10.38},{"type":"A","date":"2018-03-23T06:00:23.000Z","volume":112000,"label":" ","price":10.38},{"type":"A","date":"2018-03-23T06:00:26.000Z","volume":12000,"label":" ","price":10.4},{"type":"B","date":"2018-03-23T06:00:26.000Z","volume":2000,"label":" ","price":10.38},{"type":"U","date":"2018-03-23T06:00:47.000Z","volume":2000,"label":"X","price":10.4},{"type":"U","date":"2018-03-23T06:00:47.000Z","volume":2000,"label":"X","price":10.4},{"type":"A","date":"2018-03-23T06:01:52.000Z","volume":12000,"label":" ","price":10.4},{"type":"A","date":"2018-03-23T06:01:54.000Z","volume":2000,"label":" ","price":10.4},{"type":"U","date":"2018-03-23T06:01:54.000Z","volume":4000,"label":"X","price":10.4},{"type":"A","date":"2018-03-23T06:01:56.000Z","volume":12000,"label":" ","price":10.4},{"type":"B","date":"2018-03-23T06:03:03.000Z","volume":2000,"label":" ","price":10.38},{"type":"A","date":"2018-03-23T06:03:29.000Z","volume":4000,"label":" ","price":10.4},{"type":"B","date":"2018-03-23T06:03:30.000Z","volume":2000,"label":" ","price":10.38},{"type":"A","date":"2018-03-23T06:03:32.000Z","volume":2000,"label":" ","price":10.4},{"type":"B","date":"2018-03-23T06:05:46.000Z","volume":8000,"label":" ","price":10.38},{"type":"U","date":"2018-03-23T06:07:54.000Z","volume":4000,"label":"X","price":10.4},{"type":"A","date":"2018-03-23T06:08:43.000Z","volume":18000,"label":" ","price":10.4},{"type":"B","date":"2018-03-23T06:08:44.000Z","volume":4000,"label":" ","price":10.38},{"type":"A","date":"2018-03-23T06:08:45.000Z","volume":4000,"label":" ","price":10.4},{"type":"B","date":"2018-03-23T06:09:11.000Z","volume":2000,"label":" ","price":10.38},{"type":"A","date":"2018-03-23T06:10:14.000Z","volume":2000,"label":" ","price":10.4},{"type":"A","date":"2018-03-23T06:10:20.000Z","volume":2000,"label":" ","price":10.4},{"type":"B","date":"2018-03-23T06:11:49.000Z","volume":2000,"label":" ","price":10.38},{"type":"B","date":"2018-03-23T06:11:49.000Z","volume":4000,"label":" ","price":10.38},{"type":"B","date":"2018-03-23T06:11:49.000Z","volume":2000,"label":" ","price":10.38},{"type":"B","date":"2018-03-23T06:11:49.000Z","volume":4000,"label":" ","price":10.38},{"type":"B","date":"2018-03-23T06:11:49.000Z","volume":2000,"label":" ","price":10.38},{"type":"B","date":"2018-03-23T06:11:49.000Z","volume":4000,"label":" ","price":10.38},{"type":"B","date":"2018-03-23T06:11:50.000Z","volume":2000,"label":" ","price":10.38},{"type":"B","date":"2018-03-23T06:12:01.000Z","volume":24000,"label":" ","price":10.38},{"type":"B","date":"2018-03-23T06:12:02.000Z","volume":4000,"label":" ","price":10.38},{"type":"B","date":"2018-03-23T06:12:02.000Z","volume":4000,"label":" ","price":10.38},{"type":"B","date":"2018-03-23T06:12:07.000Z","volume":8000,"label":" ","price":10.38},{"type":"B","date":"2018-03-23T06:12:12.000Z","volume":2000,"label":" ","price":10.38},{"type":"B","date":"2018-03-23T06:12:12.000Z","volume":2000,"label":" ","price":10.38},{"type":"B","date":"2018-03-23T06:12:13.000Z","volume":2000,"label":" ","price":10.38},{"type":"U","date":"2018-03-23T06:12:17.000Z","volume":2000,"label":"X","price":10.4},{"type":"B","date":"2018-03-23T06:12:28.000Z","volume":8000,"label":" ","price":10.38},{"type":"B","date":"2018-03-23T06:12:28.000Z","volume":2000,"label":" ","price":10.38},{"type":"B","date":"2018-03-23T06:12:29.000Z","volume":2000,"label":" ","price":10.38},{"type":"B","date":"2018-03-23T06:12:30.000Z","volume":2000,"label":" ","price":10.38},{"type":"A","date":"2018-03-23T06:12:31.000Z","volume":2000,"label":" ","price":10.4},{"type":"B","date":"2018-03-23T06:12:31.000Z","volume":2000,"label":" ","price":10.38},{"type":"U","date":"2018-03-23T06:12:47.000Z","volume":2000,"label":"X","price":10.4},{"type":"B","date":"2018-03-23T06:12:52.000Z","volume":6000,"label":" ","price":10.38},{"type":"A","date":"2018-03-23T06:12:52.000Z","volume":8000,"label":" ","price":10.38},{"type":"U","date":"2018-03-23T06:12:52.000Z","volume":2000,"label":"X","price":10.38},{"type":"A","date":"2018-03-23T06:12:53.000Z","volume":8000,"label":" ","price":10.38},{"type":"A","date":"2018-03-23T06:12:53.000Z","volume":8000,"label":" ","price":10.38},{"type":"A","date":"2018-03-23T06:12:53.000Z","volume":8000,"label":" ","price":10.38},{"type":"A","date":"2018-03-23T06:12:53.000Z","volume":8000,"label":" ","price":10.38},{"type":"A","date":"2018-03-23T06:12:53.000Z","volume":8000,"label":" ","price":10.38},{"type":"A","date":"2018-03-23T06:12:55.000Z","volume":6000,"label":" ","price":10.38},{"type":"B","date":"2018-03-23T06:12:55.000Z","volume":8000,"label":" ","price":10.36},{"type":"A","date":"2018-03-23T06:12:55.000Z","volume":4000,"label":" ","price":10.38},{"type":"A","date":"2018-03-23T06:12:57.000Z","volume":108000,"label":" ","price":10.38},{"type":"A","date":"2018-03-23T06:12:58.000Z","volume":2000,"label":" ","price":10.4},{"type":"A","date":"2018-03-23T06:12:59.000Z","volume":12000,"label":" ","price":10.4},{"type":"A","date":"2018-03-23T06:12:59.000Z","volume":12000,"label":" ","price":10.4},{"type":"A","date":"2018-03-23T06:12:59.000Z","volume":28000,"label":" ","price":10.4},{"type":"A","date":"2018-03-23T06:12:59.000Z","volume":4000,"label":" ","price":10.42},{"type":"B","date":"2018-03-23T06:13:00.000Z","volume":4000,"label":" ","price":10.4},{"type":"B","date":"2018-03-23T06:13:08.000Z","volume":4000,"label":" ","price":10.42},{"type":"B","date":"2018-03-23T06:13:14.000Z","volume":10000,"label":" ","price":10.42},{"type":"U","date":"2018-03-23T06:13:15.000Z","volume":2000,"label":" ","price":10.46},{"type":"U","date":"2018-03-23T06:13:15.000Z","volume":18000,"label":" ","price":10.46},{"type":"B","date":"2018-03-23T06:13:15.000Z","volume":12000,"label":" ","price":10.44},{"type":"U","date":"2018-03-23T06:13:17.000Z","volume":4000,"label":" ","price":10.44},{"type":"B","date":"2018-03-23T06:13:17.000Z","volume":4000,"label":" ","price":10.42},{"type":"U","date":"2018-03-23T06:13:18.000Z","volume":2000,"label":"X","price":10.4},{"type":"U","date":"2018-03-23T06:13:18.000Z","volume":2000,"label":"X","price":10.42},{"type":"B","date":"2018-03-23T06:13:18.000Z","volume":4000,"label":" ","price":10.42},{"type":"B","date":"2018-03-23T06:13:22.000Z","volume":16000,"label":" ","price":10.42},{"type":"B","date":"2018-03-23T06:13:23.000Z","volume":2000,"label":" ","price":10.4},{"type":"U","date":"2018-03-23T06:13:24.000Z","volume":2000,"label":" ","price":10.44},{"type":"U","date":"2018-03-23T06:13:24.000Z","volume":4000,"label":" ","price":10.44},{"type":"U","date":"2018-03-23T06:13:24.000Z","volume":2000,"label":" ","price":10.44},{"type":"B","date":"2018-03-23T06:13:25.000Z","volume":2000,"label":" ","price":10.42},{"type":"U","date":"2018-03-23T06:14:51.000Z","volume":2000,"label":" ","price":10.42},{"type":"B","date":"2018-03-23T06:18:12.000Z","volume":10000,"label":" ","price":10.4},{"type":"U","date":"2018-03-23T06:18:12.000Z","volume":2000,"label":" ","price":10.4},{"type":"U","date":"2018-03-23T06:18:12.000Z","volume":4000,"label":"X","price":10.44},{"type":"B","date":"2018-03-23T06:18:12.000Z","volume":4000,"label":" ","price":10.38},{"type":"B","date":"2018-03-23T06:18:14.000Z","volume":2000,"label":" ","price":10.38},{"type":"B","date":"2018-03-23T06:18:22.000Z","volume":2000,"label":" ","price":10.4},{"type":"B","date":"2018-03-23T06:18:22.000Z","volume":10000,"label":" ","price":10.38},{"type":"B","date":"2018-03-23T06:18:27.000Z","volume":2000,"label":" ","price":10.38},{"type":"B","date":"2018-03-23T06:18:34.000Z","volume":4000,"label":" ","price":10.38},{"type":"B","date":"2018-03-23T06:18:34.000Z","volume":4000,"label":" ","price":10.38},{"type":"B","date":"2018-03-23T06:18:37.000Z","volume":10000,"label":" ","price":10.38},{"type":"A","date":"2018-03-23T06:18:37.000Z","volume":32000,"label":" ","price":10.38},{"type":"A","date":"2018-03-23T06:18:37.000Z","volume":8000,"label":" ","price":10.38},{"type":"A","date":"2018-03-23T06:18:38.000Z","volume":8000,"label":" ","price":10.38},{"type":"A","date":"2018-03-23T06:18:38.000Z","volume":4000,"label":" ","price":10.38},{"type":"A","date":"2018-03-23T06:18:38.000Z","volume":8000,"label":" ","price":10.38},{"type":"A","date":"2018-03-23T06:18:38.000Z","volume":8000,"label":" ","price":10.38},{"type":"A","date":"2018-03-23T06:18:38.000Z","volume":8000,"label":" ","price":10.38},{"type":"A","date":"2018-03-23T06:18:38.000Z","volume":8000,"label":" ","price":10.38},{"type":"A","date":"2018-03-23T06:18:39.000Z","volume":6000,"label":" ","price":10.38},{"type":"A","date":"2018-03-23T06:18:39.000Z","volume":6000,"label":" ","price":10.38},{"type":"A","date":"2018-03-23T06:18:39.000Z","volume":10000,"label":" ","price":10.38},{"type":"A","date":"2018-03-23T06:18:41.000Z","volume":2000,"label":" ","price":10.38},{"type":"A","date":"2018-03-23T06:18:41.000Z","volume":24000,"label":" ","price":10.38},{"type":"A","date":"2018-03-23T06:18:41.000Z","volume":2000,"label":" ","price":10.38},{"type":"B","date":"2018-03-23T06:18:42.000Z","volume":20000,"label":" ","price":10.36},{"type":"A","date":"2018-03-23T06:18:51.000Z","volume":8000,"label":" ","price":10.4},{"type":"B","date":"2018-03-23T06:18:52.000Z","volume":34000,"label":" ","price":10.38},{"type":"U","date":"2018-03-23T06:18:52.000Z","volume":4000,"label":"X","price":10.4},{"type":"B","date":"2018-03-23T06:18:54.000Z","volume":2000,"label":" ","price":10.38},{"type":"B","date":"2018-03-23T06:18:54.000Z","volume":6000,"label":" ","price":10.38},{"type":"A","date":"2018-03-23T06:19:10.000Z","volume":28000,"label":" ","price":10.4},{"type":"A","date":"2018-03-23T06:20:15.000Z","volume":4000,"label":" ","price":10.4},{"type":"A","date":"2018-03-23T06:20:23.000Z","volume":6000,"label":" ","price":10.4},{"type":"A","date":"2018-03-23T06:20:39.000Z","volume":2000,"label":" ","price":10.4},{"type":"A","date":"2018-03-23T06:20:44.000Z","volume":2000,"label":" ","price":10.4},{"type":"B","date":"2018-03-23T06:21:19.000Z","volume":4000,"label":" ","price":10.38},{"type":"A","date":"2018-03-23T06:21:19.000Z","volume":4000,"label":" ","price":10.4},{"type":"A","date":"2018-03-23T06:21:22.000Z","volume":2000,"label":" ","price":10.4},{"type":"A","date":"2018-03-23T06:21:22.000Z","volume":2000,"label":" ","price":10.4},{"type":"A","date":"2018-03-23T06:21:45.000Z","volume":2000,"label":" ","price":10.4},{"type":"A","date":"2018-03-23T06:21:59.000Z","volume":2000,"label":" ","price":10.4},{"type":"B","date":"2018-03-23T06:22:00.000Z","volume":2000,"label":" ","price":10.38},{"type":"B","date":"2018-03-23T06:22:23.000Z","volume":4000,"label":" ","price":10.38},{"type":"B","date":"2018-03-23T06:22:59.000Z","volume":20000,"label":" ","price":10.38},{"type":"B","date":"2018-03-23T06:23:00.000Z","volume":2000,"label":" ","price":10.38},{"type":"B","date":"2018-03-23T06:24:08.000Z","volume":4000,"label":" ","price":10.38},{"type":"A","date":"2018-03-23T06:24:10.000Z","volume":2000,"label":" ","price":10.4},{"type":"A","date":"2018-03-23T06:24:10.000Z","volume":10000,"label":" ","price":10.4},{"type":"A","date":"2018-03-23T06:24:35.000Z","volume":2000,"label":" ","price":10.4},{"type":"B","date":"2018-03-23T06:26:38.000Z","volume":4000,"label":" ","price":10.38},{"type":"B","date":"2018-03-23T06:29:22.000Z","volume":10000,"label":" ","price":10.38},{"type":"U","date":"2018-03-23T06:29:22.000Z","volume":2000,"label":"X","price":10.4},{"type":"B","date":"2018-03-23T06:29:23.000Z","volume":4000,"label":" ","price":10.38},{"type":"B","date":"2018-03-23T06:29:23.000Z","volume":2000,"label":" ","price":10.38},{"type":"B","date":"2018-03-23T06:29:27.000Z","volume":16000,"label":" ","price":10.38},{"type":"A","date":"2018-03-23T06:29:27.000Z","volume":4000,"label":" ","price":10.38},{"type":"A","date":"2018-03-23T06:29:28.000Z","volume":8000,"label":" ","price":10.38},{"type":"A","date":"2018-03-23T06:29:28.000Z","volume":8000,"label":" ","price":10.38},{"type":"A","date":"2018-03-23T06:29:28.000Z","volume":16000,"label":" ","price":10.38},{"type":"A","date":"2018-03-23T06:29:28.000Z","volume":4000,"label":" ","price":10.4},{"type":"A","date":"2018-03-23T06:29:32.000Z","volume":52000,"label":" ","price":10.4},{"type":"A","date":"2018-03-23T06:29:32.000Z","volume":12000,"label":" ","price":10.4},{"type":"A","date":"2018-03-23T06:29:32.000Z","volume":4000,"label":" ","price":10.42},{"type":"B","date":"2018-03-23T06:29:35.000Z","volume":8000,"label":" ","price":10.42},{"type":"U","date":"2018-03-23T06:29:48.000Z","volume":2000,"label":"X","price":10.46},{"type":"U","date":"2018-03-23T06:29:55.000Z","volume":10000,"label":" ","price":10.44},{"type":"B","date":"2018-03-23T06:29:56.000Z","volume":2000,"label":" ","price":10.44},{"type":"B","date":"2018-03-23T06:29:56.000Z","volume":6000,"label":" ","price":10.44},{"type":"A","date":"2018-03-23T06:29:57.000Z","volume":4000,"label":" ","price":10.46},{"type":"B","date":"2018-03-23T06:30:14.000Z","volume":2000,"label":" ","price":10.42},{"type":"B","date":"2018-03-23T06:31:54.000Z","volume":12000,"label":" ","price":10.42},{"type":"B","date":"2018-03-23T06:31:55.000Z","volume":2000,"label":" ","price":10.4},{"type":"B","date":"2018-03-23T06:33:22.000Z","volume":10000,"label":"Y","price":10.4},{"type":"B","date":"2018-03-23T06:33:22.000Z","volume":8000,"label":" ","price":10.4},{"type":"B","date":"2018-03-23T06:33:22.000Z","volume":22000,"label":" ","price":10.38},{"type":"U","date":"2018-03-23T06:33:22.000Z","volume":2000,"label":"X","price":10.4},{"type":"A","date":"2018-03-23T06:33:22.000Z","volume":2000,"label":" ","price":10.4},{"type":"U","date":"2018-03-23T06:33:22.000Z","volume":2000,"label":" ","price":10.38},{"type":"B","date":"2018-03-23T06:33:23.000Z","volume":6000,"label":" ","price":10.38},{"type":"B","date":"2018-03-23T06:33:31.000Z","volume":2000,"label":" ","price":10.38},{"type":"B","date":"2018-03-23T06:33:34.000Z","volume":4000,"label":" ","price":10.38},{"type":"B","date":"2018-03-23T06:33:38.000Z","volume":8000,"label":" ","price":10.38},{"type":"B","date":"2018-03-23T06:33:42.000Z","volume":10000,"label":" ","price":10.38},{"type":"A","date":"2018-03-23T06:33:42.000Z","volume":8000,"label":" ","price":10.38},{"type":"A","date":"2018-03-23T06:33:43.000Z","volume":8000,"label":" ","price":10.38},{"type":"A","date":"2018-03-23T06:33:43.000Z","volume":8000,"label":" ","price":10.38},{"type":"A","date":"2018-03-23T06:33:43.000Z","volume":8000,"label":" ","price":10.38},{"type":"A","date":"2018-03-23T06:33:43.000Z","volume":4000,"label":" ","price":10.38},{"type":"B","date":"2018-03-23T06:33:46.000Z","volume":8000,"label":" ","price":10.38},{"type":"B","date":"2018-03-23T06:36:02.000Z","volume":14000,"label":" ","price":10.38},{"type":"B","date":"2018-03-23T06:36:02.000Z","volume":8000,"label":" ","price":10.38},{"type":"U","date":"2018-03-23T06:36:02.000Z","volume":2000,"label":"X","price":10.38},{"type":"B","date":"2018-03-23T06:36:02.000Z","volume":2000,"label":" ","price":10.38},{"type":"A","date":"2018-03-23T06:36:03.000Z","volume":8000,"label":" ","price":10.38},{"type":"B","date":"2018-03-23T06:36:03.000Z","volume":4000,"label":" ","price":10.38},{"type":"B","date":"2018-03-23T06:36:05.000Z","volume":4000,"label":" ","price":10.38},{"type":"A","date":"2018-03-23T06:37:35.000Z","volume":2000,"label":" ","price":10.4},{"type":"A","date":"2018-03-23T06:37:39.000Z","volume":2000,"label":" ","price":10.4},{"type":"B","date":"2018-03-23T06:37:57.000Z","volume":20000,"label":" ","price":10.38},{"type":"A","date":"2018-03-23T06:37:57.000Z","volume":8000,"label":" ","price":10.38},{"type":"A","date":"2018-03-23T06:37:57.000Z","volume":2000,"label":" ","price":10.38},{"type":"A","date":"2018-03-23T06:37:58.000Z","volume":8000,"label":" ","price":10.38},{"type":"A","date":"2018-03-23T06:37:58.000Z","volume":8000,"label":" ","price":10.38},{"type":"A","date":"2018-03-23T06:37:58.000Z","volume":2000,"label":" ","price":10.38},{"type":"B","date":"2018-03-23T06:37:58.000Z","volume":8000,"label":" ","price":10.38},{"type":"B","date":"2018-03-23T06:38:01.000Z","volume":2000,"label":" ","price":10.38},{"type":"B","date":"2018-03-23T06:38:38.000Z","volume":4000,"label":" ","price":10.38},{"type":"B","date":"2018-03-23T06:41:08.000Z","volume":4000,"label":" ","price":10.38},{"type":"B","date":"2018-03-23T06:43:02.000Z","volume":8000,"label":" ","price":10.38},{"type":"A","date":"2018-03-23T06:43:03.000Z","volume":8000,"label":" ","price":10.38},{"type":"A","date":"2018-03-23T06:43:03.000Z","volume":6000,"label":" ","price":10.38},{"type":"B","date":"2018-03-23T06:43:03.000Z","volume":4000,"label":" ","price":10.38},{"type":"B","date":"2018-03-23T06:43:23.000Z","volume":4000,"label":" ","price":10.38},{"type":"A","date":"2018-03-23T06:43:23.000Z","volume":4000,"label":" ","price":10.4},{"type":"B","date":"2018-03-23T06:45:57.000Z","volume":12000,"label":" ","price":10.38},{"type":"A","date":"2018-03-23T06:45:57.000Z","volume":8000,"label":" ","price":10.38},{"type":"A","date":"2018-03-23T06:45:58.000Z","volume":8000,"label":" ","price":10.38},{"type":"A","date":"2018-03-23T06:45:58.000Z","volume":8000,"label":" ","price":10.38},{"type":"A","date":"2018-03-23T06:45:58.000Z","volume":2000,"label":" ","price":10.38},{"type":"B","date":"2018-03-23T06:46:00.000Z","volume":6000,"label":" ","price":10.36},{"type":"A","date":"2018-03-23T06:46:02.000Z","volume":48000,"label":" ","price":10.38},{"type":"U","date":"2018-03-23T06:46:18.000Z","volume":2000,"label":"X","price":10.37},{"type":"U","date":"2018-03-23T06:46:18.000Z","volume":2000,"label":"X","price":10.38},{"type":"A","date":"2018-03-23T06:47:35.000Z","volume":8000,"label":" ","price":10.38},{"type":"U","date":"2018-03-23T06:47:35.000Z","volume":4000,"label":"X","price":10.38},{"type":"A","date":"2018-03-23T06:49:08.000Z","volume":2000,"label":" ","price":10.38},{"type":"A","date":"2018-03-23T06:52:04.000Z","volume":4000,"label":" ","price":10.38},{"type":"A","date":"2018-03-23T06:52:07.000Z","volume":2000,"label":" ","price":10.38},{"type":"B","date":"2018-03-23T06:53:31.000Z","volume":2000,"label":" ","price":10.36},{"type":"A","date":"2018-03-23T06:53:34.000Z","volume":2000,"label":" ","price":10.38},{"type":"A","date":"2018-03-23T06:53:48.000Z","volume":2000,"label":" ","price":10.38},{"type":"B","date":"2018-03-23T06:54:04.000Z","volume":2000,"label":" ","price":10.36},{"type":"B","date":"2018-03-23T06:54:04.000Z","volume":4000,"label":" ","price":10.36},{"type":"B","date":"2018-03-23T06:54:04.000Z","volume":4000,"label":" ","price":10.36},{"type":"A","date":"2018-03-23T06:55:05.000Z","volume":2000,"label":" ","price":10.38},{"type":"B","date":"2018-03-23T06:56:47.000Z","volume":16000,"label":" ","price":10.36},{"type":"B","date":"2018-03-23T06:56:49.000Z","volume":2000,"label":" ","price":10.36},{"type":"B","date":"2018-03-23T06:56:52.000Z","volume":18000,"label":" ","price":10.36},{"type":"B","date":"2018-03-23T06:56:57.000Z","volume":20000,"label":" ","price":10.36},{"type":"B","date":"2018-03-23T06:56:59.000Z","volume":6000,"label":" ","price":10.36},{"type":"B","date":"2018-03-23T06:57:04.000Z","volume":4000,"label":" ","price":10.36},{"type":"B","date":"2018-03-23T06:57:04.000Z","volume":2000,"label":" ","price":10.36},{"type":"A","date":"2018-03-23T06:57:10.000Z","volume":6000,"label":" ","price":10.36},{"type":"A","date":"2018-03-23T06:57:16.000Z","volume":22000,"label":" ","price":10.36},{"type":"A","date":"2018-03-23T06:57:16.000Z","volume":44000,"label":" ","price":10.36},{"type":"A","date":"2018-03-23T06:57:16.000Z","volume":34000,"label":" ","price":10.36},{"type":"A","date":"2018-03-23T06:57:16.000Z","volume":2000,"label":" ","price":10.36},{"type":"A","date":"2018-03-23T06:57:20.000Z","volume":6000,"label":" ","price":10.38},{"type":"U","date":"2018-03-23T06:57:48.000Z","volume":2000,"label":"X","price":10.38},{"type":"U","date":"2018-03-23T06:59:53.000Z","volume":4000,"label":"X","price":10.4},{"type":"B","date":"2018-03-23T07:00:04.000Z","volume":4000,"label":" ","price":10.38},{"type":"B","date":"2018-03-23T07:01:02.000Z","volume":12000,"label":" ","price":10.38},{"type":"B","date":"2018-03-23T07:01:02.000Z","volume":26000,"label":" ","price":10.38},{"type":"B","date":"2018-03-23T07:01:34.000Z","volume":2000,"label":" ","price":10.38},{"type":"B","date":"2018-03-23T07:02:03.000Z","volume":2000,"label":" ","price":10.38},{"type":"B","date":"2018-03-23T07:02:03.000Z","volume":2000,"label":" ","price":10.38},{"type":"B","date":"2018-03-23T07:02:23.000Z","volume":2000,"label":" ","price":10.38},{"type":"B","date":"2018-03-23T07:03:53.000Z","volume":4000,"label":" ","price":10.38},{"type":"B","date":"2018-03-23T07:04:57.000Z","volume":6000,"label":" ","price":10.38},{"type":"U","date":"2018-03-23T07:04:57.000Z","volume":4000,"label":"X","price":10.38},{"type":"B","date":"2018-03-23T07:06:23.000Z","volume":2000,"label":" ","price":10.36},{"type":"B","date":"2018-03-23T07:06:24.000Z","volume":2000,"label":" ","price":10.36},{"type":"B","date":"2018-03-23T07:06:59.000Z","volume":2000,"label":" ","price":10.36},{"type":"B","date":"2018-03-23T07:07:53.000Z","volume":4000,"label":" ","price":10.36},{"type":"B","date":"2018-03-23T07:08:02.000Z","volume":8000,"label":" ","price":10.36},{"type":"B","date":"2018-03-23T07:08:06.000Z","volume":2000,"label":" ","price":10.34},{"type":"B","date":"2018-03-23T07:09:46.000Z","volume":2000,"label":" ","price":10.34},{"type":"U","date":"2018-03-23T07:09:48.000Z","volume":6000,"label":"X","price":10.34},{"type":"B","date":"2018-03-23T07:09:48.000Z","volume":8000,"label":" ","price":10.34},{"type":"B","date":"2018-03-23T07:12:13.000Z","volume":28000,"label":" ","price":10.34},{"type":"B","date":"2018-03-23T07:12:15.000Z","volume":4000,"label":" ","price":10.34},{"type":"B","date":"2018-03-23T07:12:19.000Z","volume":6000,"label":" ","price":10.34},{"type":"B","date":"2018-03-23T07:12:22.000Z","volume":2000,"label":" ","price":10.34},{"type":"B","date":"2018-03-23T07:12:24.000Z","volume":2000,"label":" ","price":10.34},{"type":"B","date":"2018-03-23T07:12:53.000Z","volume":4000,"label":" ","price":10.34},{"type":"B","date":"2018-03-23T07:13:32.000Z","volume":6000,"label":" ","price":10.34},{"type":"A","date":"2018-03-23T07:14:45.000Z","volume":186000,"label":" ","price":10.34},{"type":"A","date":"2018-03-23T07:14:45.000Z","volume":26000,"label":" ","price":10.34},{"type":"A","date":"2018-03-23T07:14:45.000Z","volume":28000,"label":" ","price":10.34},{"type":"A","date":"2018-03-23T07:14:47.000Z","volume":2000,"label":" ","price":10.36},{"type":"A","date":"2018-03-23T07:14:52.000Z","volume":12000,"label":" ","price":10.36},{"type":"U","date":"2018-03-23T07:14:52.000Z","volume":4000,"label":"X","price":10.4},{"type":"U","date":"2018-03-23T07:15:19.000Z","volume":2000,"label":"X","price":10.36},{"type":"U","date":"2018-03-23T07:15:19.000Z","volume":2000,"label":"X","price":10.36},{"type":"U","date":"2018-03-23T07:15:19.000Z","volume":4000,"label":"X","price":10.36},{"type":"U","date":"2018-03-23T07:17:32.000Z","volume":2000,"label":"X","price":10.39},{"type":"B","date":"2018-03-23T07:21:03.000Z","volume":22000,"label":" ","price":10.38},{"type":"B","date":"2018-03-23T07:21:08.000Z","volume":20000,"label":" ","price":10.38},{"type":"B","date":"2018-03-23T07:21:17.000Z","volume":4000,"label":" ","price":10.38},{"type":"B","date":"2018-03-23T07:21:17.000Z","volume":4000,"label":" ","price":10.38},{"type":"B","date":"2018-03-23T07:21:17.000Z","volume":4000,"label":" ","price":10.38},{"type":"B","date":"2018-03-23T07:21:17.000Z","volume":4000,"label":" ","price":10.38},{"type":"B","date":"2018-03-23T07:21:18.000Z","volume":2000,"label":" ","price":10.36},{"type":"B","date":"2018-03-23T07:23:02.000Z","volume":4000,"label":" ","price":10.38},{"type":"A","date":"2018-03-23T07:23:54.000Z","volume":2000,"label":" ","price":10.4},{"type":"B","date":"2018-03-23T07:23:54.000Z","volume":2000,"label":" ","price":10.38},{"type":"B","date":"2018-03-23T07:24:08.000Z","volume":10000,"label":" ","price":10.38},{"type":"A","date":"2018-03-23T07:24:08.000Z","volume":2000,"label":" ","price":10.38},{"type":"B","date":"2018-03-23T07:24:47.000Z","volume":4000,"label":" ","price":10.36},{"type":"B","date":"2018-03-23T07:24:48.000Z","volume":2000,"label":" ","price":10.36},{"type":"B","date":"2018-03-23T07:24:48.000Z","volume":10000,"label":" ","price":10.36},{"type":"B","date":"2018-03-23T07:26:30.000Z","volume":2000,"label":" ","price":10.36},{"type":"B","date":"2018-03-23T07:26:31.000Z","volume":4000,"label":" ","price":10.36},{"type":"B","date":"2018-03-23T07:26:32.000Z","volume":2000,"label":" ","price":10.36},{"type":"A","date":"2018-03-23T07:27:52.000Z","volume":26000,"label":" ","price":10.38},{"type":"B","date":"2018-03-23T07:27:54.000Z","volume":4000,"label":" ","price":10.36},{"type":"U","date":"2018-03-23T07:30:08.000Z","volume":60000,"label":"X","price":10.36},{"type":"B","date":"2018-03-23T07:30:56.000Z","volume":4000,"label":" ","price":10.36},{"type":"A","date":"2018-03-23T07:31:21.000Z","volume":114000,"label":" ","price":10.38},{"type":"A","date":"2018-03-23T07:31:21.000Z","volume":12000,"label":" ","price":10.4},{"type":"A","date":"2018-03-23T07:31:26.000Z","volume":14000,"label":" ","price":10.5},{"type":"A","date":"2018-03-23T07:31:57.000Z","volume":2000,"label":" ","price":10.5},{"type":"B","date":"2018-03-23T07:33:47.000Z","volume":2000,"label":" ","price":10.46},{"type":"B","date":"2018-03-23T07:33:56.000Z","volume":64000,"label":" ","price":10.46},{"type":"B","date":"2018-03-23T07:33:56.000Z","volume":4000,"label":" ","price":10.44},{"type":"B","date":"2018-03-23T07:33:56.000Z","volume":4000,"label":" ","price":10.44},{"type":"B","date":"2018-03-23T07:33:59.000Z","volume":4000,"label":" ","price":10.44},{"type":"B","date":"2018-03-23T07:34:00.000Z","volume":4000,"label":" ","price":10.42},{"type":"A","date":"2018-03-23T07:37:41.000Z","volume":12000,"label":" ","price":10.46},{"type":"B","date":"2018-03-23T07:37:43.000Z","volume":2000,"label":" ","price":10.42},{"type":"B","date":"2018-03-23T07:37:47.000Z","volume":4000,"label":" ","price":10.44},{"type":"B","date":"2018-03-23T07:37:47.000Z","volume":4000,"label":" ","price":10.44},{"type":"B","date":"2018-03-23T07:37:47.000Z","volume":4000,"label":" ","price":10.44},{"type":"B","date":"2018-03-23T07:37:53.000Z","volume":2000,"label":" ","price":10.44},{"type":"B","date":"2018-03-23T07:38:09.000Z","volume":2000,"label":" ","price":10.44},{"type":"B","date":"2018-03-23T07:38:10.000Z","volume":4000,"label":" ","price":10.44},{"type":"B","date":"2018-03-23T07:38:53.000Z","volume":10000,"label":" ","price":10.42},{"type":"A","date":"2018-03-23T07:38:53.000Z","volume":6000,"label":" ","price":10.42},{"type":"B","date":"2018-03-23T07:38:54.000Z","volume":2000,"label":" ","price":10.4},{"type":"B","date":"2018-03-23T07:39:11.000Z","volume":4000,"label":" ","price":10.4},{"type":"B","date":"2018-03-23T07:39:13.000Z","volume":2000,"label":" ","price":10.4},{"type":"B","date":"2018-03-23T07:40:17.000Z","volume":6000,"label":" ","price":10.4},{"type":"B","date":"2018-03-23T07:40:51.000Z","volume":2000,"label":" ","price":10.4},{"type":"B","date":"2018-03-23T07:41:15.000Z","volume":2000,"label":" ","price":10.4},{"type":"B","date":"2018-03-23T07:41:47.000Z","volume":38000,"label":" ","price":10.4},{"type":"A","date":"2018-03-23T07:41:47.000Z","volume":8000,"label":" ","price":10.4},{"type":"A","date":"2018-03-23T07:41:47.000Z","volume":8000,"label":" ","price":10.4},{"type":"A","date":"2018-03-23T07:41:47.000Z","volume":22000,"label":" ","price":10.4},{"type":"B","date":"2018-03-23T07:41:47.000Z","volume":2000,"label":" ","price":10.4},{"type":"A","date":"2018-03-23T07:41:47.000Z","volume":30000,"label":" ","price":10.4},{"type":"B","date":"2018-03-23T07:42:49.000Z","volume":2000,"label":" ","price":10.4},{"type":"A","date":"2018-03-23T07:43:11.000Z","volume":2000,"label":" ","price":10.42},{"type":"B","date":"2018-03-23T07:44:28.000Z","volume":2000,"label":" ","price":10.4},{"type":"B","date":"2018-03-23T07:45:32.000Z","volume":8000,"label":" ","price":10.4},{"type":"B","date":"2018-03-23T07:45:32.000Z","volume":6000,"label":" ","price":10.4},{"type":"B","date":"2018-03-23T07:45:32.000Z","volume":6000,"label":" ","price":10.4},{"type":"B","date":"2018-03-23T07:45:33.000Z","volume":12000,"label":" ","price":10.4},{"type":"A","date":"2018-03-23T07:45:33.000Z","volume":8000,"label":" ","price":10.4},{"type":"A","date":"2018-03-23T07:45:33.000Z","volume":6000,"label":" ","price":10.4},{"type":"B","date":"2018-03-23T07:45:42.000Z","volume":2000,"label":" ","price":10.4},{"type":"B","date":"2018-03-23T07:46:09.000Z","volume":2000,"label":" ","price":10.4},{"type":"B","date":"2018-03-23T07:46:31.000Z","volume":2000,"label":" ","price":10.4},{"type":"B","date":"2018-03-23T07:47:42.000Z","volume":4000,"label":" ","price":10.4},{"type":"B","date":"2018-03-23T07:47:48.000Z","volume":20000,"label":" ","price":10.4},{"type":"B","date":"2018-03-23T07:47:53.000Z","volume":28000,"label":" ","price":10.4},{"type":"B","date":"2018-03-23T07:47:59.000Z","volume":4000,"label":" ","price":10.4},{"type":"B","date":"2018-03-23T07:48:02.000Z","volume":12000,"label":" ","price":10.4},{"type":"B","date":"2018-03-23T07:48:18.000Z","volume":16000,"label":" ","price":10.4},{"type":"A","date":"2018-03-23T07:48:18.000Z","volume":8000,"label":" ","price":10.4},{"type":"B","date":"2018-03-23T07:48:52.000Z","volume":2000,"label":" ","price":10.4},{"type":"B","date":"2018-03-23T07:49:43.000Z","volume":12000,"label":" ","price":10.4},{"type":"B","date":"2018-03-23T07:49:43.000Z","volume":6000,"label":" ","price":10.4},{"type":"B","date":"2018-03-23T07:49:43.000Z","volume":4000,"label":" ","price":10.4},{"type":"A","date":"2018-03-23T07:49:52.000Z","volume":68000,"label":" ","price":10.42},{"type":"A","date":"2018-03-23T07:49:52.000Z","volume":30000,"label":" ","price":10.42},{"type":"B","date":"2018-03-23T07:50:32.000Z","volume":8000,"label":" ","price":10.42},{"type":"B","date":"2018-03-23T07:52:17.000Z","volume":6000,"label":" ","price":10.42},{"type":"B","date":"2018-03-23T07:52:23.000Z","volume":2000,"label":" ","price":10.42},{"type":"B","date":"2018-03-23T07:52:38.000Z","volume":14000,"label":" ","price":10.42},{"type":"A","date":"2018-03-23T07:52:38.000Z","volume":8000,"label":" ","price":10.42},{"type":"A","date":"2018-03-23T07:52:38.000Z","volume":8000,"label":" ","price":10.42},{"type":"A","date":"2018-03-23T07:52:38.000Z","volume":8000,"label":" ","price":10.42},{"type":"B","date":"2018-03-23T07:54:00.000Z","volume":4000,"label":" ","price":10.42},{"type":"B","date":"2018-03-23T07:54:02.000Z","volume":8000,"label":" ","price":10.42},{"type":"B","date":"2018-03-23T07:54:19.000Z","volume":2000,"label":" ","price":10.42},{"type":"B","date":"2018-03-23T07:55:31.000Z","volume":2000,"label":" ","price":10.42},{"type":"B","date":"2018-03-23T07:55:32.000Z","volume":6000,"label":" ","price":10.42},{"type":"B","date":"2018-03-23T07:55:33.000Z","volume":20000,"label":" ","price":10.42},{"type":"A","date":"2018-03-23T07:55:33.000Z","volume":8000,"label":" ","price":10.42},{"type":"A","date":"2018-03-23T07:55:33.000Z","volume":6000,"label":" ","price":10.42},{"type":"B","date":"2018-03-23T07:56:11.000Z","volume":2000,"label":" ","price":10.42},{"type":"B","date":"2018-03-23T07:57:11.000Z","volume":2000,"label":" ","price":10.42},{"type":"B","date":"2018-03-23T07:57:35.000Z","volume":10000,"label":" ","price":10.42},{"type":"A","date":"2018-03-23T07:57:35.000Z","volume":4000,"label":" ","price":10.42},{"type":"B","date":"2018-03-23T07:57:47.000Z","volume":2000,"label":" ","price":10.42},{"type":"B","date":"2018-03-23T07:58:07.000Z","volume":2000,"label":" ","price":10.42},{"type":"A","date":"2018-03-23T07:58:07.000Z","volume":2000,"label":" ","price":10.42},{"type":"B","date":"2018-03-23T07:58:08.000Z","volume":2000,"label":" ","price":10.42},{"type":"B","date":"2018-03-23T07:58:23.000Z","volume":4000,"label":" ","price":10.42},{"type":"B","date":"2018-03-23T07:58:32.000Z","volume":4000,"label":" ","price":10.42},{"type":"B","date":"2018-03-23T07:58:34.000Z","volume":2000,"label":" ","price":10.42},{"type":"A","date":"2018-03-23T07:58:36.000Z","volume":2000,"label":" ","price":10.44},{"type":"B","date":"2018-03-23T07:58:48.000Z","volume":4000,"label":" ","price":10.42},{"type":"A","date":"2018-03-23T07:58:48.000Z","volume":8000,"label":" ","price":10.42},{"type":"B","date":"2018-03-23T07:59:06.000Z","volume":4000,"label":" ","price":10.42},{"type":"B","date":"2018-03-23T07:59:17.000Z","volume":2000,"label":" ","price":10.42},{"type":"A","date":"2018-03-23T07:59:55.000Z","volume":2000,"label":" ","price":10.44},{"type":"U","date":"2018-03-23T08:08:12.000Z","volume":594000,"label":"U","price":10.44}]