[{"type":"U","date":"2018-04-04T01:20:00.000Z","volume":14000,"label":"U","price":36.05},{"type":"B","date":"2018-04-04T01:30:02.000Z","volume":500,"label":" ","price":35.65},{"type":"U","date":"2018-04-04T01:30:03.000Z","volume":500,"label":" ","price":35.9},{"type":"A","date":"2018-04-04T01:30:12.000Z","volume":500,"label":" ","price":36},{"type":"A","date":"2018-04-04T01:30:14.000Z","volume":500,"label":" ","price":36},{"type":"B","date":"2018-04-04T01:30:17.000Z","volume":500,"label":" ","price":35.9},{"type":"A","date":"2018-04-04T01:30:17.000Z","volume":1000,"label":" ","price":36},{"type":"U","date":"2018-04-04T01:30:17.000Z","volume":500,"label":" ","price":35.95},{"type":"B","date":"2018-04-04T01:30:25.000Z","volume":500,"label":"Y","price":35.9},{"type":"B","date":"2018-04-04T01:30:25.000Z","volume":1000,"label":" ","price":35.9},{"type":"U","date":"2018-04-04T01:30:25.000Z","volume":500,"label":"X","price":35.9},{"type":"A","date":"2018-04-04T01:30:30.000Z","volume":500,"label":" ","price":36},{"type":"B","date":"2018-04-04T01:30:30.000Z","volume":500,"label":" ","price":35.9},{"type":"U","date":"2018-04-04T01:31:00.000Z","volume":1000,"label":"X","price":35.9},{"type":"B","date":"2018-04-04T01:31:00.000Z","volume":1000,"label":" ","price":35.9},{"type":"B","date":"2018-04-04T01:31:00.000Z","volume":1000,"label":" ","price":35.9},{"type":"B","date":"2018-04-04T01:31:02.000Z","volume":500,"label":" ","price":35.85},{"type":"U","date":"2018-04-04T01:31:10.000Z","volume":500,"label":"X","price":35.9},{"type":"B","date":"2018-04-04T01:31:35.000Z","volume":2500,"label":" ","price":35.85},{"type":"B","date":"2018-04-04T01:34:27.000Z","volume":500,"label":" ","price":35.8},{"type":"B","date":"2018-04-04T01:34:27.000Z","volume":3000,"label":" ","price":35.8},{"type":"U","date":"2018-04-04T01:34:27.000Z","volume":500,"label":" ","price":35.8},{"type":"B","date":"2018-04-04T01:34:27.000Z","volume":500,"label":" ","price":35.75},{"type":"A","date":"2018-04-04T01:34:50.000Z","volume":2000,"label":" ","price":35.9},{"type":"U","date":"2018-04-04T01:35:04.000Z","volume":500,"label":"X","price":35.8},{"type":"A","date":"2018-04-04T01:36:31.000Z","volume":2000,"label":" ","price":35.85},{"type":"A","date":"2018-04-04T01:36:46.000Z","volume":500,"label":"Y","price":35.85},{"type":"A","date":"2018-04-04T01:36:46.000Z","volume":500,"label":" ","price":35.85},{"type":"A","date":"2018-04-04T01:36:46.000Z","volume":500,"label":" ","price":35.85},{"type":"A","date":"2018-04-04T01:36:47.000Z","volume":500,"label":" ","price":35.85},{"type":"A","date":"2018-04-04T01:36:49.000Z","volume":500,"label":" ","price":35.85},{"type":"A","date":"2018-04-04T01:36:49.000Z","volume":500,"label":" ","price":35.85},{"type":"U","date":"2018-04-04T01:36:54.000Z","volume":1000,"label":"X","price":35.9},{"type":"A","date":"2018-04-04T01:37:34.000Z","volume":500,"label":"Y","price":35.9},{"type":"A","date":"2018-04-04T01:38:31.000Z","volume":1000,"label":" ","price":35.9},{"type":"A","date":"2018-04-04T01:38:31.000Z","volume":1000,"label":" ","price":35.95},{"type":"A","date":"2018-04-04T01:38:36.000Z","volume":500,"label":" ","price":35.95},{"type":"A","date":"2018-04-04T01:38:38.000Z","volume":500,"label":" ","price":35.95},{"type":"A","date":"2018-04-04T01:38:38.000Z","volume":500,"label":" ","price":35.95},{"type":"A","date":"2018-04-04T01:38:40.000Z","volume":500,"label":" ","price":35.95},{"type":"A","date":"2018-04-04T01:38:42.000Z","volume":500,"label":"Y","price":36},{"type":"A","date":"2018-04-04T01:38:44.000Z","volume":500,"label":" ","price":36.05},{"type":"B","date":"2018-04-04T01:39:39.000Z","volume":500,"label":" ","price":35.9},{"type":"B","date":"2018-04-04T01:40:07.000Z","volume":2000,"label":" ","price":35.9},{"type":"B","date":"2018-04-04T01:40:07.000Z","volume":3000,"label":" ","price":35.9},{"type":"B","date":"2018-04-04T01:40:07.000Z","volume":500,"label":" ","price":35.9},{"type":"B","date":"2018-04-04T01:40:07.000Z","volume":4500,"label":" ","price":35.85},{"type":"B","date":"2018-04-04T01:40:07.000Z","volume":500,"label":"Y","price":35.9},{"type":"B","date":"2018-04-04T01:40:07.000Z","volume":500,"label":"Y","price":35.9},{"type":"B","date":"2018-04-04T01:40:07.000Z","volume":500,"label":" ","price":35.9},{"type":"A","date":"2018-04-04T01:40:38.000Z","volume":500,"label":" ","price":35.9},{"type":"U","date":"2018-04-04T01:40:39.000Z","volume":500,"label":"X","price":35.9},{"type":"A","date":"2018-04-04T01:43:12.000Z","volume":2000,"label":" ","price":35.9},{"type":"A","date":"2018-04-04T01:43:12.000Z","volume":500,"label":"Y","price":35.9},{"type":"A","date":"2018-04-04T01:43:12.000Z","volume":500,"label":" ","price":35.9},{"type":"A","date":"2018-04-04T01:43:12.000Z","volume":500,"label":"Y","price":36},{"type":"U","date":"2018-04-04T01:43:12.000Z","volume":500,"label":"X","price":36},{"type":"A","date":"2018-04-04T01:43:12.000Z","volume":500,"label":" ","price":36},{"type":"A","date":"2018-04-04T01:43:12.000Z","volume":500,"label":"Y","price":36},{"type":"A","date":"2018-04-04T01:43:12.000Z","volume":500,"label":" ","price":36.05},{"type":"A","date":"2018-04-04T01:43:15.000Z","volume":1000,"label":" ","price":36.05},{"type":"A","date":"2018-04-04T01:44:46.000Z","volume":500,"label":" ","price":36.05},{"type":"A","date":"2018-04-04T01:45:32.000Z","volume":2000,"label":" ","price":36.05},{"type":"A","date":"2018-04-04T01:45:32.000Z","volume":500,"label":" ","price":36.05},{"type":"U","date":"2018-04-04T01:45:33.000Z","volume":500,"label":"X","price":36},{"type":"A","date":"2018-04-04T01:45:39.000Z","volume":500,"label":" ","price":36.05},{"type":"A","date":"2018-04-04T01:45:39.000Z","volume":500,"label":" ","price":36.05},{"type":"U","date":"2018-04-04T01:45:39.000Z","volume":1000,"label":"X","price":36},{"type":"A","date":"2018-04-04T01:45:52.000Z","volume":500,"label":" ","price":36.05},{"type":"U","date":"2018-04-04T01:46:12.000Z","volume":500,"label":" ","price":36},{"type":"A","date":"2018-04-04T01:47:52.000Z","volume":2000,"label":" ","price":36},{"type":"A","date":"2018-04-04T01:47:52.000Z","volume":500,"label":" ","price":36},{"type":"U","date":"2018-04-04T01:48:21.000Z","volume":500,"label":"X","price":35.925},{"type":"U","date":"2018-04-04T01:48:40.000Z","volume":1500,"label":"X","price":35.9},{"type":"A","date":"2018-04-04T01:49:04.000Z","volume":1500,"label":"Y","price":36},{"type":"A","date":"2018-04-04T01:49:04.000Z","volume":1000,"label":" ","price":36},{"type":"U","date":"2018-04-04T01:49:06.000Z","volume":500,"label":"X","price":36},{"type":"A","date":"2018-04-04T01:49:06.000Z","volume":4000,"label":" ","price":36},{"type":"A","date":"2018-04-04T01:49:08.000Z","volume":1000,"label":"Y","price":36.05},{"type":"U","date":"2018-04-04T01:49:08.000Z","volume":500,"label":"X","price":36.05},{"type":"A","date":"2018-04-04T01:49:09.000Z","volume":500,"label":" ","price":36.05},{"type":"A","date":"2018-04-04T01:49:10.000Z","volume":1500,"label":" ","price":36.05},{"type":"A","date":"2018-04-04T01:49:13.000Z","volume":1000,"label":" ","price":36.1},{"type":"A","date":"2018-04-04T01:49:16.000Z","volume":500,"label":" ","price":36.15},{"type":"A","date":"2018-04-04T01:49:18.000Z","volume":500,"label":" ","price":36.15},{"type":"A","date":"2018-04-04T01:49:19.000Z","volume":500,"label":" ","price":36.15},{"type":"U","date":"2018-04-04T01:49:21.000Z","volume":500,"label":"X","price":36},{"type":"A","date":"2018-04-04T01:50:13.000Z","volume":2000,"label":" ","price":36.2},{"type":"A","date":"2018-04-04T01:50:24.000Z","volume":500,"label":" ","price":36.2},{"type":"A","date":"2018-04-04T01:50:46.000Z","volume":500,"label":" ","price":36.2},{"type":"A","date":"2018-04-04T01:50:58.000Z","volume":1000,"label":" ","price":36.2},{"type":"A","date":"2018-04-04T01:51:01.000Z","volume":500,"label":" ","price":36.2},{"type":"A","date":"2018-04-04T01:51:03.000Z","volume":500,"label":" ","price":36.2},{"type":"U","date":"2018-04-04T01:51:19.000Z","volume":20000,"label":" ","price":36.1},{"type":"A","date":"2018-04-04T01:51:19.000Z","volume":500,"label":" ","price":36.15},{"type":"A","date":"2018-04-04T01:51:19.000Z","volume":500,"label":" ","price":36.15},{"type":"B","date":"2018-04-04T01:51:19.000Z","volume":500,"label":" ","price":36.15},{"type":"A","date":"2018-04-04T01:51:19.000Z","volume":1000,"label":" ","price":36.2},{"type":"A","date":"2018-04-04T01:51:19.000Z","volume":2500,"label":" ","price":36.2},{"type":"U","date":"2018-04-04T01:51:19.000Z","volume":1000,"label":"X","price":36.2},{"type":"A","date":"2018-04-04T01:51:20.000Z","volume":1000,"label":" ","price":36.2},{"type":"A","date":"2018-04-04T01:51:20.000Z","volume":2000,"label":" ","price":36.2},{"type":"A","date":"2018-04-04T01:51:21.000Z","volume":3500,"label":" ","price":36.2},{"type":"A","date":"2018-04-04T01:51:21.000Z","volume":2000,"label":" ","price":36.25},{"type":"A","date":"2018-04-04T01:51:21.000Z","volume":2500,"label":" ","price":36.25},{"type":"A","date":"2018-04-04T01:51:21.000Z","volume":500,"label":" ","price":36.35},{"type":"A","date":"2018-04-04T01:51:21.000Z","volume":1000,"label":" ","price":36.35},{"type":"A","date":"2018-04-04T01:51:21.000Z","volume":1000,"label":" ","price":36.4},{"type":"A","date":"2018-04-04T01:51:21.000Z","volume":500,"label":" ","price":36.4},{"type":"A","date":"2018-04-04T01:51:22.000Z","volume":1000,"label":" ","price":36.6},{"type":"A","date":"2018-04-04T01:51:23.000Z","volume":1000,"label":" ","price":36.85},{"type":"A","date":"2018-04-04T01:51:24.000Z","volume":1500,"label":" ","price":36.8},{"type":"U","date":"2018-04-04T01:51:24.000Z","volume":1000,"label":"X","price":36.8},{"type":"A","date":"2018-04-04T01:51:24.000Z","volume":2500,"label":" ","price":36.8},{"type":"A","date":"2018-04-04T01:51:24.000Z","volume":2000,"label":" ","price":36.8},{"type":"U","date":"2018-04-04T01:51:26.000Z","volume":3500,"label":" ","price":36.6},{"type":"A","date":"2018-04-04T01:51:26.000Z","volume":500,"label":" ","price":36.8},{"type":"A","date":"2018-04-04T01:51:26.000Z","volume":1000,"label":" ","price":36.8},{"type":"U","date":"2018-04-04T01:51:26.000Z","volume":1000,"label":" ","price":36.6},{"type":"B","date":"2018-04-04T01:51:27.000Z","volume":3000,"label":" ","price":36.6},{"type":"A","date":"2018-04-04T01:51:27.000Z","volume":2000,"label":" ","price":36.8},{"type":"A","date":"2018-04-04T01:51:27.000Z","volume":500,"label":" ","price":36.8},{"type":"A","date":"2018-04-04T01:51:29.000Z","volume":500,"label":" ","price":36.8},{"type":"A","date":"2018-04-04T01:51:29.000Z","volume":500,"label":" ","price":36.9},{"type":"A","date":"2018-04-04T01:51:31.000Z","volume":1000,"label":" ","price":36.95},{"type":"A","date":"2018-04-04T01:51:34.000Z","volume":1000,"label":" ","price":37},{"type":"A","date":"2018-04-04T01:51:44.000Z","volume":500,"label":" ","price":36.8},{"type":"A","date":"2018-04-04T01:52:00.000Z","volume":1000,"label":" ","price":36.85},{"type":"U","date":"2018-04-04T01:52:13.000Z","volume":1000,"label":"X","price":36.95},{"type":"A","date":"2018-04-04T01:52:15.000Z","volume":1500,"label":" ","price":36.95},{"type":"A","date":"2018-04-04T01:52:18.000Z","volume":1000,"label":" ","price":36.95},{"type":"A","date":"2018-04-04T01:52:20.000Z","volume":500,"label":" ","price":36.85},{"type":"A","date":"2018-04-04T01:52:21.000Z","volume":500,"label":" ","price":36.85},{"type":"U","date":"2018-04-04T01:52:25.000Z","volume":500,"label":" ","price":36.8},{"type":"A","date":"2018-04-04T01:52:34.000Z","volume":4000,"label":" ","price":36.8},{"type":"A","date":"2018-04-04T01:52:34.000Z","volume":500,"label":" ","price":36.8},{"type":"U","date":"2018-04-04T01:52:39.000Z","volume":500,"label":"X","price":36.8},{"type":"U","date":"2018-04-04T01:52:54.000Z","volume":500,"label":"X","price":36.8},{"type":"U","date":"2018-04-04T01:53:01.000Z","volume":1000,"label":"X","price":36.625},{"type":"U","date":"2018-04-04T01:53:01.000Z","volume":500,"label":"X","price":36.75},{"type":"A","date":"2018-04-04T01:53:03.000Z","volume":500,"label":" ","price":36.75},{"type":"B","date":"2018-04-04T01:53:38.000Z","volume":16500,"label":" ","price":36.5},{"type":"B","date":"2018-04-04T01:53:38.000Z","volume":1000,"label":" ","price":36.4},{"type":"B","date":"2018-04-04T01:53:39.000Z","volume":500,"label":" ","price":36.5},{"type":"U","date":"2018-04-04T01:53:39.000Z","volume":3500,"label":" ","price":36.55},{"type":"U","date":"2018-04-04T01:53:46.000Z","volume":1000,"label":"X","price":36.45},{"type":"B","date":"2018-04-04T01:54:00.000Z","volume":2000,"label":"Y","price":36.35},{"type":"B","date":"2018-04-04T01:54:00.000Z","volume":2000,"label":" ","price":36.35},{"type":"B","date":"2018-04-04T01:54:00.000Z","volume":1000,"label":" ","price":36.35},{"type":"U","date":"2018-04-04T01:54:00.000Z","volume":1000,"label":"X","price":36.35},{"type":"B","date":"2018-04-04T01:54:01.000Z","volume":500,"label":" ","price":36.35},{"type":"U","date":"2018-04-04T01:54:20.000Z","volume":500,"label":"X","price":36.35},{"type":"U","date":"2018-04-04T01:54:39.000Z","volume":500,"label":"X","price":36.45},{"type":"U","date":"2018-04-04T01:54:52.000Z","volume":1000,"label":" ","price":36.4},{"type":"A","date":"2018-04-04T01:54:52.000Z","volume":1000,"label":"Y","price":36.45},{"type":"A","date":"2018-04-04T01:54:52.000Z","volume":1000,"label":" ","price":36.45},{"type":"U","date":"2018-04-04T01:54:57.000Z","volume":500,"label":"X","price":36.4},{"type":"B","date":"2018-04-04T01:55:00.000Z","volume":500,"label":"Y","price":36.4},{"type":"B","date":"2018-04-04T01:55:00.000Z","volume":1500,"label":" ","price":36.4},{"type":"U","date":"2018-04-04T01:55:00.000Z","volume":1000,"label":"X","price":36.4},{"type":"U","date":"2018-04-04T01:55:24.000Z","volume":500,"label":"X","price":36.45},{"type":"B","date":"2018-04-04T01:57:37.000Z","volume":500,"label":" ","price":36.4},{"type":"B","date":"2018-04-04T02:00:43.000Z","volume":6500,"label":" ","price":36.4},{"type":"B","date":"2018-04-04T02:00:43.000Z","volume":2500,"label":" ","price":36.35},{"type":"B","date":"2018-04-04T02:00:43.000Z","volume":1500,"label":" ","price":36.3},{"type":"B","date":"2018-04-04T02:00:43.000Z","volume":500,"label":" ","price":36.35},{"type":"U","date":"2018-04-04T02:01:31.000Z","volume":500,"label":"X","price":36.45},{"type":"U","date":"2018-04-04T02:02:15.000Z","volume":500,"label":"X","price":36.375},{"type":"U","date":"2018-04-04T02:03:45.000Z","volume":500,"label":"X","price":36.375},{"type":"B","date":"2018-04-04T02:03:52.000Z","volume":500,"label":" ","price":36.3},{"type":"A","date":"2018-04-04T02:03:57.000Z","volume":2000,"label":" ","price":36.45},{"type":"U","date":"2018-04-04T02:04:01.000Z","volume":500,"label":"X","price":36.45},{"type":"U","date":"2018-04-04T02:05:52.000Z","volume":500,"label":"X","price":36.375},{"type":"A","date":"2018-04-04T02:06:37.000Z","volume":500,"label":"Y","price":36.45},{"type":"A","date":"2018-04-04T02:06:37.000Z","volume":1500,"label":" ","price":36.45},{"type":"U","date":"2018-04-04T02:07:02.000Z","volume":500,"label":"X","price":36.45},{"type":"B","date":"2018-04-04T02:07:24.000Z","volume":500,"label":" ","price":36.35},{"type":"U","date":"2018-04-04T02:08:21.000Z","volume":500,"label":"X","price":36.3},{"type":"B","date":"2018-04-04T02:08:21.000Z","volume":3500,"label":" ","price":36.3},{"type":"U","date":"2018-04-04T02:08:21.000Z","volume":1000,"label":"X","price":36.3},{"type":"B","date":"2018-04-04T02:08:21.000Z","volume":1500,"label":" ","price":36.3},{"type":"U","date":"2018-04-04T02:08:21.000Z","volume":500,"label":"X","price":36.3},{"type":"B","date":"2018-04-04T02:08:23.000Z","volume":3500,"label":" ","price":36.25},{"type":"B","date":"2018-04-04T02:08:24.000Z","volume":1000,"label":" ","price":36.25},{"type":"B","date":"2018-04-04T02:08:36.000Z","volume":500,"label":"Y","price":36.2},{"type":"B","date":"2018-04-04T02:08:36.000Z","volume":1500,"label":" ","price":36.2},{"type":"U","date":"2018-04-04T02:08:36.000Z","volume":1000,"label":"X","price":36.2},{"type":"B","date":"2018-04-04T02:08:36.000Z","volume":3000,"label":" ","price":36.2},{"type":"U","date":"2018-04-04T02:08:36.000Z","volume":500,"label":"X","price":36.2},{"type":"B","date":"2018-04-04T02:09:37.000Z","volume":500,"label":" ","price":36.05},{"type":"B","date":"2018-04-04T02:09:37.000Z","volume":4000,"label":" ","price":36.05},{"type":"U","date":"2018-04-04T02:10:28.000Z","volume":500,"label":" ","price":36.1},{"type":"B","date":"2018-04-04T02:10:44.000Z","volume":500,"label":" ","price":36.05},{"type":"B","date":"2018-04-04T02:10:44.000Z","volume":500,"label":"Y","price":36.05},{"type":"B","date":"2018-04-04T02:10:44.000Z","volume":4000,"label":" ","price":36.05},{"type":"U","date":"2018-04-04T02:11:26.000Z","volume":500,"label":"X","price":36.05},{"type":"B","date":"2018-04-04T02:13:17.000Z","volume":500,"label":" ","price":36.05},{"type":"A","date":"2018-04-04T02:14:49.000Z","volume":2000,"label":" ","price":36.1},{"type":"A","date":"2018-04-04T02:18:01.000Z","volume":2000,"label":" ","price":36.1},{"type":"A","date":"2018-04-04T02:18:01.000Z","volume":2000,"label":" ","price":36.1},{"type":"A","date":"2018-04-04T02:18:01.000Z","volume":6500,"label":" ","price":36.1},{"type":"A","date":"2018-04-04T02:18:02.000Z","volume":1000,"label":" ","price":36.15},{"type":"U","date":"2018-04-04T02:18:02.000Z","volume":1500,"label":"X","price":36.15},{"type":"U","date":"2018-04-04T02:18:02.000Z","volume":500,"label":"X","price":36.15},{"type":"A","date":"2018-04-04T02:18:02.000Z","volume":500,"label":" ","price":36.15},{"type":"U","date":"2018-04-04T02:18:03.000Z","volume":500,"label":"X","price":36.15},{"type":"A","date":"2018-04-04T02:18:03.000Z","volume":1000,"label":" ","price":36.2},{"type":"A","date":"2018-04-04T02:18:04.000Z","volume":500,"label":" ","price":36.25},{"type":"A","date":"2018-04-04T02:18:04.000Z","volume":500,"label":" ","price":36.25},{"type":"A","date":"2018-04-04T02:18:17.000Z","volume":500,"label":" ","price":36.35},{"type":"A","date":"2018-04-04T02:18:18.000Z","volume":1000,"label":" ","price":36.35},{"type":"A","date":"2018-04-04T02:21:21.000Z","volume":2000,"label":" ","price":36.35},{"type":"A","date":"2018-04-04T02:21:23.000Z","volume":500,"label":" ","price":36.35},{"type":"U","date":"2018-04-04T02:21:24.000Z","volume":1000,"label":"X","price":36.35},{"type":"A","date":"2018-04-04T02:21:25.000Z","volume":500,"label":" ","price":36.35},{"type":"A","date":"2018-04-04T02:24:02.000Z","volume":500,"label":" ","price":36.35},{"type":"A","date":"2018-04-04T02:24:09.000Z","volume":3500,"label":" ","price":36.35},{"type":"A","date":"2018-04-04T02:24:10.000Z","volume":500,"label":" ","price":36.35},{"type":"A","date":"2018-04-04T02:24:10.000Z","volume":1000,"label":"Y","price":36.35},{"type":"A","date":"2018-04-04T02:24:10.000Z","volume":1000,"label":" ","price":36.35},{"type":"U","date":"2018-04-04T02:24:11.000Z","volume":500,"label":"X","price":36.35},{"type":"A","date":"2018-04-04T02:24:12.000Z","volume":3000,"label":" ","price":36.35},{"type":"A","date":"2018-04-04T02:24:12.000Z","volume":2000,"label":" ","price":36.35},{"type":"U","date":"2018-04-04T02:24:13.000Z","volume":1000,"label":"X","price":36.35},{"type":"A","date":"2018-04-04T02:24:13.000Z","volume":2000,"label":" ","price":36.35},{"type":"A","date":"2018-04-04T02:24:13.000Z","volume":500,"label":" ","price":36.35},{"type":"A","date":"2018-04-04T02:24:13.000Z","volume":2000,"label":" ","price":36.35},{"type":"A","date":"2018-04-04T02:24:13.000Z","volume":1000,"label":" ","price":36.35},{"type":"A","date":"2018-04-04T02:24:13.000Z","volume":1000,"label":" ","price":36.5},{"type":"A","date":"2018-04-04T02:24:13.000Z","volume":1000,"label":" ","price":36.5},{"type":"A","date":"2018-04-04T02:24:14.000Z","volume":500,"label":" ","price":36.5},{"type":"A","date":"2018-04-04T02:24:16.000Z","volume":1500,"label":" ","price":36.5},{"type":"A","date":"2018-04-04T02:24:16.000Z","volume":1000,"label":" ","price":36.5},{"type":"U","date":"2018-04-04T02:24:17.000Z","volume":1000,"label":"X","price":36.5},{"type":"A","date":"2018-04-04T02:24:17.000Z","volume":500,"label":" ","price":36.5},{"type":"A","date":"2018-04-04T02:24:18.000Z","volume":500,"label":" ","price":36.5},{"type":"A","date":"2018-04-04T02:24:25.000Z","volume":500,"label":" ","price":36.5},{"type":"A","date":"2018-04-04T02:24:26.000Z","volume":6000,"label":" ","price":36.5},{"type":"A","date":"2018-04-04T02:24:26.000Z","volume":40000,"label":" ","price":36.5},{"type":"A","date":"2018-04-04T02:24:26.000Z","volume":500,"label":" ","price":36.5},{"type":"A","date":"2018-04-04T02:24:27.000Z","volume":1000,"label":" ","price":36.7},{"type":"U","date":"2018-04-04T02:24:27.000Z","volume":500,"label":"X","price":36.7},{"type":"A","date":"2018-04-04T02:24:27.000Z","volume":500,"label":" ","price":36.7},{"type":"A","date":"2018-04-04T02:24:28.000Z","volume":500,"label":" ","price":36.75},{"type":"A","date":"2018-04-04T02:24:29.000Z","volume":3000,"label":" ","price":36.8},{"type":"A","date":"2018-04-04T02:24:29.000Z","volume":3000,"label":" ","price":36.8},{"type":"A","date":"2018-04-04T02:24:29.000Z","volume":500,"label":" ","price":36.8},{"type":"A","date":"2018-04-04T02:24:30.000Z","volume":1500,"label":" ","price":36.9},{"type":"A","date":"2018-04-04T02:24:30.000Z","volume":1000,"label":" ","price":36.9},{"type":"A","date":"2018-04-04T02:24:30.000Z","volume":500,"label":" ","price":36.9},{"type":"A","date":"2018-04-04T02:24:32.000Z","volume":5500,"label":" ","price":36.9},{"type":"A","date":"2018-04-04T02:24:32.000Z","volume":500,"label":" ","price":36.9},{"type":"U","date":"2018-04-04T02:24:33.000Z","volume":500,"label":" ","price":36.75},{"type":"A","date":"2018-04-04T02:24:33.000Z","volume":1500,"label":" ","price":36.9},{"type":"A","date":"2018-04-04T02:24:33.000Z","volume":9000,"label":" ","price":36.9},{"type":"A","date":"2018-04-04T02:24:34.000Z","volume":1000,"label":" ","price":36.9},{"type":"A","date":"2018-04-04T02:24:34.000Z","volume":1000,"label":" ","price":36.9},{"type":"A","date":"2018-04-04T02:24:35.000Z","volume":2000,"label":" ","price":36.9},{"type":"A","date":"2018-04-04T02:24:35.000Z","volume":500,"label":" ","price":36.9},{"type":"U","date":"2018-04-04T02:24:35.000Z","volume":1500,"label":" ","price":36.8},{"type":"U","date":"2018-04-04T02:24:40.000Z","volume":1500,"label":"X","price":36.9},{"type":"A","date":"2018-04-04T02:24:40.000Z","volume":1000,"label":" ","price":36.9},{"type":"A","date":"2018-04-04T02:24:40.000Z","volume":1000,"label":" ","price":36.9},{"type":"A","date":"2018-04-04T02:24:42.000Z","volume":500,"label":" ","price":36.9},{"type":"A","date":"2018-04-04T02:24:42.000Z","volume":1500,"label":" ","price":36.9},{"type":"U","date":"2018-04-04T02:24:42.000Z","volume":1500,"label":" ","price":36.8},{"type":"A","date":"2018-04-04T02:24:42.000Z","volume":500,"label":" ","price":36.9},{"type":"A","date":"2018-04-04T02:24:42.000Z","volume":500,"label":" ","price":36.9},{"type":"A","date":"2018-04-04T02:24:44.000Z","volume":1000,"label":" ","price":36.9},{"type":"B","date":"2018-04-04T02:24:44.000Z","volume":500,"label":" ","price":36.8},{"type":"U","date":"2018-04-04T02:24:44.000Z","volume":500,"label":" ","price":36.8},{"type":"U","date":"2018-04-04T02:24:44.000Z","volume":500,"label":" ","price":36.8},{"type":"A","date":"2018-04-04T02:24:47.000Z","volume":500,"label":" ","price":36.9},{"type":"A","date":"2018-04-04T02:24:47.000Z","volume":500,"label":" ","price":36.9},{"type":"A","date":"2018-04-04T02:24:47.000Z","volume":500,"label":" ","price":36.9},{"type":"U","date":"2018-04-04T02:24:54.000Z","volume":500,"label":" ","price":36.85},{"type":"B","date":"2018-04-04T02:24:55.000Z","volume":12500,"label":" ","price":36.8},{"type":"B","date":"2018-04-04T02:24:55.000Z","volume":4500,"label":" ","price":36.75},{"type":"B","date":"2018-04-04T02:24:55.000Z","volume":500,"label":" ","price":36.75},{"type":"A","date":"2018-04-04T02:24:55.000Z","volume":500,"label":"Y","price":36.75},{"type":"A","date":"2018-04-04T02:24:55.000Z","volume":1000,"label":" ","price":36.75},{"type":"U","date":"2018-04-04T02:24:55.000Z","volume":500,"label":" ","price":36.75},{"type":"U","date":"2018-04-04T02:25:02.000Z","volume":500,"label":"X","price":36.75},{"type":"B","date":"2018-04-04T02:25:41.000Z","volume":4500,"label":" ","price":36.5},{"type":"B","date":"2018-04-04T02:25:41.000Z","volume":500,"label":" ","price":36.5},{"type":"B","date":"2018-04-04T02:29:04.000Z","volume":2000,"label":" ","price":36.5},{"type":"A","date":"2018-04-04T02:29:43.000Z","volume":1000,"label":" ","price":36.5},{"type":"A","date":"2018-04-04T02:29:43.000Z","volume":500,"label":" ","price":36.5},{"type":"A","date":"2018-04-04T02:29:43.000Z","volume":500,"label":" ","price":36.5},{"type":"A","date":"2018-04-04T02:29:43.000Z","volume":500,"label":" ","price":36.5},{"type":"A","date":"2018-04-04T02:29:43.000Z","volume":1000,"label":" ","price":36.5},{"type":"A","date":"2018-04-04T02:29:45.000Z","volume":6500,"label":" ","price":36.5},{"type":"A","date":"2018-04-04T02:29:45.000Z","volume":1000,"label":"Y","price":36.5},{"type":"A","date":"2018-04-04T02:29:45.000Z","volume":3000,"label":" ","price":36.5},{"type":"U","date":"2018-04-04T02:29:45.000Z","volume":500,"label":" ","price":36.45},{"type":"U","date":"2018-04-04T02:29:50.000Z","volume":500,"label":"X","price":36.475},{"type":"A","date":"2018-04-04T02:29:55.000Z","volume":500,"label":" ","price":36.6},{"type":"A","date":"2018-04-04T02:30:03.000Z","volume":500,"label":" ","price":36.6},{"type":"A","date":"2018-04-04T02:30:03.000Z","volume":1000,"label":" ","price":36.6},{"type":"A","date":"2018-04-04T02:30:09.000Z","volume":2000,"label":" ","price":36.6},{"type":"A","date":"2018-04-04T02:30:09.000Z","volume":6500,"label":" ","price":36.6},{"type":"A","date":"2018-04-04T02:30:09.000Z","volume":500,"label":" ","price":36.6},{"type":"A","date":"2018-04-04T02:30:10.000Z","volume":1000,"label":" ","price":36.7},{"type":"A","date":"2018-04-04T02:30:12.000Z","volume":500,"label":" ","price":36.7},{"type":"U","date":"2018-04-04T02:30:12.000Z","volume":1000,"label":"X","price":36.7},{"type":"A","date":"2018-04-04T02:30:16.000Z","volume":5000,"label":" ","price":36.7},{"type":"A","date":"2018-04-04T02:30:17.000Z","volume":1000,"label":" ","price":36.7},{"type":"A","date":"2018-04-04T02:30:17.000Z","volume":2000,"label":" ","price":36.7},{"type":"A","date":"2018-04-04T02:30:18.000Z","volume":500,"label":" ","price":36.7},{"type":"A","date":"2018-04-04T02:30:18.000Z","volume":1000,"label":" ","price":36.8},{"type":"A","date":"2018-04-04T02:30:25.000Z","volume":500,"label":" ","price":36.8},{"type":"B","date":"2018-04-04T02:30:58.000Z","volume":12500,"label":" ","price":36.6},{"type":"B","date":"2018-04-04T02:30:58.000Z","volume":500,"label":"Y","price":36.55},{"type":"B","date":"2018-04-04T02:30:58.000Z","volume":2500,"label":" ","price":36.55},{"type":"U","date":"2018-04-04T02:30:58.000Z","volume":2500,"label":"X","price":36.55},{"type":"A","date":"2018-04-04T02:31:03.000Z","volume":1000,"label":" ","price":36.6},{"type":"B","date":"2018-04-04T02:31:20.000Z","volume":5000,"label":" ","price":36.55},{"type":"U","date":"2018-04-04T02:31:48.000Z","volume":500,"label":"X","price":36.6},{"type":"A","date":"2018-04-04T02:32:24.000Z","volume":1000,"label":" ","price":36.65},{"type":"A","date":"2018-04-04T02:37:46.000Z","volume":2500,"label":" ","price":36.6},{"type":"B","date":"2018-04-04T02:40:49.000Z","volume":1000,"label":" ","price":36.55},{"type":"B","date":"2018-04-04T02:40:49.000Z","volume":5000,"label":" ","price":36.55},{"type":"U","date":"2018-04-04T02:40:49.000Z","volume":1000,"label":"X","price":36.55},{"type":"B","date":"2018-04-04T02:43:49.000Z","volume":500,"label":" ","price":36.5},{"type":"A","date":"2018-04-04T02:43:57.000Z","volume":500,"label":" ","price":36.55},{"type":"B","date":"2018-04-04T02:44:12.000Z","volume":10000,"label":" ","price":36.5},{"type":"B","date":"2018-04-04T02:44:16.000Z","volume":500,"label":" ","price":36.45},{"type":"A","date":"2018-04-04T02:44:19.000Z","volume":500,"label":" ","price":36.55},{"type":"B","date":"2018-04-04T02:45:07.000Z","volume":6000,"label":" ","price":36.45},{"type":"B","date":"2018-04-04T02:45:08.000Z","volume":500,"label":" ","price":36.45},{"type":"B","date":"2018-04-04T02:46:00.000Z","volume":2500,"label":" ","price":36.45},{"type":"U","date":"2018-04-04T02:46:00.000Z","volume":1000,"label":"X","price":36.45},{"type":"B","date":"2018-04-04T02:48:42.000Z","volume":500,"label":" ","price":36.45},{"type":"U","date":"2018-04-04T02:50:05.000Z","volume":500,"label":"X","price":36.55},{"type":"B","date":"2018-04-04T02:52:52.000Z","volume":500,"label":" ","price":36.45},{"type":"B","date":"2018-04-04T02:56:32.000Z","volume":500,"label":" ","price":36.45},{"type":"A","date":"2018-04-04T02:59:09.000Z","volume":500,"label":" ","price":36.55},{"type":"A","date":"2018-04-04T02:59:31.000Z","volume":2000,"label":" ","price":36.55},{"type":"B","date":"2018-04-04T02:59:34.000Z","volume":500,"label":" ","price":36.5},{"type":"B","date":"2018-04-04T03:00:47.000Z","volume":1500,"label":"Y","price":36.5},{"type":"B","date":"2018-04-04T03:00:47.000Z","volume":1500,"label":" ","price":36.5},{"type":"U","date":"2018-04-04T03:00:47.000Z","volume":1000,"label":"X","price":36.5},{"type":"U","date":"2018-04-04T03:00:49.000Z","volume":1000,"label":"X","price":36.5},{"type":"B","date":"2018-04-04T03:01:37.000Z","volume":1000,"label":" ","price":36.5},{"type":"B","date":"2018-04-04T03:04:54.000Z","volume":1000,"label":" ","price":36.5},{"type":"B","date":"2018-04-04T03:05:32.000Z","volume":500,"label":"Y","price":36.5},{"type":"B","date":"2018-04-04T03:09:34.000Z","volume":4500,"label":" ","price":36.5},{"type":"B","date":"2018-04-04T03:10:32.000Z","volume":500,"label":"Y","price":36.5},{"type":"U","date":"2018-04-04T03:10:49.000Z","volume":500,"label":"X","price":36.5},{"type":"B","date":"2018-04-04T03:11:39.000Z","volume":4500,"label":" ","price":36.5},{"type":"B","date":"2018-04-04T03:11:39.000Z","volume":500,"label":"Y","price":36.5},{"type":"B","date":"2018-04-04T03:11:39.000Z","volume":500,"label":" ","price":36.5},{"type":"B","date":"2018-04-04T03:11:39.000Z","volume":500,"label":" ","price":36.5},{"type":"U","date":"2018-04-04T03:11:44.000Z","volume":500,"label":"X","price":36.5},{"type":"A","date":"2018-04-04T03:12:24.000Z","volume":2000,"label":" ","price":36.5},{"type":"A","date":"2018-04-04T03:12:24.000Z","volume":500,"label":" ","price":36.5},{"type":"A","date":"2018-04-04T03:12:24.000Z","volume":500,"label":" ","price":36.5},{"type":"A","date":"2018-04-04T03:12:24.000Z","volume":500,"label":" ","price":36.5},{"type":"B","date":"2018-04-04T03:13:00.000Z","volume":500,"label":"Y","price":36.45},{"type":"U","date":"2018-04-04T03:16:54.000Z","volume":500,"label":"X","price":36.5},{"type":"U","date":"2018-04-04T03:20:50.000Z","volume":1000,"label":"X","price":36.45},{"type":"B","date":"2018-04-04T03:20:50.000Z","volume":2000,"label":"Y","price":36.45},{"type":"B","date":"2018-04-04T03:20:50.000Z","volume":4500,"label":" ","price":36.45},{"type":"U","date":"2018-04-04T03:20:50.000Z","volume":1000,"label":"X","price":36.45},{"type":"U","date":"2018-04-04T03:20:50.000Z","volume":1000,"label":"X","price":36.45},{"type":"B","date":"2018-04-04T03:20:50.000Z","volume":3000,"label":" ","price":36.45},{"type":"B","date":"2018-04-04T03:20:50.000Z","volume":1000,"label":" ","price":36.45},{"type":"U","date":"2018-04-04T03:20:52.000Z","volume":500,"label":"X","price":36.4},{"type":"B","date":"2018-04-04T03:21:09.000Z","volume":500,"label":" ","price":36.4},{"type":"U","date":"2018-04-04T03:22:41.000Z","volume":500,"label":"X","price":36.4},{"type":"A","date":"2018-04-04T03:23:33.000Z","volume":500,"label":" ","price":36.45},{"type":"A","date":"2018-04-04T03:23:40.000Z","volume":500,"label":" ","price":36.45},{"type":"B","date":"2018-04-04T03:26:00.000Z","volume":500,"label":"Y","price":36.4},{"type":"B","date":"2018-04-04T03:27:51.000Z","volume":500,"label":" ","price":36.4},{"type":"A","date":"2018-04-04T03:29:07.000Z","volume":2000,"label":" ","price":36.45},{"type":"A","date":"2018-04-04T03:30:07.000Z","volume":2500,"label":" ","price":36.45},{"type":"A","date":"2018-04-04T03:30:09.000Z","volume":500,"label":" ","price":36.45},{"type":"A","date":"2018-04-04T03:30:47.000Z","volume":500,"label":" ","price":36.45},{"type":"U","date":"2018-04-04T03:30:52.000Z","volume":500,"label":"X","price":36.4},{"type":"U","date":"2018-04-04T03:30:54.000Z","volume":500,"label":"X","price":36.4},{"type":"A","date":"2018-04-04T03:31:00.000Z","volume":11500,"label":" ","price":36.45},{"type":"A","date":"2018-04-04T03:31:04.000Z","volume":1000,"label":"Y","price":36.5},{"type":"A","date":"2018-04-04T03:31:05.000Z","volume":500,"label":" ","price":36.55},{"type":"A","date":"2018-04-04T03:31:05.000Z","volume":500,"label":" ","price":36.55},{"type":"A","date":"2018-04-04T03:31:12.000Z","volume":500,"label":" ","price":36.6},{"type":"U","date":"2018-04-04T03:31:42.000Z","volume":500,"label":"X","price":36.6},{"type":"A","date":"2018-04-04T03:31:57.000Z","volume":500,"label":" ","price":36.6},{"type":"A","date":"2018-04-04T03:32:57.000Z","volume":500,"label":" ","price":36.6},{"type":"A","date":"2018-04-04T03:34:07.000Z","volume":500,"label":" ","price":36.6},{"type":"B","date":"2018-04-04T03:34:38.000Z","volume":500,"label":" ","price":36.45},{"type":"A","date":"2018-04-04T03:35:07.000Z","volume":500,"label":" ","price":36.6},{"type":"A","date":"2018-04-04T03:36:17.000Z","volume":500,"label":" ","price":36.6},{"type":"U","date":"2018-04-04T03:36:44.000Z","volume":500,"label":"X","price":36.6},{"type":"A","date":"2018-04-04T03:37:28.000Z","volume":500,"label":" ","price":36.6},{"type":"A","date":"2018-04-04T03:38:38.000Z","volume":500,"label":" ","price":36.6},{"type":"A","date":"2018-04-04T03:39:00.000Z","volume":500,"label":" ","price":36.6},{"type":"A","date":"2018-04-04T03:39:48.000Z","volume":500,"label":" ","price":36.6},{"type":"A","date":"2018-04-04T03:41:08.000Z","volume":500,"label":" ","price":36.6},{"type":"A","date":"2018-04-04T03:41:16.000Z","volume":6500,"label":" ","price":36.6},{"type":"U","date":"2018-04-04T03:41:17.000Z","volume":1000,"label":"X","price":36.525},{"type":"A","date":"2018-04-04T03:42:28.000Z","volume":500,"label":" ","price":36.6},{"type":"A","date":"2018-04-04T03:42:59.000Z","volume":500,"label":" ","price":36.55},{"type":"A","date":"2018-04-04T03:43:09.000Z","volume":3000,"label":" ","price":36.55},{"type":"A","date":"2018-04-04T03:43:09.000Z","volume":500,"label":"Y","price":36.55},{"type":"A","date":"2018-04-04T03:43:09.000Z","volume":500,"label":" ","price":36.55},{"type":"A","date":"2018-04-04T03:43:09.000Z","volume":500,"label":" ","price":36.55},{"type":"A","date":"2018-04-04T03:43:10.000Z","volume":500,"label":" ","price":36.55},{"type":"U","date":"2018-04-04T03:43:10.000Z","volume":500,"label":"X","price":36.6},{"type":"A","date":"2018-04-04T03:43:57.000Z","volume":500,"label":" ","price":36.6},{"type":"U","date":"2018-04-04T03:43:59.000Z","volume":500,"label":"X","price":36.6},{"type":"A","date":"2018-04-04T03:44:00.000Z","volume":500,"label":" ","price":36.6},{"type":"A","date":"2018-04-04T03:44:23.000Z","volume":500,"label":" ","price":36.6},{"type":"B","date":"2018-04-04T03:44:24.000Z","volume":14000,"label":" ","price":36.5},{"type":"A","date":"2018-04-04T03:44:25.000Z","volume":500,"label":" ","price":36.5},{"type":"A","date":"2018-04-04T03:44:25.000Z","volume":500,"label":" ","price":36.5},{"type":"A","date":"2018-04-04T03:44:31.000Z","volume":500,"label":" ","price":36.5},{"type":"A","date":"2018-04-04T03:44:46.000Z","volume":500,"label":" ","price":36.6},{"type":"A","date":"2018-04-04T03:48:10.000Z","volume":500,"label":" ","price":36.5},{"type":"A","date":"2018-04-04T03:49:24.000Z","volume":500,"label":" ","price":36.5},{"type":"U","date":"2018-04-04T03:50:50.000Z","volume":500,"label":"X","price":36.45},{"type":"U","date":"2018-04-04T03:50:52.000Z","volume":2000,"label":"X","price":36.45},{"type":"U","date":"2018-04-04T03:50:52.000Z","volume":1000,"label":"X","price":36.45},{"type":"B","date":"2018-04-04T03:50:59.000Z","volume":500,"label":" ","price":36.45},{"type":"A","date":"2018-04-04T03:51:12.000Z","volume":500,"label":" ","price":36.5},{"type":"B","date":"2018-04-04T03:52:18.000Z","volume":1000,"label":" ","price":36.45},{"type":"A","date":"2018-04-04T03:54:42.000Z","volume":500,"label":" ","price":36.5},{"type":"A","date":"2018-04-04T03:57:02.000Z","volume":500,"label":" ","price":36.5},{"type":"A","date":"2018-04-04T03:58:32.000Z","volume":500,"label":" ","price":36.5},{"type":"A","date":"2018-04-04T03:59:33.000Z","volume":500,"label":" ","price":36.5},{"type":"A","date":"2018-04-04T03:59:34.000Z","volume":500,"label":" ","price":36.5},{"type":"A","date":"2018-04-04T05:00:00.000Z","volume":5000,"label":" ","price":36.5},{"type":"A","date":"2018-04-04T05:00:09.000Z","volume":500,"label":" ","price":36.5},{"type":"B","date":"2018-04-04T05:01:41.000Z","volume":2500,"label":" ","price":36.45},{"type":"U","date":"2018-04-04T05:01:41.000Z","volume":1500,"label":"X","price":36.45},{"type":"U","date":"2018-04-04T05:01:41.000Z","volume":1500,"label":"X","price":36.45},{"type":"B","date":"2018-04-04T05:01:41.000Z","volume":1000,"label":"Y","price":36.45},{"type":"B","date":"2018-04-04T05:01:41.000Z","volume":9500,"label":" ","price":36.45},{"type":"B","date":"2018-04-04T05:01:41.000Z","volume":500,"label":" ","price":36.45},{"type":"B","date":"2018-04-04T05:05:27.000Z","volume":500,"label":" ","price":36.4},{"type":"U","date":"2018-04-04T05:08:32.000Z","volume":500,"label":"X","price":36.4},{"type":"B","date":"2018-04-04T05:09:14.000Z","volume":2000,"label":" ","price":36.4},{"type":"B","date":"2018-04-04T05:10:03.000Z","volume":500,"label":"Y","price":36.4},{"type":"B","date":"2018-04-04T05:10:47.000Z","volume":500,"label":" ","price":36.4},{"type":"U","date":"2018-04-04T05:11:43.000Z","volume":500,"label":"X","price":36.4},{"type":"U","date":"2018-04-04T05:11:48.000Z","volume":500,"label":"X","price":36.4},{"type":"B","date":"2018-04-04T05:13:47.000Z","volume":500,"label":" ","price":36.4},{"type":"B","date":"2018-04-04T05:14:45.000Z","volume":500,"label":"Y","price":36.4},{"type":"B","date":"2018-04-04T05:15:07.000Z","volume":500,"label":" ","price":36.4},{"type":"A","date":"2018-04-04T05:15:25.000Z","volume":3000,"label":" ","price":36.45},{"type":"U","date":"2018-04-04T05:15:30.000Z","volume":500,"label":"X","price":36.4},{"type":"A","date":"2018-04-04T05:20:05.000Z","volume":2500,"label":"Y","price":36.45},{"type":"A","date":"2018-04-04T05:20:05.000Z","volume":11500,"label":" ","price":36.45},{"type":"A","date":"2018-04-04T05:20:05.000Z","volume":1000,"label":" ","price":36.5},{"type":"U","date":"2018-04-04T05:20:06.000Z","volume":500,"label":"X","price":36.5},{"type":"U","date":"2018-04-04T05:20:08.000Z","volume":1000,"label":"X","price":36.5},{"type":"A","date":"2018-04-04T05:23:05.000Z","volume":3000,"label":" ","price":36.5},{"type":"A","date":"2018-04-04T05:23:40.000Z","volume":500,"label":" ","price":36.5},{"type":"A","date":"2018-04-04T05:30:27.000Z","volume":3000,"label":" ","price":36.5},{"type":"B","date":"2018-04-04T05:31:43.000Z","volume":500,"label":" ","price":36.45},{"type":"B","date":"2018-04-04T05:31:46.000Z","volume":2000,"label":" ","price":36.45},{"type":"A","date":"2018-04-04T05:33:21.000Z","volume":1000,"label":"Y","price":36.5},{"type":"A","date":"2018-04-04T05:37:17.000Z","volume":3000,"label":" ","price":36.5},{"type":"A","date":"2018-04-04T05:37:18.000Z","volume":1000,"label":" ","price":36.5},{"type":"A","date":"2018-04-04T05:37:28.000Z","volume":8000,"label":" ","price":36.5},{"type":"U","date":"2018-04-04T05:37:33.000Z","volume":500,"label":"X","price":36.5},{"type":"B","date":"2018-04-04T05:38:49.000Z","volume":11500,"label":" ","price":36.45},{"type":"B","date":"2018-04-04T05:38:49.000Z","volume":500,"label":"Y","price":36.4},{"type":"B","date":"2018-04-04T05:38:49.000Z","volume":1000,"label":" ","price":36.4},{"type":"B","date":"2018-04-04T05:38:49.000Z","volume":8500,"label":" ","price":36.4},{"type":"A","date":"2018-04-04T05:38:49.000Z","volume":1000,"label":" ","price":36.45},{"type":"U","date":"2018-04-04T05:40:19.000Z","volume":500,"label":"X","price":36.4},{"type":"B","date":"2018-04-04T05:40:37.000Z","volume":500,"label":" ","price":36.35},{"type":"B","date":"2018-04-04T05:40:59.000Z","volume":500,"label":" ","price":36.35},{"type":"B","date":"2018-04-04T05:41:44.000Z","volume":500,"label":" ","price":36.35},{"type":"B","date":"2018-04-04T05:41:44.000Z","volume":8000,"label":" ","price":36.35},{"type":"B","date":"2018-04-04T05:42:04.000Z","volume":500,"label":"Y","price":36.3},{"type":"B","date":"2018-04-04T05:42:07.000Z","volume":500,"label":" ","price":36.3},{"type":"B","date":"2018-04-04T05:45:30.000Z","volume":500,"label":" ","price":36.15},{"type":"B","date":"2018-04-04T05:48:08.000Z","volume":500,"label":" ","price":36.15},{"type":"B","date":"2018-04-04T05:49:08.000Z","volume":500,"label":" ","price":36.15},{"type":"B","date":"2018-04-04T05:53:22.000Z","volume":500,"label":" ","price":36.15},{"type":"B","date":"2018-04-04T05:55:34.000Z","volume":500,"label":" ","price":36.15},{"type":"A","date":"2018-04-04T05:55:53.000Z","volume":3000,"label":" ","price":36.3},{"type":"B","date":"2018-04-04T05:56:12.000Z","volume":500,"label":" ","price":36.15},{"type":"A","date":"2018-04-04T05:56:47.000Z","volume":500,"label":" ","price":36.3},{"type":"A","date":"2018-04-04T05:57:25.000Z","volume":500,"label":" ","price":36.3},{"type":"B","date":"2018-04-04T05:59:07.000Z","volume":500,"label":" ","price":36.25},{"type":"B","date":"2018-04-04T06:00:04.000Z","volume":500,"label":" ","price":36.25},{"type":"B","date":"2018-04-04T06:00:07.000Z","volume":500,"label":" ","price":36.25},{"type":"B","date":"2018-04-04T06:00:15.000Z","volume":4500,"label":" ","price":36.25},{"type":"B","date":"2018-04-04T06:00:38.000Z","volume":500,"label":" ","price":36.2},{"type":"B","date":"2018-04-04T06:00:38.000Z","volume":500,"label":" ","price":36.2},{"type":"B","date":"2018-04-04T06:01:04.000Z","volume":500,"label":"Y","price":36.15},{"type":"A","date":"2018-04-04T06:01:35.000Z","volume":10000,"label":" ","price":36.2},{"type":"U","date":"2018-04-04T06:01:35.000Z","volume":500,"label":"X","price":36.175},{"type":"B","date":"2018-04-04T06:01:42.000Z","volume":500,"label":" ","price":36.15},{"type":"A","date":"2018-04-04T06:02:56.000Z","volume":500,"label":" ","price":36.2},{"type":"A","date":"2018-04-04T06:03:24.000Z","volume":3000,"label":"Y","price":36.2},{"type":"B","date":"2018-04-04T06:06:38.000Z","volume":500,"label":" ","price":36.15},{"type":"B","date":"2018-04-04T06:07:11.000Z","volume":500,"label":" ","price":36.15},{"type":"B","date":"2018-04-04T06:07:20.000Z","volume":500,"label":" ","price":36.15},{"type":"B","date":"2018-04-04T06:09:32.000Z","volume":500,"label":" ","price":36.15},{"type":"A","date":"2018-04-04T06:09:45.000Z","volume":1500,"label":"Y","price":36.2},{"type":"A","date":"2018-04-04T06:09:45.000Z","volume":1500,"label":" ","price":36.2},{"type":"U","date":"2018-04-04T06:11:36.000Z","volume":500,"label":"X","price":36.2},{"type":"B","date":"2018-04-04T06:11:50.000Z","volume":1500,"label":"Y","price":36.15},{"type":"B","date":"2018-04-04T06:11:50.000Z","volume":500,"label":" ","price":36.15},{"type":"B","date":"2018-04-04T06:11:50.000Z","volume":4500,"label":" ","price":36.15},{"type":"B","date":"2018-04-04T06:16:35.000Z","volume":500,"label":" ","price":36.1},{"type":"B","date":"2018-04-04T06:17:08.000Z","volume":500,"label":" ","price":36.1},{"type":"B","date":"2018-04-04T06:18:08.000Z","volume":500,"label":"Y","price":36.1},{"type":"A","date":"2018-04-04T06:19:06.000Z","volume":3000,"label":" ","price":36.2},{"type":"U","date":"2018-04-04T06:19:59.000Z","volume":500,"label":"X","price":36.2},{"type":"B","date":"2018-04-04T06:24:07.000Z","volume":500,"label":" ","price":36.1},{"type":"B","date":"2018-04-04T06:24:39.000Z","volume":500,"label":"Y","price":36.1},{"type":"A","date":"2018-04-04T06:24:57.000Z","volume":2500,"label":"Y","price":36.15},{"type":"A","date":"2018-04-04T06:24:57.000Z","volume":500,"label":" ","price":36.15},{"type":"B","date":"2018-04-04T06:25:39.000Z","volume":500,"label":"Y","price":36.1},{"type":"B","date":"2018-04-04T06:26:35.000Z","volume":500,"label":" ","price":36.1},{"type":"B","date":"2018-04-04T06:28:32.000Z","volume":500,"label":" ","price":36.1},{"type":"B","date":"2018-04-04T06:28:32.000Z","volume":500,"label":" ","price":36.1},{"type":"B","date":"2018-04-04T06:28:32.000Z","volume":3500,"label":" ","price":36.1},{"type":"B","date":"2018-04-04T06:28:33.000Z","volume":4500,"label":" ","price":36.05},{"type":"U","date":"2018-04-04T06:28:38.000Z","volume":500,"label":"X","price":36.15},{"type":"B","date":"2018-04-04T06:30:55.000Z","volume":3500,"label":" ","price":36},{"type":"B","date":"2018-04-04T06:30:56.000Z","volume":1500,"label":" ","price":35.95},{"type":"B","date":"2018-04-04T06:30:56.000Z","volume":1500,"label":" ","price":35.95},{"type":"U","date":"2018-04-04T06:31:00.000Z","volume":500,"label":"X","price":35.95},{"type":"B","date":"2018-04-04T06:32:34.000Z","volume":500,"label":" ","price":35.9},{"type":"B","date":"2018-04-04T06:32:37.000Z","volume":1000,"label":" ","price":35.9},{"type":"B","date":"2018-04-04T06:32:37.000Z","volume":500,"label":"Y","price":35.9},{"type":"B","date":"2018-04-04T06:32:37.000Z","volume":500,"label":" ","price":35.9},{"type":"B","date":"2018-04-04T06:36:09.000Z","volume":500,"label":"Y","price":35.85},{"type":"A","date":"2018-04-04T06:37:09.000Z","volume":3000,"label":" ","price":35.9},{"type":"B","date":"2018-04-04T06:39:05.000Z","volume":500,"label":" ","price":35.85},{"type":"A","date":"2018-04-04T06:39:21.000Z","volume":1500,"label":" ","price":35.9},{"type":"A","date":"2018-04-04T06:39:21.000Z","volume":7500,"label":" ","price":35.9},{"type":"A","date":"2018-04-04T06:39:21.000Z","volume":26500,"label":" ","price":35.9},{"type":"U","date":"2018-04-04T06:39:23.000Z","volume":1000,"label":"X","price":35.95},{"type":"A","date":"2018-04-04T06:39:23.000Z","volume":2000,"label":" ","price":35.95},{"type":"A","date":"2018-04-04T06:40:38.000Z","volume":500,"label":" ","price":35.95},{"type":"A","date":"2018-04-04T06:40:45.000Z","volume":500,"label":" ","price":35.95},{"type":"B","date":"2018-04-04T06:41:46.000Z","volume":1500,"label":" ","price":35.9},{"type":"B","date":"2018-04-04T06:41:48.000Z","volume":500,"label":" ","price":35.9},{"type":"A","date":"2018-04-04T06:43:10.000Z","volume":3000,"label":"Y","price":35.95},{"type":"A","date":"2018-04-04T06:43:19.000Z","volume":1500,"label":" ","price":35.95},{"type":"A","date":"2018-04-04T06:44:15.000Z","volume":500,"label":" ","price":35.95},{"type":"A","date":"2018-04-04T06:48:51.000Z","volume":500,"label":"Y","price":35.95},{"type":"A","date":"2018-04-04T06:48:51.000Z","volume":2500,"label":" ","price":35.95},{"type":"U","date":"2018-04-04T06:49:08.000Z","volume":500,"label":"X","price":35.925},{"type":"B","date":"2018-04-04T06:51:47.000Z","volume":500,"label":" ","price":35.9},{"type":"A","date":"2018-04-04T06:54:11.000Z","volume":3000,"label":" ","price":35.95},{"type":"A","date":"2018-04-04T06:54:41.000Z","volume":500,"label":"Y","price":35.95},{"type":"A","date":"2018-04-04T06:54:41.000Z","volume":1500,"label":" ","price":35.95},{"type":"A","date":"2018-04-04T06:56:30.000Z","volume":500,"label":" ","price":35.95},{"type":"A","date":"2018-04-04T06:56:48.000Z","volume":3000,"label":" ","price":35.95},{"type":"A","date":"2018-04-04T06:57:46.000Z","volume":3500,"label":" ","price":35.95},{"type":"A","date":"2018-04-04T06:58:48.000Z","volume":9500,"label":" ","price":35.95},{"type":"A","date":"2018-04-04T06:58:49.000Z","volume":2500,"label":" ","price":35.95},{"type":"A","date":"2018-04-04T06:58:49.000Z","volume":2000,"label":" ","price":35.95},{"type":"A","date":"2018-04-04T06:58:53.000Z","volume":1500,"label":" ","price":36},{"type":"A","date":"2018-04-04T06:58:55.000Z","volume":500,"label":" ","price":36},{"type":"A","date":"2018-04-04T06:59:14.000Z","volume":500,"label":"Y","price":36},{"type":"A","date":"2018-04-04T06:59:14.000Z","volume":2000,"label":" ","price":36},{"type":"A","date":"2018-04-04T06:59:14.000Z","volume":500,"label":" ","price":36},{"type":"A","date":"2018-04-04T06:59:15.000Z","volume":500,"label":" ","price":36},{"type":"A","date":"2018-04-04T06:59:45.000Z","volume":500,"label":" ","price":36},{"type":"A","date":"2018-04-04T06:59:46.000Z","volume":3000,"label":" ","price":36},{"type":"A","date":"2018-04-04T06:59:49.000Z","volume":1000,"label":"Y","price":36.05},{"type":"A","date":"2018-04-04T06:59:53.000Z","volume":500,"label":" ","price":36.05},{"type":"U","date":"2018-04-04T07:00:06.000Z","volume":488,"label":"D","price":35.95},{"type":"B","date":"2018-04-04T07:01:50.000Z","volume":500,"label":" ","price":35.95},{"type":"A","date":"2018-04-04T07:01:55.000Z","volume":500,"label":" ","price":36.05},{"type":"U","date":"2018-04-04T07:01:58.000Z","volume":320,"label":"D","price":36.05},{"type":"B","date":"2018-04-04T07:02:49.000Z","volume":11500,"label":" ","price":35.95},{"type":"U","date":"2018-04-04T07:02:49.000Z","volume":500,"label":" ","price":35.95},{"type":"U","date":"2018-04-04T07:02:53.000Z","volume":500,"label":"X","price":36},{"type":"A","date":"2018-04-04T07:06:55.000Z","volume":3000,"label":" ","price":36},{"type":"A","date":"2018-04-04T07:11:06.000Z","volume":3000,"label":" ","price":36},{"type":"U","date":"2018-04-04T07:11:53.000Z","volume":500,"label":"X","price":36},{"type":"B","date":"2018-04-04T07:13:55.000Z","volume":500,"label":" ","price":35.9},{"type":"B","date":"2018-04-04T07:13:55.000Z","volume":11000,"label":" ","price":35.9},{"type":"U","date":"2018-04-04T07:14:00.000Z","volume":500,"label":"X","price":35.9},{"type":"B","date":"2018-04-04T07:14:36.000Z","volume":500,"label":" ","price":35.85},{"type":"B","date":"2018-04-04T07:18:52.000Z","volume":500,"label":" ","price":35.85},{"type":"A","date":"2018-04-04T07:18:57.000Z","volume":3000,"label":"Y","price":35.9},{"type":"B","date":"2018-04-04T07:19:10.000Z","volume":500,"label":" ","price":35.85},{"type":"B","date":"2018-04-04T07:19:20.000Z","volume":500,"label":"Y","price":35.85},{"type":"B","date":"2018-04-04T07:20:22.000Z","volume":500,"label":" ","price":35.85},{"type":"B","date":"2018-04-04T07:20:34.000Z","volume":500,"label":" ","price":35.85},{"type":"B","date":"2018-04-04T07:21:02.000Z","volume":500,"label":"Y","price":35.85},{"type":"B","date":"2018-04-04T07:21:02.000Z","volume":500,"label":" ","price":35.85},{"type":"A","date":"2018-04-04T07:21:53.000Z","volume":500,"label":" ","price":35.9},{"type":"A","date":"2018-04-04T07:23:38.000Z","volume":2500,"label":"Y","price":35.9},{"type":"A","date":"2018-04-04T07:23:38.000Z","volume":500,"label":"Y","price":35.9},{"type":"B","date":"2018-04-04T07:23:57.000Z","volume":500,"label":" ","price":35.85},{"type":"A","date":"2018-04-04T07:24:08.000Z","volume":2000,"label":"Y","price":35.9},{"type":"A","date":"2018-04-04T07:24:08.000Z","volume":1000,"label":" ","price":35.9},{"type":"A","date":"2018-04-04T07:24:18.000Z","volume":500,"label":" ","price":35.9},{"type":"A","date":"2018-04-04T07:24:58.000Z","volume":500,"label":" ","price":35.9},{"type":"A","date":"2018-04-04T07:25:38.000Z","volume":500,"label":" ","price":35.9},{"type":"A","date":"2018-04-04T07:25:53.000Z","volume":500,"label":" ","price":35.9},{"type":"B","date":"2018-04-04T07:26:01.000Z","volume":7000,"label":" ","price":35.85},{"type":"B","date":"2018-04-04T07:26:01.000Z","volume":500,"label":" ","price":35.85},{"type":"B","date":"2018-04-04T07:26:20.000Z","volume":1000,"label":" ","price":35.8},{"type":"B","date":"2018-04-04T07:28:48.000Z","volume":3500,"label":" ","price":35.8},{"type":"U","date":"2018-04-04T07:28:48.000Z","volume":500,"label":"X","price":35.8},{"type":"A","date":"2018-04-04T07:29:41.000Z","volume":500,"label":" ","price":35.8},{"type":"A","date":"2018-04-04T07:30:21.000Z","volume":500,"label":" ","price":35.8},{"type":"A","date":"2018-04-04T07:30:51.000Z","volume":500,"label":"Y","price":35.8},{"type":"B","date":"2018-04-04T07:30:56.000Z","volume":500,"label":"Y","price":35.75},{"type":"B","date":"2018-04-04T07:30:57.000Z","volume":500,"label":"Y","price":35.75},{"type":"B","date":"2018-04-04T07:31:10.000Z","volume":500,"label":" ","price":35.75},{"type":"A","date":"2018-04-04T07:31:31.000Z","volume":500,"label":"Y","price":35.8},{"type":"A","date":"2018-04-04T07:32:11.000Z","volume":500,"label":"Y","price":35.8},{"type":"A","date":"2018-04-04T07:32:51.000Z","volume":500,"label":"Y","price":35.8},{"type":"B","date":"2018-04-04T07:33:20.000Z","volume":500,"label":" ","price":35.75},{"type":"B","date":"2018-04-04T07:33:20.000Z","volume":500,"label":" ","price":35.75},{"type":"A","date":"2018-04-04T07:34:02.000Z","volume":500,"label":"Y","price":35.8},{"type":"A","date":"2018-04-04T07:34:42.000Z","volume":500,"label":"Y","price":35.8},{"type":"B","date":"2018-04-04T07:35:06.000Z","volume":500,"label":" ","price":35.75},{"type":"A","date":"2018-04-04T07:35:52.000Z","volume":500,"label":"Y","price":35.8},{"type":"B","date":"2018-04-04T07:35:52.000Z","volume":500,"label":" ","price":35.75},{"type":"A","date":"2018-04-04T07:36:22.000Z","volume":500,"label":"Y","price":35.8},{"type":"A","date":"2018-04-04T07:37:02.000Z","volume":500,"label":"Y","price":35.8},{"type":"B","date":"2018-04-04T07:37:08.000Z","volume":500,"label":" ","price":35.75},{"type":"A","date":"2018-04-04T07:37:32.000Z","volume":500,"label":" ","price":35.8},{"type":"B","date":"2018-04-04T07:37:33.000Z","volume":500,"label":" ","price":35.75},{"type":"A","date":"2018-04-04T07:38:02.000Z","volume":500,"label":" ","price":35.8},{"type":"A","date":"2018-04-04T07:38:32.000Z","volume":500,"label":" ","price":35.8},{"type":"A","date":"2018-04-04T07:39:13.000Z","volume":500,"label":" ","price":35.8},{"type":"A","date":"2018-04-04T07:39:43.000Z","volume":500,"label":" ","price":35.8},{"type":"A","date":"2018-04-04T07:40:13.000Z","volume":500,"label":" ","price":35.8},{"type":"A","date":"2018-04-04T07:40:43.000Z","volume":500,"label":" ","price":35.8},{"type":"B","date":"2018-04-04T07:40:51.000Z","volume":500,"label":" ","price":35.75},{"type":"B","date":"2018-04-04T07:40:59.000Z","volume":500,"label":" ","price":35.75},{"type":"B","date":"2018-04-04T07:41:11.000Z","volume":2500,"label":" ","price":35.75},{"type":"B","date":"2018-04-04T07:41:21.000Z","volume":500,"label":" ","price":35.75},{"type":"B","date":"2018-04-04T07:41:56.000Z","volume":500,"label":" ","price":35.75},{"type":"A","date":"2018-04-04T07:42:34.000Z","volume":500,"label":" ","price":35.8},{"type":"A","date":"2018-04-04T07:43:04.000Z","volume":500,"label":" ","price":35.8},{"type":"B","date":"2018-04-04T07:43:20.000Z","volume":500,"label":" ","price":35.75},{"type":"A","date":"2018-04-04T07:43:24.000Z","volume":500,"label":" ","price":35.8},{"type":"U","date":"2018-04-04T07:43:25.000Z","volume":500,"label":"X","price":35.8},{"type":"B","date":"2018-04-04T07:43:32.000Z","volume":500,"label":" ","price":35.75},{"type":"A","date":"2018-04-04T07:43:54.000Z","volume":500,"label":" ","price":35.8},{"type":"A","date":"2018-04-04T07:44:24.000Z","volume":500,"label":" ","price":35.8},{"type":"A","date":"2018-04-04T07:44:45.000Z","volume":500,"label":" ","price":35.8},{"type":"B","date":"2018-04-04T07:45:12.000Z","volume":500,"label":" ","price":35.75},{"type":"A","date":"2018-04-04T07:45:15.000Z","volume":500,"label":" ","price":35.8},{"type":"B","date":"2018-04-04T07:45:16.000Z","volume":500,"label":" ","price":35.75},{"type":"A","date":"2018-04-04T07:45:35.000Z","volume":500,"label":" ","price":35.8},{"type":"A","date":"2018-04-04T07:45:55.000Z","volume":500,"label":" ","price":35.8},{"type":"A","date":"2018-04-04T07:46:25.000Z","volume":500,"label":" ","price":35.8},{"type":"B","date":"2018-04-04T07:46:42.000Z","volume":500,"label":" ","price":35.75},{"type":"A","date":"2018-04-04T07:46:45.000Z","volume":500,"label":" ","price":35.8},{"type":"B","date":"2018-04-04T07:46:51.000Z","volume":500,"label":" ","price":35.75},{"type":"A","date":"2018-04-04T07:47:05.000Z","volume":500,"label":" ","price":35.8},{"type":"A","date":"2018-04-04T07:47:35.000Z","volume":500,"label":" ","price":35.8},{"type":"A","date":"2018-04-04T07:47:55.000Z","volume":500,"label":" ","price":35.8},{"type":"B","date":"2018-04-04T07:48:02.000Z","volume":500,"label":" ","price":35.75},{"type":"A","date":"2018-04-04T07:48:15.000Z","volume":500,"label":" ","price":35.8},{"type":"B","date":"2018-04-04T07:48:17.000Z","volume":500,"label":" ","price":35.75},{"type":"A","date":"2018-04-04T07:48:35.000Z","volume":500,"label":" ","price":35.8},{"type":"A","date":"2018-04-04T07:48:55.000Z","volume":500,"label":" ","price":35.8},{"type":"A","date":"2018-04-04T07:49:15.000Z","volume":500,"label":" ","price":35.8},{"type":"B","date":"2018-04-04T07:49:15.000Z","volume":500,"label":" ","price":35.75},{"type":"A","date":"2018-04-04T07:49:17.000Z","volume":500,"label":" ","price":35.8},{"type":"A","date":"2018-04-04T07:49:55.000Z","volume":500,"label":" ","price":35.8},{"type":"A","date":"2018-04-04T07:50:15.000Z","volume":500,"label":" ","price":35.8},{"type":"A","date":"2018-04-04T07:50:35.000Z","volume":500,"label":" ","price":35.8},{"type":"B","date":"2018-04-04T07:50:42.000Z","volume":500,"label":" ","price":35.75},{"type":"A","date":"2018-04-04T07:50:45.000Z","volume":500,"label":" ","price":35.8},{"type":"B","date":"2018-04-04T07:51:00.000Z","volume":500,"label":" ","price":35.75},{"type":"B","date":"2018-04-04T07:51:01.000Z","volume":2500,"label":"Y","price":35.75},{"type":"B","date":"2018-04-04T07:51:01.000Z","volume":9500,"label":" ","price":35.75},{"type":"B","date":"2018-04-04T07:51:01.000Z","volume":500,"label":" ","price":35.75},{"type":"A","date":"2018-04-04T07:51:26.000Z","volume":500,"label":" ","price":35.75},{"type":"A","date":"2018-04-04T07:51:46.000Z","volume":500,"label":" ","price":35.75},{"type":"A","date":"2018-04-04T07:52:06.000Z","volume":500,"label":" ","price":35.75},{"type":"A","date":"2018-04-04T07:52:26.000Z","volume":500,"label":" ","price":35.75},{"type":"B","date":"2018-04-04T07:52:32.000Z","volume":500,"label":" ","price":35.7},{"type":"A","date":"2018-04-04T07:52:46.000Z","volume":500,"label":" ","price":35.75},{"type":"A","date":"2018-04-04T07:52:56.000Z","volume":500,"label":" ","price":35.75},{"type":"A","date":"2018-04-04T07:53:16.000Z","volume":500,"label":" ","price":35.75},{"type":"A","date":"2018-04-04T07:53:36.000Z","volume":500,"label":" ","price":35.75},{"type":"A","date":"2018-04-04T07:53:46.000Z","volume":500,"label":" ","price":35.75},{"type":"B","date":"2018-04-04T07:53:49.000Z","volume":500,"label":" ","price":35.7},{"type":"A","date":"2018-04-04T07:54:06.000Z","volume":500,"label":" ","price":35.75},{"type":"B","date":"2018-04-04T07:54:12.000Z","volume":500,"label":" ","price":35.7},{"type":"B","date":"2018-04-04T07:54:18.000Z","volume":12000,"label":" ","price":35.7},{"type":"A","date":"2018-04-04T07:54:18.000Z","volume":500,"label":" ","price":35.7},{"type":"A","date":"2018-04-04T07:54:57.000Z","volume":500,"label":" ","price":35.7},{"type":"B","date":"2018-04-04T07:55:01.000Z","volume":500,"label":" ","price":35.65},{"type":"A","date":"2018-04-04T07:55:07.000Z","volume":500,"label":" ","price":35.7},{"type":"A","date":"2018-04-04T07:55:27.000Z","volume":500,"label":" ","price":35.7},{"type":"A","date":"2018-04-04T07:55:37.000Z","volume":500,"label":" ","price":35.7},{"type":"B","date":"2018-04-04T07:55:52.000Z","volume":500,"label":" ","price":35.65},{"type":"A","date":"2018-04-04T07:55:57.000Z","volume":500,"label":" ","price":35.7},{"type":"A","date":"2018-04-04T07:56:07.000Z","volume":500,"label":"Y","price":35.7},{"type":"B","date":"2018-04-04T07:56:21.000Z","volume":500,"label":" ","price":35.65},{"type":"A","date":"2018-04-04T07:56:27.000Z","volume":500,"label":"Y","price":35.7},{"type":"A","date":"2018-04-04T07:56:37.000Z","volume":500,"label":"Y","price":35.7},{"type":"B","date":"2018-04-04T07:56:43.000Z","volume":500,"label":" ","price":35.65},{"type":"B","date":"2018-04-04T07:56:50.000Z","volume":500,"label":" ","price":35.65},{"type":"B","date":"2018-04-04T07:56:52.000Z","volume":500,"label":" ","price":35.65},{"type":"A","date":"2018-04-04T07:56:57.000Z","volume":500,"label":"Y","price":35.7},{"type":"A","date":"2018-04-04T07:57:07.000Z","volume":500,"label":"Y","price":35.7},{"type":"B","date":"2018-04-04T07:57:13.000Z","volume":500,"label":" ","price":35.65},{"type":"B","date":"2018-04-04T07:57:21.000Z","volume":500,"label":" ","price":35.65},{"type":"B","date":"2018-04-04T07:57:27.000Z","volume":8000,"label":" ","price":35.65},{"type":"B","date":"2018-04-04T07:57:33.000Z","volume":500,"label":" ","price":35.6},{"type":"A","date":"2018-04-04T07:58:08.000Z","volume":500,"label":" ","price":35.65},{"type":"B","date":"2018-04-04T07:58:12.000Z","volume":500,"label":" ","price":35.6},{"type":"A","date":"2018-04-04T07:58:18.000Z","volume":500,"label":" ","price":35.65},{"type":"A","date":"2018-04-04T07:58:38.000Z","volume":500,"label":" ","price":35.65},{"type":"A","date":"2018-04-04T07:58:48.000Z","volume":500,"label":" ","price":35.65},{"type":"B","date":"2018-04-04T07:58:48.000Z","volume":500,"label":" ","price":35.6},{"type":"B","date":"2018-04-04T07:58:52.000Z","volume":500,"label":" ","price":35.6},{"type":"B","date":"2018-04-04T07:58:52.000Z","volume":500,"label":" ","price":35.6},{"type":"A","date":"2018-04-04T07:58:53.000Z","volume":500,"label":" ","price":35.65},{"type":"A","date":"2018-04-04T07:58:58.000Z","volume":500,"label":"Y","price":35.65},{"type":"B","date":"2018-04-04T07:59:01.000Z","volume":500,"label":" ","price":35.6},{"type":"B","date":"2018-04-04T07:59:02.000Z","volume":500,"label":" ","price":35.6},{"type":"B","date":"2018-04-04T07:59:11.000Z","volume":500,"label":" ","price":35.6},{"type":"B","date":"2018-04-04T07:59:12.000Z","volume":500,"label":" ","price":35.6},{"type":"A","date":"2018-04-04T07:59:18.000Z","volume":500,"label":" ","price":35.65},{"type":"B","date":"2018-04-04T07:59:21.000Z","volume":500,"label":" ","price":35.6},{"type":"B","date":"2018-04-04T07:59:27.000Z","volume":8000,"label":" ","price":35.6},{"type":"B","date":"2018-04-04T07:59:27.000Z","volume":500,"label":" ","price":35.6},{"type":"B","date":"2018-04-04T07:59:31.000Z","volume":500,"label":" ","price":35.55},{"type":"A","date":"2018-04-04T07:59:38.000Z","volume":500,"label":" ","price":35.6},{"type":"A","date":"2018-04-04T07:59:50.000Z","volume":500,"label":" ","price":35.6},{"type":"A","date":"2018-04-04T07:59:50.000Z","volume":500,"label":" ","price":35.6},{"type":"U","date":"2018-04-04T08:08:53.000Z","volume":233000,"label":"U","price":35.8}]