[{"type":"U","date":"2018-03-22T01:05:11.000Z","volume":53000,"label":"P","price":14.81},{"type":"U","date":"2018-03-22T01:05:11.000Z","volume":213000,"label":"P","price":14.809},{"type":"A","date":"2018-03-22T01:30:04.000Z","volume":1000,"label":" ","price":14.76},{"type":"B","date":"2018-03-22T01:30:25.000Z","volume":3000,"label":" ","price":14.68},{"type":"B","date":"2018-03-22T01:30:27.000Z","volume":1000,"label":" ","price":14.74},{"type":"A","date":"2018-03-22T01:31:25.000Z","volume":2000,"label":" ","price":14.82},{"type":"A","date":"2018-03-22T01:31:26.000Z","volume":1000,"label":" ","price":14.88},{"type":"A","date":"2018-03-22T01:31:29.000Z","volume":1000,"label":" ","price":14.88},{"type":"B","date":"2018-03-22T01:31:29.000Z","volume":1000,"label":" ","price":14.8},{"type":"A","date":"2018-03-22T01:31:45.000Z","volume":1000,"label":" ","price":14.88},{"type":"B","date":"2018-03-22T01:31:54.000Z","volume":1000,"label":" ","price":14.82},{"type":"U","date":"2018-03-22T01:34:02.000Z","volume":1000,"label":"X","price":14.8},{"type":"A","date":"2018-03-22T01:35:09.000Z","volume":1000,"label":" ","price":14.88},{"type":"U","date":"2018-03-22T01:35:09.000Z","volume":1000,"label":" ","price":14.84},{"type":"U","date":"2018-03-22T01:35:10.000Z","volume":1000,"label":" ","price":14.84},{"type":"U","date":"2018-03-22T01:35:10.000Z","volume":1000,"label":"Y","price":14.84},{"type":"A","date":"2018-03-22T01:35:11.000Z","volume":1000,"label":" ","price":14.84},{"type":"B","date":"2018-03-22T01:35:58.000Z","volume":1000,"label":"Y","price":14.82},{"type":"B","date":"2018-03-22T01:35:58.000Z","volume":8000,"label":" ","price":14.82},{"type":"B","date":"2018-03-22T01:35:59.000Z","volume":2000,"label":" ","price":14.78},{"type":"A","date":"2018-03-22T01:36:00.000Z","volume":1000,"label":" ","price":14.86},{"type":"B","date":"2018-03-22T01:36:02.000Z","volume":1000,"label":" ","price":14.8},{"type":"B","date":"2018-03-22T01:37:37.000Z","volume":1000,"label":" ","price":14.76},{"type":"B","date":"2018-03-22T01:37:38.000Z","volume":1000,"label":" ","price":14.76},{"type":"B","date":"2018-03-22T01:38:51.000Z","volume":2000,"label":" ","price":14.76},{"type":"B","date":"2018-03-22T01:38:51.000Z","volume":1000,"label":" ","price":14.74},{"type":"B","date":"2018-03-22T01:38:53.000Z","volume":1000,"label":" ","price":14.72},{"type":"U","date":"2018-03-22T01:39:14.000Z","volume":457,"label":"D","price":14.62},{"type":"B","date":"2018-03-22T01:39:41.000Z","volume":2000,"label":" ","price":14.72},{"type":"B","date":"2018-03-22T01:39:41.000Z","volume":1000,"label":" ","price":14.7},{"type":"B","date":"2018-03-22T01:39:42.000Z","volume":1000,"label":" ","price":14.7},{"type":"U","date":"2018-03-22T01:40:19.000Z","volume":228000,"label":"X","price":14.8},{"type":"B","date":"2018-03-22T01:44:18.000Z","volume":17000,"label":" ","price":14.7},{"type":"B","date":"2018-03-22T01:44:18.000Z","volume":3000,"label":" ","price":14.7},{"type":"B","date":"2018-03-22T01:44:19.000Z","volume":1000,"label":" ","price":14.7},{"type":"B","date":"2018-03-22T01:44:19.000Z","volume":2000,"label":" ","price":14.7},{"type":"B","date":"2018-03-22T01:44:19.000Z","volume":1000,"label":" ","price":14.68},{"type":"B","date":"2018-03-22T01:44:19.000Z","volume":1000,"label":" ","price":14.68},{"type":"B","date":"2018-03-22T01:44:20.000Z","volume":2000,"label":" ","price":14.72},{"type":"A","date":"2018-03-22T01:44:33.000Z","volume":1000,"label":" ","price":14.76},{"type":"B","date":"2018-03-22T01:44:33.000Z","volume":1000,"label":" ","price":14.74},{"type":"A","date":"2018-03-22T01:44:46.000Z","volume":2000,"label":" ","price":14.76},{"type":"A","date":"2018-03-22T01:45:40.000Z","volume":2000,"label":" ","price":14.76},{"type":"B","date":"2018-03-22T01:45:43.000Z","volume":1000,"label":" ","price":14.72},{"type":"A","date":"2018-03-22T01:50:15.000Z","volume":5000,"label":"Y","price":14.74},{"type":"A","date":"2018-03-22T01:50:15.000Z","volume":3000,"label":" ","price":14.74},{"type":"B","date":"2018-03-22T01:50:16.000Z","volume":1000,"label":" ","price":14.72},{"type":"B","date":"2018-03-22T01:50:18.000Z","volume":2000,"label":" ","price":14.72},{"type":"B","date":"2018-03-22T01:50:19.000Z","volume":1000,"label":" ","price":14.72},{"type":"A","date":"2018-03-22T01:50:46.000Z","volume":1000,"label":" ","price":14.74},{"type":"A","date":"2018-03-22T01:52:19.000Z","volume":2000,"label":" ","price":14.74},{"type":"B","date":"2018-03-22T01:52:22.000Z","volume":1000,"label":" ","price":14.72},{"type":"A","date":"2018-03-22T01:54:40.000Z","volume":1000,"label":"Y","price":14.74},{"type":"B","date":"2018-03-22T01:56:14.000Z","volume":2000,"label":" ","price":14.72},{"type":"A","date":"2018-03-22T01:58:31.000Z","volume":3000,"label":" ","price":14.74},{"type":"A","date":"2018-03-22T01:58:31.000Z","volume":6000,"label":" ","price":14.74},{"type":"A","date":"2018-03-22T01:58:32.000Z","volume":1000,"label":" ","price":14.76},{"type":"A","date":"2018-03-22T02:02:10.000Z","volume":1000,"label":" ","price":14.76},{"type":"B","date":"2018-03-22T02:02:11.000Z","volume":1000,"label":" ","price":14.72},{"type":"A","date":"2018-03-22T02:05:51.000Z","volume":1000,"label":" ","price":14.76},{"type":"B","date":"2018-03-22T02:05:52.000Z","volume":1000,"label":" ","price":14.72},{"type":"A","date":"2018-03-22T02:08:05.000Z","volume":1000,"label":" ","price":14.74},{"type":"A","date":"2018-03-22T02:08:05.000Z","volume":1000,"label":" ","price":14.74},{"type":"A","date":"2018-03-22T02:10:05.000Z","volume":1000,"label":" ","price":14.74},{"type":"A","date":"2018-03-22T02:12:05.000Z","volume":1000,"label":" ","price":14.74},{"type":"A","date":"2018-03-22T02:13:05.000Z","volume":1000,"label":" ","price":14.74},{"type":"B","date":"2018-03-22T02:13:27.000Z","volume":1000,"label":" ","price":14.72},{"type":"A","date":"2018-03-22T02:17:05.000Z","volume":1000,"label":" ","price":14.74},{"type":"B","date":"2018-03-22T02:17:35.000Z","volume":5000,"label":" ","price":14.72},{"type":"B","date":"2018-03-22T02:17:36.000Z","volume":1000,"label":" ","price":14.72},{"type":"B","date":"2018-03-22T02:18:34.000Z","volume":1000,"label":" ","price":14.72},{"type":"A","date":"2018-03-22T02:19:46.000Z","volume":2000,"label":" ","price":14.74},{"type":"B","date":"2018-03-22T02:19:47.000Z","volume":1000,"label":" ","price":14.72},{"type":"B","date":"2018-03-22T02:19:48.000Z","volume":5000,"label":" ","price":14.72},{"type":"B","date":"2018-03-22T02:19:48.000Z","volume":1000,"label":" ","price":14.72},{"type":"B","date":"2018-03-22T02:19:48.000Z","volume":3000,"label":" ","price":14.72},{"type":"B","date":"2018-03-22T02:19:48.000Z","volume":2000,"label":" ","price":14.7},{"type":"B","date":"2018-03-22T02:19:50.000Z","volume":1000,"label":" ","price":14.7},{"type":"B","date":"2018-03-22T02:22:55.000Z","volume":4000,"label":" ","price":14.7},{"type":"B","date":"2018-03-22T02:22:56.000Z","volume":1000,"label":" ","price":14.7},{"type":"B","date":"2018-03-22T02:22:57.000Z","volume":1000,"label":" ","price":14.7},{"type":"B","date":"2018-03-22T02:22:58.000Z","volume":5000,"label":" ","price":14.7},{"type":"B","date":"2018-03-22T02:22:58.000Z","volume":1000,"label":" ","price":14.68},{"type":"B","date":"2018-03-22T02:22:59.000Z","volume":1000,"label":" ","price":14.68},{"type":"B","date":"2018-03-22T02:29:37.000Z","volume":26000,"label":" ","price":14.68},{"type":"B","date":"2018-03-22T02:29:38.000Z","volume":5000,"label":" ","price":14.64},{"type":"B","date":"2018-03-22T02:29:39.000Z","volume":3000,"label":" ","price":14.64},{"type":"B","date":"2018-03-22T02:29:39.000Z","volume":1000,"label":" ","price":14.64},{"type":"B","date":"2018-03-22T02:29:39.000Z","volume":1000,"label":" ","price":14.64},{"type":"B","date":"2018-03-22T02:29:40.000Z","volume":1000,"label":" ","price":14.6},{"type":"U","date":"2018-03-22T02:37:41.000Z","volume":3000,"label":" ","price":14.62},{"type":"B","date":"2018-03-22T02:39:04.000Z","volume":3000,"label":" ","price":14.62},{"type":"B","date":"2018-03-22T02:39:05.000Z","volume":1000,"label":" ","price":14.62},{"type":"B","date":"2018-03-22T02:45:20.000Z","volume":1000,"label":" ","price":14.64},{"type":"B","date":"2018-03-22T02:45:25.000Z","volume":1000,"label":" ","price":14.64},{"type":"B","date":"2018-03-22T02:45:29.000Z","volume":1000,"label":" ","price":14.64},{"type":"A","date":"2018-03-22T02:48:00.000Z","volume":1000,"label":" ","price":14.7},{"type":"A","date":"2018-03-22T02:50:00.000Z","volume":1000,"label":" ","price":14.7},{"type":"B","date":"2018-03-22T02:50:01.000Z","volume":1000,"label":" ","price":14.64},{"type":"A","date":"2018-03-22T02:52:00.000Z","volume":1000,"label":" ","price":14.7},{"type":"B","date":"2018-03-22T02:52:08.000Z","volume":1000,"label":" ","price":14.64},{"type":"A","date":"2018-03-22T02:54:00.000Z","volume":1000,"label":" ","price":14.7},{"type":"A","date":"2018-03-22T02:55:59.000Z","volume":1000,"label":" ","price":14.66},{"type":"B","date":"2018-03-22T02:56:22.000Z","volume":14000,"label":" ","price":14.64},{"type":"B","date":"2018-03-22T02:56:22.000Z","volume":1000,"label":" ","price":14.64},{"type":"B","date":"2018-03-22T02:56:23.000Z","volume":3000,"label":" ","price":14.62},{"type":"B","date":"2018-03-22T02:56:23.000Z","volume":1000,"label":" ","price":14.62},{"type":"B","date":"2018-03-22T02:56:53.000Z","volume":5000,"label":" ","price":14.62},{"type":"B","date":"2018-03-22T02:56:54.000Z","volume":1000,"label":" ","price":14.6},{"type":"B","date":"2018-03-22T02:56:54.000Z","volume":16000,"label":" ","price":14.6},{"type":"B","date":"2018-03-22T02:56:54.000Z","volume":2000,"label":" ","price":14.58},{"type":"B","date":"2018-03-22T02:56:54.000Z","volume":1000,"label":" ","price":14.56},{"type":"B","date":"2018-03-22T02:56:55.000Z","volume":1000,"label":" ","price":14.56},{"type":"B","date":"2018-03-22T02:58:49.000Z","volume":11000,"label":" ","price":14.56},{"type":"B","date":"2018-03-22T02:58:50.000Z","volume":2000,"label":" ","price":14.54},{"type":"B","date":"2018-03-22T03:01:37.000Z","volume":2000,"label":" ","price":14.56},{"type":"A","date":"2018-03-22T03:01:44.000Z","volume":1000,"label":" ","price":14.58},{"type":"B","date":"2018-03-22T03:01:46.000Z","volume":1000,"label":" ","price":14.56},{"type":"B","date":"2018-03-22T03:05:07.000Z","volume":1000,"label":" ","price":14.56},{"type":"B","date":"2018-03-22T03:05:28.000Z","volume":1000,"label":" ","price":14.56},{"type":"B","date":"2018-03-22T03:05:57.000Z","volume":3000,"label":" ","price":14.56},{"type":"A","date":"2018-03-22T03:16:28.000Z","volume":4000,"label":" ","price":14.58},{"type":"B","date":"2018-03-22T03:16:29.000Z","volume":1000,"label":" ","price":14.56},{"type":"B","date":"2018-03-22T03:16:31.000Z","volume":1000,"label":" ","price":14.56},{"type":"A","date":"2018-03-22T03:20:35.000Z","volume":1000,"label":" ","price":14.58},{"type":"B","date":"2018-03-22T03:22:14.000Z","volume":3000,"label":" ","price":14.56},{"type":"B","date":"2018-03-22T03:22:15.000Z","volume":1000,"label":" ","price":14.56},{"type":"A","date":"2018-03-22T03:22:35.000Z","volume":1000,"label":" ","price":14.58},{"type":"B","date":"2018-03-22T03:23:11.000Z","volume":1000,"label":" ","price":14.56},{"type":"A","date":"2018-03-22T03:24:35.000Z","volume":1000,"label":" ","price":14.58},{"type":"B","date":"2018-03-22T03:24:36.000Z","volume":1000,"label":" ","price":14.56},{"type":"B","date":"2018-03-22T03:25:36.000Z","volume":8000,"label":" ","price":14.56},{"type":"B","date":"2018-03-22T03:25:37.000Z","volume":1000,"label":" ","price":14.56},{"type":"B","date":"2018-03-22T03:29:27.000Z","volume":2000,"label":" ","price":14.56},{"type":"B","date":"2018-03-22T03:29:34.000Z","volume":2000,"label":" ","price":14.56},{"type":"B","date":"2018-03-22T03:29:35.000Z","volume":1000,"label":" ","price":14.56},{"type":"A","date":"2018-03-22T03:30:52.000Z","volume":2000,"label":" ","price":14.58},{"type":"B","date":"2018-03-22T03:34:43.000Z","volume":1000,"label":" ","price":14.56},{"type":"A","date":"2018-03-22T03:39:25.000Z","volume":1000,"label":" ","price":14.58},{"type":"A","date":"2018-03-22T03:41:09.000Z","volume":1000,"label":" ","price":14.58},{"type":"A","date":"2018-03-22T03:41:09.000Z","volume":34000,"label":" ","price":14.58},{"type":"B","date":"2018-03-22T03:41:09.000Z","volume":2000,"label":" ","price":14.56},{"type":"A","date":"2018-03-22T03:41:09.000Z","volume":8000,"label":" ","price":14.6},{"type":"B","date":"2018-03-22T03:41:09.000Z","volume":1000,"label":" ","price":14.56},{"type":"B","date":"2018-03-22T03:41:09.000Z","volume":1000,"label":" ","price":14.56},{"type":"B","date":"2018-03-22T03:41:09.000Z","volume":1000,"label":" ","price":14.56},{"type":"A","date":"2018-03-22T03:41:09.000Z","volume":1000,"label":" ","price":14.62},{"type":"U","date":"2018-03-22T03:52:00.000Z","volume":1000,"label":" ","price":14.64},{"type":"A","date":"2018-03-22T05:01:10.000Z","volume":11000,"label":" ","price":14.7},{"type":"A","date":"2018-03-22T05:02:20.000Z","volume":1000,"label":" ","price":14.7},{"type":"A","date":"2018-03-22T05:04:35.000Z","volume":1000,"label":" ","price":14.7},{"type":"U","date":"2018-03-22T05:05:06.000Z","volume":3000,"label":" ","price":14.66},{"type":"A","date":"2018-03-22T05:05:35.000Z","volume":1000,"label":" ","price":14.7},{"type":"U","date":"2018-03-22T05:06:15.000Z","volume":3000,"label":" ","price":14.64},{"type":"B","date":"2018-03-22T05:06:16.000Z","volume":1000,"label":" ","price":14.64},{"type":"A","date":"2018-03-22T05:07:27.000Z","volume":1000,"label":" ","price":14.68},{"type":"A","date":"2018-03-22T05:09:25.000Z","volume":1000,"label":" ","price":14.68},{"type":"A","date":"2018-03-22T05:09:44.000Z","volume":3000,"label":"Y","price":14.68},{"type":"A","date":"2018-03-22T05:09:44.000Z","volume":27000,"label":" ","price":14.68},{"type":"A","date":"2018-03-22T05:09:44.000Z","volume":2000,"label":" ","price":14.68},{"type":"B","date":"2018-03-22T05:09:45.000Z","volume":6000,"label":" ","price":14.64},{"type":"A","date":"2018-03-22T05:19:20.000Z","volume":1000,"label":" ","price":14.68},{"type":"A","date":"2018-03-22T05:20:47.000Z","volume":1000,"label":"Y","price":14.68},{"type":"A","date":"2018-03-22T05:21:20.000Z","volume":1000,"label":" ","price":14.68},{"type":"A","date":"2018-03-22T05:23:20.000Z","volume":1000,"label":" ","price":14.68},{"type":"A","date":"2018-03-22T05:24:15.000Z","volume":1000,"label":" ","price":14.68},{"type":"A","date":"2018-03-22T05:26:15.000Z","volume":1000,"label":" ","price":14.68},{"type":"A","date":"2018-03-22T05:28:15.000Z","volume":1000,"label":" ","price":14.68},{"type":"A","date":"2018-03-22T05:29:25.000Z","volume":1000,"label":"Y","price":14.68},{"type":"A","date":"2018-03-22T05:29:25.000Z","volume":1000,"label":" ","price":14.68},{"type":"A","date":"2018-03-22T05:30:10.000Z","volume":1000,"label":" ","price":14.68},{"type":"B","date":"2018-03-22T05:30:11.000Z","volume":1000,"label":" ","price":14.64},{"type":"A","date":"2018-03-22T05:34:10.000Z","volume":1000,"label":" ","price":14.68},{"type":"U","date":"2018-03-22T05:34:19.000Z","volume":1000,"label":" ","price":14.66},{"type":"A","date":"2018-03-22T05:34:19.000Z","volume":2000,"label":" ","price":14.66},{"type":"A","date":"2018-03-22T05:38:45.000Z","volume":2000,"label":"Y","price":14.68},{"type":"B","date":"2018-03-22T05:38:46.000Z","volume":1000,"label":" ","price":14.64},{"type":"A","date":"2018-03-22T05:41:09.000Z","volume":1000,"label":" ","price":14.68},{"type":"A","date":"2018-03-22T05:41:50.000Z","volume":21000,"label":" ","price":14.68},{"type":"A","date":"2018-03-22T05:41:50.000Z","volume":1000,"label":" ","price":14.68},{"type":"B","date":"2018-03-22T05:41:50.000Z","volume":1000,"label":" ","price":14.66},{"type":"A","date":"2018-03-22T05:41:50.000Z","volume":7000,"label":" ","price":14.7},{"type":"A","date":"2018-03-22T05:41:50.000Z","volume":3000,"label":" ","price":14.7},{"type":"A","date":"2018-03-22T05:43:00.000Z","volume":1000,"label":" ","price":14.72},{"type":"U","date":"2018-03-22T05:43:08.000Z","volume":1000,"label":" ","price":14.7},{"type":"A","date":"2018-03-22T05:45:00.000Z","volume":1000,"label":" ","price":14.72},{"type":"A","date":"2018-03-22T05:47:00.000Z","volume":1000,"label":" ","price":14.72},{"type":"A","date":"2018-03-22T05:49:00.000Z","volume":1000,"label":" ","price":14.72},{"type":"B","date":"2018-03-22T05:49:01.000Z","volume":1000,"label":" ","price":14.68},{"type":"B","date":"2018-03-22T05:50:07.000Z","volume":1000,"label":" ","price":14.68},{"type":"A","date":"2018-03-22T05:50:19.000Z","volume":1000,"label":" ","price":14.72},{"type":"A","date":"2018-03-22T05:52:55.000Z","volume":1000,"label":" ","price":14.72},{"type":"A","date":"2018-03-22T05:53:09.000Z","volume":1000,"label":" ","price":14.72},{"type":"B","date":"2018-03-22T05:53:40.000Z","volume":1000,"label":" ","price":14.7},{"type":"B","date":"2018-03-22T05:53:40.000Z","volume":7000,"label":" ","price":14.7},{"type":"B","date":"2018-03-22T05:53:40.000Z","volume":1000,"label":" ","price":14.7},{"type":"B","date":"2018-03-22T05:53:45.000Z","volume":1000,"label":" ","price":14.68},{"type":"B","date":"2018-03-22T05:53:46.000Z","volume":1000,"label":"Y","price":14.68},{"type":"B","date":"2018-03-22T05:53:47.000Z","volume":1000,"label":" ","price":14.68},{"type":"A","date":"2018-03-22T05:53:59.000Z","volume":7000,"label":" ","price":14.7},{"type":"B","date":"2018-03-22T05:53:59.000Z","volume":3000,"label":" ","price":14.7},{"type":"B","date":"2018-03-22T05:54:00.000Z","volume":8000,"label":" ","price":14.7},{"type":"B","date":"2018-03-22T05:54:00.000Z","volume":8000,"label":" ","price":14.7},{"type":"B","date":"2018-03-22T05:54:00.000Z","volume":2000,"label":"Y","price":14.68},{"type":"B","date":"2018-03-22T05:54:00.000Z","volume":1000,"label":" ","price":14.68},{"type":"B","date":"2018-03-22T05:55:14.000Z","volume":6000,"label":" ","price":14.68},{"type":"B","date":"2018-03-22T05:55:14.000Z","volume":1000,"label":" ","price":14.68},{"type":"B","date":"2018-03-22T05:55:15.000Z","volume":1000,"label":"Y","price":14.68},{"type":"B","date":"2018-03-22T05:55:15.000Z","volume":1000,"label":" ","price":14.68},{"type":"A","date":"2018-03-22T05:56:19.000Z","volume":1000,"label":" ","price":14.74},{"type":"A","date":"2018-03-22T06:10:19.000Z","volume":5000,"label":" ","price":14.74},{"type":"B","date":"2018-03-22T06:11:25.000Z","volume":1000,"label":" ","price":14.68},{"type":"A","date":"2018-03-22T06:11:25.000Z","volume":1000,"label":" ","price":14.74},{"type":"A","date":"2018-03-22T06:13:25.000Z","volume":1000,"label":" ","price":14.74},{"type":"A","date":"2018-03-22T06:15:25.000Z","volume":1000,"label":" ","price":14.74},{"type":"B","date":"2018-03-22T06:16:07.000Z","volume":1000,"label":" ","price":14.68},{"type":"A","date":"2018-03-22T06:17:25.000Z","volume":1000,"label":" ","price":14.74},{"type":"A","date":"2018-03-22T06:19:25.000Z","volume":1000,"label":" ","price":14.74},{"type":"A","date":"2018-03-22T06:21:25.000Z","volume":1000,"label":" ","price":14.74},{"type":"A","date":"2018-03-22T06:22:06.000Z","volume":1000,"label":" ","price":14.7},{"type":"A","date":"2018-03-22T06:22:15.000Z","volume":1000,"label":" ","price":14.72},{"type":"A","date":"2018-03-22T06:22:21.000Z","volume":1000,"label":" ","price":14.72},{"type":"A","date":"2018-03-22T06:24:15.000Z","volume":1000,"label":" ","price":14.72},{"type":"B","date":"2018-03-22T06:24:16.000Z","volume":1000,"label":" ","price":14.68},{"type":"A","date":"2018-03-22T06:24:45.000Z","volume":1000,"label":" ","price":14.72},{"type":"A","date":"2018-03-22T06:25:11.000Z","volume":1000,"label":"Y","price":14.72},{"type":"A","date":"2018-03-22T06:28:10.000Z","volume":1000,"label":" ","price":14.72},{"type":"A","date":"2018-03-22T06:30:05.000Z","volume":1000,"label":" ","price":14.72},{"type":"A","date":"2018-03-22T06:31:17.000Z","volume":2000,"label":" ","price":14.72},{"type":"A","date":"2018-03-22T06:32:05.000Z","volume":1000,"label":" ","price":14.72},{"type":"A","date":"2018-03-22T06:34:05.000Z","volume":1000,"label":" ","price":14.72},{"type":"A","date":"2018-03-22T06:36:00.000Z","volume":1000,"label":" ","price":14.72},{"type":"A","date":"2018-03-22T06:38:00.000Z","volume":1000,"label":" ","price":14.72},{"type":"U","date":"2018-03-22T06:40:00.000Z","volume":1000,"label":" ","price":14.7},{"type":"A","date":"2018-03-22T06:40:00.000Z","volume":1000,"label":" ","price":14.72},{"type":"B","date":"2018-03-22T06:40:18.000Z","volume":1000,"label":" ","price":14.68},{"type":"B","date":"2018-03-22T06:40:19.000Z","volume":1000,"label":" ","price":14.68},{"type":"A","date":"2018-03-22T06:41:31.000Z","volume":1000,"label":" ","price":14.7},{"type":"A","date":"2018-03-22T06:41:46.000Z","volume":1000,"label":" ","price":14.7},{"type":"A","date":"2018-03-22T06:41:52.000Z","volume":1000,"label":" ","price":14.7},{"type":"A","date":"2018-03-22T06:43:50.000Z","volume":1000,"label":" ","price":14.7},{"type":"A","date":"2018-03-22T06:45:45.000Z","volume":1000,"label":" ","price":14.7},{"type":"B","date":"2018-03-22T06:45:46.000Z","volume":1000,"label":"Y","price":14.68},{"type":"A","date":"2018-03-22T06:46:45.000Z","volume":1000,"label":" ","price":14.7},{"type":"A","date":"2018-03-22T06:48:01.000Z","volume":1000,"label":" ","price":14.7},{"type":"A","date":"2018-03-22T06:48:22.000Z","volume":1000,"label":" ","price":14.7},{"type":"A","date":"2018-03-22T06:48:45.000Z","volume":1000,"label":" ","price":14.7},{"type":"A","date":"2018-03-22T06:50:45.000Z","volume":1000,"label":" ","price":14.7},{"type":"A","date":"2018-03-22T06:52:35.000Z","volume":1000,"label":" ","price":14.7},{"type":"A","date":"2018-03-22T06:52:40.000Z","volume":1000,"label":" ","price":14.7},{"type":"A","date":"2018-03-22T06:54:40.000Z","volume":1000,"label":" ","price":14.7},{"type":"A","date":"2018-03-22T06:56:38.000Z","volume":1000,"label":" ","price":14.7},{"type":"A","date":"2018-03-22T06:56:38.000Z","volume":1000,"label":" ","price":14.7},{"type":"A","date":"2018-03-22T06:56:58.000Z","volume":2000,"label":"Y","price":14.7},{"type":"A","date":"2018-03-22T06:58:35.000Z","volume":1000,"label":" ","price":14.7},{"type":"A","date":"2018-03-22T06:59:09.000Z","volume":1000,"label":" ","price":14.7},{"type":"A","date":"2018-03-22T07:00:19.000Z","volume":4000,"label":" ","price":14.7},{"type":"A","date":"2018-03-22T07:00:19.000Z","volume":1000,"label":" ","price":14.7},{"type":"A","date":"2018-03-22T07:00:20.000Z","volume":1000,"label":" ","price":14.72},{"type":"B","date":"2018-03-22T07:02:28.000Z","volume":1000,"label":" ","price":14.7},{"type":"B","date":"2018-03-22T07:04:29.000Z","volume":1000,"label":" ","price":14.68},{"type":"B","date":"2018-03-22T07:04:50.000Z","volume":1000,"label":" ","price":14.7},{"type":"A","date":"2018-03-22T07:06:20.000Z","volume":1000,"label":" ","price":14.72},{"type":"A","date":"2018-03-22T07:07:01.000Z","volume":1000,"label":" ","price":14.72},{"type":"B","date":"2018-03-22T07:07:12.000Z","volume":1000,"label":" ","price":14.7},{"type":"B","date":"2018-03-22T07:07:13.000Z","volume":1000,"label":" ","price":14.68},{"type":"A","date":"2018-03-22T07:08:15.000Z","volume":1000,"label":" ","price":14.72},{"type":"A","date":"2018-03-22T07:08:15.000Z","volume":1000,"label":" ","price":14.72},{"type":"B","date":"2018-03-22T07:08:29.000Z","volume":2000,"label":" ","price":14.68},{"type":"A","date":"2018-03-22T07:09:10.000Z","volume":1000,"label":" ","price":14.72},{"type":"A","date":"2018-03-22T07:09:46.000Z","volume":1000,"label":" ","price":14.72},{"type":"B","date":"2018-03-22T07:09:47.000Z","volume":1000,"label":" ","price":14.68},{"type":"B","date":"2018-03-22T07:10:00.000Z","volume":1000,"label":" ","price":14.7},{"type":"A","date":"2018-03-22T07:11:03.000Z","volume":1000,"label":" ","price":14.72},{"type":"A","date":"2018-03-22T07:11:16.000Z","volume":1000,"label":" ","price":14.72},{"type":"A","date":"2018-03-22T07:12:12.000Z","volume":1000,"label":" ","price":14.72},{"type":"B","date":"2018-03-22T07:12:22.000Z","volume":1000,"label":" ","price":14.7},{"type":"B","date":"2018-03-22T07:12:23.000Z","volume":1000,"label":" ","price":14.68},{"type":"A","date":"2018-03-22T07:12:56.000Z","volume":1000,"label":" ","price":14.72},{"type":"A","date":"2018-03-22T07:13:26.000Z","volume":1000,"label":" ","price":14.72},{"type":"A","date":"2018-03-22T07:14:46.000Z","volume":1000,"label":" ","price":14.72},{"type":"A","date":"2018-03-22T07:14:55.000Z","volume":1000,"label":" ","price":14.72},{"type":"A","date":"2018-03-22T07:15:07.000Z","volume":2000,"label":" ","price":14.72},{"type":"B","date":"2018-03-22T07:15:07.000Z","volume":15000,"label":" ","price":14.7},{"type":"B","date":"2018-03-22T07:15:07.000Z","volume":2000,"label":" ","price":14.7},{"type":"B","date":"2018-03-22T07:15:08.000Z","volume":4000,"label":" ","price":14.68},{"type":"B","date":"2018-03-22T07:15:08.000Z","volume":17000,"label":" ","price":14.68},{"type":"B","date":"2018-03-22T07:15:09.000Z","volume":3000,"label":" ","price":14.68},{"type":"B","date":"2018-03-22T07:16:31.000Z","volume":15000,"label":" ","price":14.68},{"type":"U","date":"2018-03-22T07:16:31.000Z","volume":1000,"label":" ","price":14.68},{"type":"U","date":"2018-03-22T07:16:31.000Z","volume":1000,"label":" ","price":14.68},{"type":"B","date":"2018-03-22T07:16:32.000Z","volume":3000,"label":" ","price":14.66},{"type":"B","date":"2018-03-22T07:17:12.000Z","volume":13000,"label":" ","price":14.66},{"type":"B","date":"2018-03-22T07:17:13.000Z","volume":2000,"label":" ","price":14.66},{"type":"B","date":"2018-03-22T07:19:17.000Z","volume":1000,"label":" ","price":14.66},{"type":"A","date":"2018-03-22T07:21:46.000Z","volume":2000,"label":" ","price":14.68},{"type":"A","date":"2018-03-22T07:22:05.000Z","volume":2000,"label":" ","price":14.68},{"type":"B","date":"2018-03-22T07:22:06.000Z","volume":1000,"label":" ","price":14.66},{"type":"A","date":"2018-03-22T07:24:27.000Z","volume":1000,"label":" ","price":14.68},{"type":"A","date":"2018-03-22T07:25:41.000Z","volume":1000,"label":" ","price":14.68},{"type":"A","date":"2018-03-22T07:26:46.000Z","volume":1000,"label":" ","price":14.68},{"type":"A","date":"2018-03-22T07:27:17.000Z","volume":1000,"label":" ","price":14.68},{"type":"A","date":"2018-03-22T07:27:56.000Z","volume":1000,"label":" ","price":14.68},{"type":"B","date":"2018-03-22T07:27:57.000Z","volume":1000,"label":" ","price":14.66},{"type":"A","date":"2018-03-22T07:28:41.000Z","volume":1000,"label":" ","price":14.68},{"type":"A","date":"2018-03-22T07:29:25.000Z","volume":1000,"label":" ","price":14.68},{"type":"A","date":"2018-03-22T07:29:31.000Z","volume":1000,"label":" ","price":14.68},{"type":"A","date":"2018-03-22T07:29:32.000Z","volume":1000,"label":" ","price":14.68},{"type":"A","date":"2018-03-22T07:29:33.000Z","volume":1000,"label":" ","price":14.68},{"type":"B","date":"2018-03-22T07:29:33.000Z","volume":1000,"label":" ","price":14.66},{"type":"A","date":"2018-03-22T07:30:20.000Z","volume":1000,"label":" ","price":14.68},{"type":"A","date":"2018-03-22T07:31:01.000Z","volume":1000,"label":" ","price":14.68},{"type":"A","date":"2018-03-22T07:31:08.000Z","volume":2000,"label":" ","price":14.68},{"type":"A","date":"2018-03-22T07:31:26.000Z","volume":1000,"label":" ","price":14.68},{"type":"A","date":"2018-03-22T07:32:16.000Z","volume":1000,"label":" ","price":14.68},{"type":"A","date":"2018-03-22T07:32:16.000Z","volume":1000,"label":" ","price":14.68},{"type":"B","date":"2018-03-22T07:32:17.000Z","volume":1000,"label":" ","price":14.66},{"type":"A","date":"2018-03-22T07:33:06.000Z","volume":1000,"label":" ","price":14.68},{"type":"A","date":"2018-03-22T07:33:36.000Z","volume":1000,"label":" ","price":14.68},{"type":"B","date":"2018-03-22T07:33:38.000Z","volume":5000,"label":" ","price":14.66},{"type":"B","date":"2018-03-22T07:33:39.000Z","volume":1000,"label":" ","price":14.66},{"type":"A","date":"2018-03-22T07:34:06.000Z","volume":1000,"label":" ","price":14.68},{"type":"A","date":"2018-03-22T07:34:15.000Z","volume":1000,"label":" ","price":14.68},{"type":"A","date":"2018-03-22T07:34:26.000Z","volume":1000,"label":" ","price":14.68},{"type":"B","date":"2018-03-22T07:34:27.000Z","volume":1000,"label":"Y","price":14.66},{"type":"B","date":"2018-03-22T07:34:35.000Z","volume":19000,"label":" ","price":14.66},{"type":"B","date":"2018-03-22T07:34:35.000Z","volume":2000,"label":" ","price":14.66},{"type":"B","date":"2018-03-22T07:34:36.000Z","volume":3000,"label":" ","price":14.64},{"type":"B","date":"2018-03-22T07:35:14.000Z","volume":1000,"label":" ","price":14.64},{"type":"B","date":"2018-03-22T07:37:38.000Z","volume":3000,"label":" ","price":14.64},{"type":"B","date":"2018-03-22T07:37:39.000Z","volume":1000,"label":" ","price":14.64},{"type":"A","date":"2018-03-22T07:39:01.000Z","volume":1000,"label":" ","price":14.66},{"type":"A","date":"2018-03-22T07:39:40.000Z","volume":1000,"label":" ","price":14.66},{"type":"A","date":"2018-03-22T07:40:16.000Z","volume":1000,"label":" ","price":14.66},{"type":"A","date":"2018-03-22T07:40:31.000Z","volume":1000,"label":" ","price":14.66},{"type":"B","date":"2018-03-22T07:40:32.000Z","volume":1000,"label":" ","price":14.64},{"type":"A","date":"2018-03-22T07:41:01.000Z","volume":1000,"label":" ","price":14.66},{"type":"A","date":"2018-03-22T07:41:31.000Z","volume":1000,"label":" ","price":14.66},{"type":"A","date":"2018-03-22T07:42:01.000Z","volume":1000,"label":" ","price":14.66},{"type":"A","date":"2018-03-22T07:42:41.000Z","volume":1000,"label":" ","price":14.66},{"type":"A","date":"2018-03-22T07:43:01.000Z","volume":1000,"label":" ","price":14.66},{"type":"B","date":"2018-03-22T07:43:02.000Z","volume":1000,"label":" ","price":14.64},{"type":"A","date":"2018-03-22T07:43:11.000Z","volume":3000,"label":" ","price":14.66},{"type":"A","date":"2018-03-22T07:43:24.000Z","volume":1000,"label":" ","price":14.66},{"type":"A","date":"2018-03-22T07:43:41.000Z","volume":1000,"label":" ","price":14.66},{"type":"A","date":"2018-03-22T07:44:21.000Z","volume":1000,"label":" ","price":14.66},{"type":"B","date":"2018-03-22T07:44:22.000Z","volume":1000,"label":" ","price":14.64},{"type":"A","date":"2018-03-22T07:45:01.000Z","volume":1000,"label":" ","price":14.66},{"type":"A","date":"2018-03-22T07:45:41.000Z","volume":1000,"label":" ","price":14.66},{"type":"A","date":"2018-03-22T07:46:16.000Z","volume":1000,"label":" ","price":14.66},{"type":"A","date":"2018-03-22T07:46:20.000Z","volume":2000,"label":" ","price":14.66},{"type":"A","date":"2018-03-22T07:46:46.000Z","volume":1000,"label":" ","price":14.66},{"type":"B","date":"2018-03-22T07:46:47.000Z","volume":1000,"label":" ","price":14.64},{"type":"A","date":"2018-03-22T07:47:16.000Z","volume":1000,"label":" ","price":14.66},{"type":"A","date":"2018-03-22T07:47:31.000Z","volume":1000,"label":" ","price":14.66},{"type":"A","date":"2018-03-22T07:48:01.000Z","volume":1000,"label":" ","price":14.66},{"type":"A","date":"2018-03-22T07:48:16.000Z","volume":1000,"label":" ","price":14.66},{"type":"A","date":"2018-03-22T07:48:46.000Z","volume":1000,"label":" ","price":14.66},{"type":"B","date":"2018-03-22T07:48:47.000Z","volume":1000,"label":" ","price":14.64},{"type":"A","date":"2018-03-22T07:49:31.000Z","volume":1000,"label":" ","price":14.66},{"type":"A","date":"2018-03-22T07:49:51.000Z","volume":1000,"label":" ","price":14.66},{"type":"A","date":"2018-03-22T07:50:01.000Z","volume":1000,"label":" ","price":14.66},{"type":"A","date":"2018-03-22T07:50:24.000Z","volume":2000,"label":" ","price":14.66},{"type":"A","date":"2018-03-22T07:50:31.000Z","volume":1000,"label":" ","price":14.66},{"type":"B","date":"2018-03-22T07:50:32.000Z","volume":1000,"label":" ","price":14.64},{"type":"B","date":"2018-03-22T07:51:00.000Z","volume":1000,"label":" ","price":14.64},{"type":"A","date":"2018-03-22T07:51:00.000Z","volume":1000,"label":" ","price":14.66},{"type":"B","date":"2018-03-22T07:51:49.000Z","volume":3000,"label":" ","price":14.64},{"type":"B","date":"2018-03-22T07:51:58.000Z","volume":1000,"label":" ","price":14.64},{"type":"B","date":"2018-03-22T07:51:59.000Z","volume":1000,"label":" ","price":14.64},{"type":"A","date":"2018-03-22T07:51:59.000Z","volume":1000,"label":" ","price":14.66},{"type":"B","date":"2018-03-22T07:52:00.000Z","volume":1000,"label":" ","price":14.64},{"type":"A","date":"2018-03-22T07:52:58.000Z","volume":1000,"label":" ","price":14.66},{"type":"B","date":"2018-03-22T07:53:11.000Z","volume":8000,"label":" ","price":14.64},{"type":"B","date":"2018-03-22T07:53:11.000Z","volume":13000,"label":" ","price":14.64},{"type":"B","date":"2018-03-22T07:53:11.000Z","volume":1000,"label":" ","price":14.64},{"type":"B","date":"2018-03-22T07:53:12.000Z","volume":1000,"label":" ","price":14.64},{"type":"B","date":"2018-03-22T07:53:12.000Z","volume":1000,"label":" ","price":14.62},{"type":"B","date":"2018-03-22T07:53:12.000Z","volume":1000,"label":" ","price":14.62},{"type":"B","date":"2018-03-22T07:53:12.000Z","volume":1000,"label":" ","price":14.62},{"type":"B","date":"2018-03-22T07:53:46.000Z","volume":6000,"label":" ","price":14.62},{"type":"B","date":"2018-03-22T07:53:47.000Z","volume":1000,"label":"Y","price":14.6},{"type":"B","date":"2018-03-22T07:53:48.000Z","volume":1000,"label":" ","price":14.6},{"type":"B","date":"2018-03-22T07:53:48.000Z","volume":1000,"label":" ","price":14.6},{"type":"B","date":"2018-03-22T07:54:28.000Z","volume":1000,"label":" ","price":14.6},{"type":"B","date":"2018-03-22T07:54:29.000Z","volume":1000,"label":"Y","price":14.6},{"type":"B","date":"2018-03-22T07:55:11.000Z","volume":1000,"label":" ","price":14.6},{"type":"A","date":"2018-03-22T07:56:31.000Z","volume":1000,"label":" ","price":14.62},{"type":"B","date":"2018-03-22T07:56:42.000Z","volume":2000,"label":" ","price":14.6},{"type":"A","date":"2018-03-22T07:56:51.000Z","volume":1000,"label":" ","price":14.62},{"type":"B","date":"2018-03-22T07:56:52.000Z","volume":1000,"label":"Y","price":14.6},{"type":"A","date":"2018-03-22T07:57:00.000Z","volume":1000,"label":" ","price":14.62},{"type":"B","date":"2018-03-22T07:57:03.000Z","volume":1000,"label":" ","price":14.6},{"type":"A","date":"2018-03-22T07:57:11.000Z","volume":1000,"label":" ","price":14.62},{"type":"A","date":"2018-03-22T07:57:21.000Z","volume":1000,"label":" ","price":14.62},{"type":"B","date":"2018-03-22T07:57:26.000Z","volume":1000,"label":" ","price":14.6},{"type":"A","date":"2018-03-22T07:57:31.000Z","volume":1000,"label":" ","price":14.62},{"type":"B","date":"2018-03-22T07:57:32.000Z","volume":1000,"label":" ","price":14.6},{"type":"B","date":"2018-03-22T07:57:48.000Z","volume":1000,"label":" ","price":14.6},{"type":"A","date":"2018-03-22T07:57:51.000Z","volume":1000,"label":" ","price":14.62},{"type":"A","date":"2018-03-22T07:58:01.000Z","volume":1000,"label":" ","price":14.62},{"type":"A","date":"2018-03-22T07:58:01.000Z","volume":1000,"label":" ","price":14.62},{"type":"A","date":"2018-03-22T07:58:10.000Z","volume":1000,"label":" ","price":14.62},{"type":"A","date":"2018-03-22T07:58:20.000Z","volume":1000,"label":" ","price":14.62},{"type":"B","date":"2018-03-22T07:58:21.000Z","volume":1000,"label":" ","price":14.6},{"type":"B","date":"2018-03-22T07:58:34.000Z","volume":2000,"label":" ","price":14.6},{"type":"A","date":"2018-03-22T07:58:41.000Z","volume":1000,"label":" ","price":14.62},{"type":"A","date":"2018-03-22T07:58:50.000Z","volume":1000,"label":" ","price":14.62},{"type":"A","date":"2018-03-22T07:58:50.000Z","volume":1000,"label":" ","price":14.62},{"type":"B","date":"2018-03-22T07:58:50.000Z","volume":1000,"label":" ","price":14.6},{"type":"A","date":"2018-03-22T07:58:56.000Z","volume":2000,"label":" ","price":14.62},{"type":"A","date":"2018-03-22T07:58:56.000Z","volume":1000,"label":" ","price":14.62},{"type":"B","date":"2018-03-22T07:59:09.000Z","volume":1000,"label":" ","price":14.6},{"type":"B","date":"2018-03-22T07:59:32.000Z","volume":2000,"label":" ","price":14.6},{"type":"B","date":"2018-03-22T07:59:33.000Z","volume":1000,"label":" ","price":14.6},{"type":"B","date":"2018-03-22T07:59:34.000Z","volume":2000,"label":" ","price":14.6},{"type":"B","date":"2018-03-22T07:59:50.000Z","volume":1000,"label":" ","price":14.6},{"type":"U","date":"2018-03-22T08:08:15.000Z","volume":270000,"label":"U","price":14.66}]