[{"type":"U","date":"2018-03-27T01:20:00.000Z","volume":1000,"label":"U","price":0.62},{"type":"B","date":"2018-03-27T01:33:56.000Z","volume":50000,"label":" ","price":0.61},{"type":"B","date":"2018-03-27T01:34:58.000Z","volume":101000,"label":" ","price":0.61},{"type":"B","date":"2018-03-27T01:36:49.000Z","volume":134000,"label":" ","price":0.61},{"type":"B","date":"2018-03-27T01:37:07.000Z","volume":18000,"label":" ","price":0.61},{"type":"B","date":"2018-03-27T01:37:17.000Z","volume":1000,"label":" ","price":0.61},{"type":"B","date":"2018-03-27T01:37:17.000Z","volume":39000,"label":" ","price":0.61},{"type":"A","date":"2018-03-27T01:39:41.000Z","volume":10000,"label":" ","price":0.61},{"type":"A","date":"2018-03-27T01:42:38.000Z","volume":100000,"label":" ","price":0.61},{"type":"A","date":"2018-03-27T01:43:07.000Z","volume":14000,"label":" ","price":0.61},{"type":"A","date":"2018-03-27T01:44:17.000Z","volume":1000,"label":" ","price":0.62},{"type":"A","date":"2018-03-27T01:45:53.000Z","volume":20000,"label":" ","price":0.62},{"type":"B","date":"2018-03-27T02:00:21.000Z","volume":20000,"label":"Y","price":0.61},{"type":"B","date":"2018-03-27T02:00:21.000Z","volume":80000,"label":" ","price":0.61},{"type":"B","date":"2018-03-27T02:01:00.000Z","volume":40000,"label":" ","price":0.61},{"type":"B","date":"2018-03-27T02:01:02.000Z","volume":33000,"label":" ","price":0.61},{"type":"A","date":"2018-03-27T02:07:16.000Z","volume":50000,"label":" ","price":0.61},{"type":"A","date":"2018-03-27T02:08:11.000Z","volume":5000,"label":" ","price":0.61},{"type":"A","date":"2018-03-27T02:12:09.000Z","volume":50000,"label":" ","price":0.61},{"type":"B","date":"2018-03-27T02:15:41.000Z","volume":4000,"label":" ","price":0.61},{"type":"B","date":"2018-03-27T02:16:42.000Z","volume":30000,"label":" ","price":0.61},{"type":"B","date":"2018-03-27T02:16:55.000Z","volume":30000,"label":" ","price":0.61},{"type":"B","date":"2018-03-27T02:17:00.000Z","volume":50000,"label":" ","price":0.61},{"type":"B","date":"2018-03-27T02:18:30.000Z","volume":100000,"label":" ","price":0.61},{"type":"B","date":"2018-03-27T02:18:57.000Z","volume":8000,"label":" ","price":0.61},{"type":"B","date":"2018-03-27T02:19:48.000Z","volume":6000,"label":" ","price":0.6},{"type":"B","date":"2018-03-27T02:21:51.000Z","volume":2000,"label":" ","price":0.6},{"type":"A","date":"2018-03-27T02:25:13.000Z","volume":100000,"label":" ","price":0.61},{"type":"A","date":"2018-03-27T02:30:11.000Z","volume":200000,"label":" ","price":0.61},{"type":"A","date":"2018-03-27T02:33:29.000Z","volume":300000,"label":" ","price":0.61},{"type":"A","date":"2018-03-27T02:34:23.000Z","volume":40000,"label":" ","price":0.61},{"type":"B","date":"2018-03-27T02:34:48.000Z","volume":61000,"label":" ","price":0.61},{"type":"A","date":"2018-03-27T02:35:57.000Z","volume":148000,"label":" ","price":0.61},{"type":"B","date":"2018-03-27T02:38:55.000Z","volume":2000,"label":" ","price":0.6},{"type":"U","date":"2018-03-27T02:39:10.000Z","volume":400,"label":"D","price":0.57},{"type":"A","date":"2018-03-27T02:42:56.000Z","volume":2000,"label":" ","price":0.61},{"type":"B","date":"2018-03-27T02:45:12.000Z","volume":400000,"label":" ","price":0.6},{"type":"B","date":"2018-03-27T02:46:49.000Z","volume":585000,"label":" ","price":0.6},{"type":"B","date":"2018-03-27T02:46:49.000Z","volume":169000,"label":" ","price":0.6},{"type":"B","date":"2018-03-27T02:46:49.000Z","volume":120000,"label":" ","price":0.6},{"type":"B","date":"2018-03-27T02:46:52.000Z","volume":100000,"label":" ","price":0.6},{"type":"B","date":"2018-03-27T02:46:55.000Z","volume":246000,"label":" ","price":0.6},{"type":"B","date":"2018-03-27T02:48:43.000Z","volume":578000,"label":" ","price":0.59},{"type":"B","date":"2018-03-27T02:51:31.000Z","volume":20000,"label":" ","price":0.59},{"type":"B","date":"2018-03-27T02:56:39.000Z","volume":50000,"label":" ","price":0.59},{"type":"A","date":"2018-03-27T02:57:32.000Z","volume":100000,"label":" ","price":0.6},{"type":"A","date":"2018-03-27T02:57:56.000Z","volume":30000,"label":" ","price":0.6},{"type":"A","date":"2018-03-27T02:57:56.000Z","volume":130000,"label":" ","price":0.6},{"type":"A","date":"2018-03-27T03:00:02.000Z","volume":14000,"label":" ","price":0.6},{"type":"A","date":"2018-03-27T03:03:48.000Z","volume":30000,"label":" ","price":0.6},{"type":"A","date":"2018-03-27T03:04:25.000Z","volume":100000,"label":" ","price":0.6},{"type":"A","date":"2018-03-27T03:04:46.000Z","volume":20000,"label":" ","price":0.6},{"type":"B","date":"2018-03-27T03:05:16.000Z","volume":50000,"label":" ","price":0.59},{"type":"A","date":"2018-03-27T03:06:33.000Z","volume":1000,"label":" ","price":0.6},{"type":"A","date":"2018-03-27T03:14:04.000Z","volume":30000,"label":" ","price":0.6},{"type":"A","date":"2018-03-27T03:16:13.000Z","volume":200000,"label":" ","price":0.6},{"type":"A","date":"2018-03-27T03:16:55.000Z","volume":10000,"label":" ","price":0.6},{"type":"A","date":"2018-03-27T03:17:03.000Z","volume":34000,"label":" ","price":0.6},{"type":"B","date":"2018-03-27T03:19:24.000Z","volume":50000,"label":" ","price":0.6},{"type":"B","date":"2018-03-27T03:21:10.000Z","volume":30000,"label":" ","price":0.6},{"type":"A","date":"2018-03-27T03:25:04.000Z","volume":10000,"label":" ","price":0.6},{"type":"A","date":"2018-03-27T03:25:10.000Z","volume":50000,"label":" ","price":0.6},{"type":"B","date":"2018-03-27T03:25:55.000Z","volume":10000,"label":" ","price":0.59},{"type":"A","date":"2018-03-27T03:29:52.000Z","volume":1000,"label":" ","price":0.6},{"type":"A","date":"2018-03-27T03:36:13.000Z","volume":100000,"label":" ","price":0.6},{"type":"A","date":"2018-03-27T03:36:14.000Z","volume":1000,"label":" ","price":0.6},{"type":"A","date":"2018-03-27T03:38:42.000Z","volume":87000,"label":" ","price":0.6},{"type":"A","date":"2018-03-27T03:38:46.000Z","volume":1000,"label":" ","price":0.61},{"type":"B","date":"2018-03-27T03:43:13.000Z","volume":50000,"label":"Y","price":0.6},{"type":"B","date":"2018-03-27T03:43:13.000Z","volume":83000,"label":" ","price":0.6},{"type":"A","date":"2018-03-27T03:43:13.000Z","volume":36000,"label":" ","price":0.6},{"type":"A","date":"2018-03-27T03:43:13.000Z","volume":5000,"label":" ","price":0.6},{"type":"A","date":"2018-03-27T03:43:16.000Z","volume":1000,"label":" ","price":0.6},{"type":"B","date":"2018-03-27T03:48:25.000Z","volume":80000,"label":" ","price":0.59},{"type":"A","date":"2018-03-27T03:48:30.000Z","volume":1000,"label":" ","price":0.6},{"type":"B","date":"2018-03-27T05:00:00.000Z","volume":20000,"label":" ","price":0.59},{"type":"A","date":"2018-03-27T05:00:04.000Z","volume":1000,"label":" ","price":0.6},{"type":"A","date":"2018-03-27T05:10:24.000Z","volume":8000,"label":" ","price":0.6},{"type":"A","date":"2018-03-27T05:10:40.000Z","volume":60000,"label":" ","price":0.6},{"type":"A","date":"2018-03-27T05:14:25.000Z","volume":30000,"label":" ","price":0.6},{"type":"A","date":"2018-03-27T05:19:22.000Z","volume":100000,"label":" ","price":0.6},{"type":"A","date":"2018-03-27T05:19:56.000Z","volume":63000,"label":" ","price":0.6},{"type":"A","date":"2018-03-27T05:22:52.000Z","volume":30000,"label":" ","price":0.6},{"type":"A","date":"2018-03-27T05:22:59.000Z","volume":10000,"label":" ","price":0.6},{"type":"A","date":"2018-03-27T05:24:32.000Z","volume":56000,"label":" ","price":0.6},{"type":"A","date":"2018-03-27T05:28:29.000Z","volume":20000,"label":" ","price":0.6},{"type":"A","date":"2018-03-27T05:41:53.000Z","volume":106000,"label":" ","price":0.6},{"type":"A","date":"2018-03-27T05:43:18.000Z","volume":50000,"label":" ","price":0.6},{"type":"A","date":"2018-03-27T05:44:14.000Z","volume":50000,"label":" ","price":0.6},{"type":"A","date":"2018-03-27T05:45:27.000Z","volume":200000,"label":" ","price":0.6},{"type":"B","date":"2018-03-27T05:45:30.000Z","volume":50000,"label":" ","price":0.59},{"type":"A","date":"2018-03-27T05:45:31.000Z","volume":10000,"label":" ","price":0.6},{"type":"A","date":"2018-03-27T05:50:22.000Z","volume":32000,"label":" ","price":0.6},{"type":"A","date":"2018-03-27T06:03:59.000Z","volume":60000,"label":" ","price":0.61},{"type":"B","date":"2018-03-27T06:08:10.000Z","volume":25000,"label":" ","price":0.6},{"type":"A","date":"2018-03-27T06:20:56.000Z","volume":15000,"label":" ","price":0.61},{"type":"B","date":"2018-03-27T06:30:50.000Z","volume":2000,"label":" ","price":0.6},{"type":"B","date":"2018-03-27T06:39:38.000Z","volume":400000,"label":" ","price":0.6},{"type":"B","date":"2018-03-27T06:40:07.000Z","volume":400000,"label":" ","price":0.6},{"type":"B","date":"2018-03-27T06:54:17.000Z","volume":300000,"label":" ","price":0.6},{"type":"B","date":"2018-03-27T07:11:02.000Z","volume":30000,"label":" ","price":0.6},{"type":"B","date":"2018-03-27T07:23:50.000Z","volume":145000,"label":" ","price":0.6},{"type":"A","date":"2018-03-27T07:42:29.000Z","volume":200000,"label":" ","price":0.6},{"type":"B","date":"2018-03-27T07:43:57.000Z","volume":2000,"label":" ","price":0.59},{"type":"A","date":"2018-03-27T07:46:18.000Z","volume":40000,"label":" ","price":0.6},{"type":"A","date":"2018-03-27T07:48:27.000Z","volume":160000,"label":" ","price":0.6},{"type":"A","date":"2018-03-27T07:52:59.000Z","volume":20000,"label":" ","price":0.6},{"type":"B","date":"2018-03-27T07:53:36.000Z","volume":76000,"label":" ","price":0.59},{"type":"B","date":"2018-03-27T07:56:38.000Z","volume":300000,"label":" ","price":0.59},{"type":"A","date":"2018-03-27T07:57:45.000Z","volume":10000,"label":" ","price":0.6},{"type":"A","date":"2018-03-27T07:58:18.000Z","volume":30000,"label":" ","price":0.6},{"type":"A","date":"2018-03-27T07:58:24.000Z","volume":5000,"label":" ","price":0.6},{"type":"A","date":"2018-03-27T07:58:42.000Z","volume":16000,"label":" ","price":0.6},{"type":"B","date":"2018-03-27T07:59:10.000Z","volume":56000,"label":" ","price":0.59},{"type":"A","date":"2018-03-27T07:59:17.000Z","volume":2000,"label":" ","price":0.6},{"type":"A","date":"2018-03-27T07:59:25.000Z","volume":2000,"label":" ","price":0.6}]