[{"type":"U","date":"2018-04-06T01:20:00.000Z","volume":15000,"label":"U","price":7.48},{"type":"A","date":"2018-04-06T01:30:22.000Z","volume":50000,"label":" ","price":7.48},{"type":"A","date":"2018-04-06T01:30:25.000Z","volume":7000,"label":" ","price":7.48},{"type":"A","date":"2018-04-06T01:30:27.000Z","volume":3000,"label":"Y","price":7.48},{"type":"A","date":"2018-04-06T01:30:32.000Z","volume":2000,"label":"Y","price":7.48},{"type":"A","date":"2018-04-06T01:30:32.000Z","volume":1000,"label":" ","price":7.48},{"type":"A","date":"2018-04-06T01:30:34.000Z","volume":1000,"label":" ","price":7.48},{"type":"A","date":"2018-04-06T01:30:34.000Z","volume":3000,"label":" ","price":7.5},{"type":"A","date":"2018-04-06T01:30:35.000Z","volume":1000,"label":" ","price":7.5},{"type":"A","date":"2018-04-06T01:31:49.000Z","volume":1000,"label":" ","price":7.57},{"type":"U","date":"2018-04-06T01:31:49.000Z","volume":1000,"label":" ","price":7.55},{"type":"A","date":"2018-04-06T01:31:52.000Z","volume":12000,"label":" ","price":7.6},{"type":"A","date":"2018-04-06T01:32:59.000Z","volume":10000,"label":" ","price":7.6},{"type":"A","date":"2018-04-06T01:33:35.000Z","volume":1000,"label":" ","price":7.59},{"type":"A","date":"2018-04-06T01:34:03.000Z","volume":9000,"label":" ","price":7.59},{"type":"A","date":"2018-04-06T01:34:03.000Z","volume":11000,"label":" ","price":7.6},{"type":"A","date":"2018-04-06T01:34:21.000Z","volume":70000,"label":" ","price":7.6},{"type":"A","date":"2018-04-06T01:34:21.000Z","volume":1000,"label":" ","price":7.6},{"type":"A","date":"2018-04-06T01:34:22.000Z","volume":1000,"label":" ","price":7.66},{"type":"A","date":"2018-04-06T01:34:22.000Z","volume":1000,"label":" ","price":7.69},{"type":"U","date":"2018-04-06T01:34:22.000Z","volume":1000,"label":" ","price":7.67},{"type":"A","date":"2018-04-06T01:34:22.000Z","volume":1000,"label":" ","price":7.69},{"type":"A","date":"2018-04-06T01:34:22.000Z","volume":1000,"label":" ","price":7.69},{"type":"B","date":"2018-04-06T01:34:22.000Z","volume":2000,"label":" ","price":7.68},{"type":"B","date":"2018-04-06T01:34:22.000Z","volume":1000,"label":" ","price":7.67},{"type":"U","date":"2018-04-06T01:34:23.000Z","volume":1000,"label":" ","price":7.67},{"type":"A","date":"2018-04-06T01:34:32.000Z","volume":88000,"label":" ","price":7.7},{"type":"A","date":"2018-04-06T01:34:32.000Z","volume":42000,"label":" ","price":7.7},{"type":"U","date":"2018-04-06T01:34:32.000Z","volume":4000,"label":" ","price":7.67},{"type":"B","date":"2018-04-06T01:34:32.000Z","volume":1000,"label":" ","price":7.66},{"type":"A","date":"2018-04-06T01:35:08.000Z","volume":3000,"label":" ","price":7.72},{"type":"A","date":"2018-04-06T01:35:12.000Z","volume":10000,"label":" ","price":7.72},{"type":"B","date":"2018-04-06T01:35:12.000Z","volume":1000,"label":" ","price":7.68},{"type":"B","date":"2018-04-06T01:36:03.000Z","volume":3000,"label":" ","price":7.68},{"type":"B","date":"2018-04-06T01:36:41.000Z","volume":2000,"label":" ","price":7.69},{"type":"B","date":"2018-04-06T01:37:17.000Z","volume":1000,"label":" ","price":7.68},{"type":"A","date":"2018-04-06T01:37:44.000Z","volume":1000,"label":" ","price":7.7},{"type":"A","date":"2018-04-06T01:37:45.000Z","volume":3000,"label":" ","price":7.7},{"type":"A","date":"2018-04-06T01:37:50.000Z","volume":4000,"label":" ","price":7.7},{"type":"A","date":"2018-04-06T01:37:50.000Z","volume":5000,"label":" ","price":7.7},{"type":"A","date":"2018-04-06T01:38:28.000Z","volume":7000,"label":" ","price":7.72},{"type":"A","date":"2018-04-06T01:38:42.000Z","volume":10000,"label":" ","price":7.73},{"type":"A","date":"2018-04-06T01:38:42.000Z","volume":4000,"label":" ","price":7.73},{"type":"A","date":"2018-04-06T01:38:42.000Z","volume":1000,"label":" ","price":7.73},{"type":"A","date":"2018-04-06T01:39:01.000Z","volume":8000,"label":" ","price":7.74},{"type":"A","date":"2018-04-06T01:39:01.000Z","volume":4000,"label":" ","price":7.74},{"type":"A","date":"2018-04-06T01:39:01.000Z","volume":1000,"label":" ","price":7.74},{"type":"A","date":"2018-04-06T01:39:07.000Z","volume":3000,"label":" ","price":7.75},{"type":"A","date":"2018-04-06T01:39:07.000Z","volume":2000,"label":" ","price":7.75},{"type":"A","date":"2018-04-06T01:39:18.000Z","volume":6000,"label":" ","price":7.76},{"type":"B","date":"2018-04-06T01:39:18.000Z","volume":1000,"label":" ","price":7.77},{"type":"B","date":"2018-04-06T01:39:38.000Z","volume":15000,"label":" ","price":7.77},{"type":"B","date":"2018-04-06T01:39:38.000Z","volume":10000,"label":" ","price":7.76},{"type":"B","date":"2018-04-06T01:40:07.000Z","volume":16000,"label":" ","price":7.76},{"type":"B","date":"2018-04-06T01:40:07.000Z","volume":4000,"label":" ","price":7.75},{"type":"B","date":"2018-04-06T01:40:07.000Z","volume":7000,"label":" ","price":7.75},{"type":"B","date":"2018-04-06T01:40:07.000Z","volume":8000,"label":" ","price":7.74},{"type":"B","date":"2018-04-06T01:40:09.000Z","volume":8000,"label":" ","price":7.73},{"type":"B","date":"2018-04-06T01:40:09.000Z","volume":4000,"label":" ","price":7.72},{"type":"B","date":"2018-04-06T01:40:09.000Z","volume":2000,"label":" ","price":7.71},{"type":"B","date":"2018-04-06T01:40:13.000Z","volume":1000,"label":" ","price":7.7},{"type":"B","date":"2018-04-06T01:40:19.000Z","volume":1000,"label":" ","price":7.69},{"type":"B","date":"2018-04-06T01:40:19.000Z","volume":3000,"label":" ","price":7.68},{"type":"B","date":"2018-04-06T01:40:22.000Z","volume":10000,"label":" ","price":7.68},{"type":"B","date":"2018-04-06T01:40:22.000Z","volume":4000,"label":" ","price":7.68},{"type":"B","date":"2018-04-06T01:40:23.000Z","volume":1000,"label":" ","price":7.67},{"type":"B","date":"2018-04-06T01:40:43.000Z","volume":10000,"label":" ","price":7.66},{"type":"B","date":"2018-04-06T01:40:47.000Z","volume":6000,"label":" ","price":7.66},{"type":"B","date":"2018-04-06T01:40:47.000Z","volume":2000,"label":" ","price":7.65},{"type":"B","date":"2018-04-06T01:40:48.000Z","volume":1000,"label":" ","price":7.64},{"type":"B","date":"2018-04-06T01:41:06.000Z","volume":10000,"label":" ","price":7.64},{"type":"B","date":"2018-04-06T01:41:29.000Z","volume":10000,"label":" ","price":7.64},{"type":"B","date":"2018-04-06T01:41:48.000Z","volume":3000,"label":" ","price":7.64},{"type":"B","date":"2018-04-06T01:41:48.000Z","volume":2000,"label":" ","price":7.63},{"type":"B","date":"2018-04-06T01:42:31.000Z","volume":1000,"label":" ","price":7.59},{"type":"A","date":"2018-04-06T01:42:52.000Z","volume":46000,"label":" ","price":7.6},{"type":"A","date":"2018-04-06T01:42:52.000Z","volume":6000,"label":" ","price":7.64},{"type":"A","date":"2018-04-06T01:42:52.000Z","volume":1000,"label":" ","price":7.64},{"type":"A","date":"2018-04-06T01:42:52.000Z","volume":1000,"label":" ","price":7.64},{"type":"B","date":"2018-04-06T01:43:08.000Z","volume":1000,"label":" ","price":7.64},{"type":"A","date":"2018-04-06T01:43:09.000Z","volume":1000,"label":" ","price":7.65},{"type":"A","date":"2018-04-06T01:43:09.000Z","volume":1000,"label":" ","price":7.65},{"type":"B","date":"2018-04-06T01:43:42.000Z","volume":2000,"label":" ","price":7.64},{"type":"A","date":"2018-04-06T01:43:48.000Z","volume":13000,"label":" ","price":7.65},{"type":"A","date":"2018-04-06T01:43:50.000Z","volume":5000,"label":" ","price":7.66},{"type":"B","date":"2018-04-06T01:44:08.000Z","volume":10000,"label":" ","price":7.67},{"type":"B","date":"2018-04-06T01:44:18.000Z","volume":1000,"label":" ","price":7.67},{"type":"B","date":"2018-04-06T01:45:10.000Z","volume":1000,"label":" ","price":7.67},{"type":"U","date":"2018-04-06T01:45:33.000Z","volume":9000,"label":" ","price":7.72},{"type":"A","date":"2018-04-06T01:45:33.000Z","volume":1000,"label":" ","price":7.72},{"type":"U","date":"2018-04-06T01:45:33.000Z","volume":1000,"label":" ","price":7.71},{"type":"U","date":"2018-04-06T01:45:33.000Z","volume":2000,"label":" ","price":7.71},{"type":"A","date":"2018-04-06T01:45:33.000Z","volume":2000,"label":" ","price":7.72},{"type":"A","date":"2018-04-06T01:45:33.000Z","volume":3000,"label":" ","price":7.72},{"type":"A","date":"2018-04-06T01:45:33.000Z","volume":2000,"label":" ","price":7.72},{"type":"A","date":"2018-04-06T01:45:38.000Z","volume":1000,"label":" ","price":7.72},{"type":"B","date":"2018-04-06T01:45:52.000Z","volume":17000,"label":" ","price":7.7},{"type":"B","date":"2018-04-06T01:45:52.000Z","volume":2000,"label":" ","price":7.69},{"type":"B","date":"2018-04-06T01:45:52.000Z","volume":1000,"label":" ","price":7.68},{"type":"B","date":"2018-04-06T01:45:52.000Z","volume":5000,"label":" ","price":7.67},{"type":"B","date":"2018-04-06T01:45:52.000Z","volume":1000,"label":" ","price":7.67},{"type":"B","date":"2018-04-06T01:45:52.000Z","volume":1000,"label":" ","price":7.67},{"type":"B","date":"2018-04-06T01:45:52.000Z","volume":1000,"label":" ","price":7.67},{"type":"A","date":"2018-04-06T01:45:55.000Z","volume":6000,"label":" ","price":7.67},{"type":"B","date":"2018-04-06T01:46:29.000Z","volume":2000,"label":" ","price":7.66},{"type":"B","date":"2018-04-06T01:46:29.000Z","volume":27000,"label":" ","price":7.65},{"type":"A","date":"2018-04-06T01:48:23.000Z","volume":2000,"label":" ","price":7.65},{"type":"A","date":"2018-04-06T01:48:49.000Z","volume":47000,"label":" ","price":7.65},{"type":"B","date":"2018-04-06T01:49:35.000Z","volume":22000,"label":" ","price":7.64},{"type":"B","date":"2018-04-06T01:50:02.000Z","volume":10000,"label":" ","price":7.63},{"type":"B","date":"2018-04-06T01:50:03.000Z","volume":8000,"label":" ","price":7.63},{"type":"B","date":"2018-04-06T01:50:07.000Z","volume":10000,"label":" ","price":7.62},{"type":"B","date":"2018-04-06T01:50:16.000Z","volume":2000,"label":" ","price":7.61},{"type":"B","date":"2018-04-06T01:51:44.000Z","volume":2000,"label":" ","price":7.61},{"type":"A","date":"2018-04-06T01:55:52.000Z","volume":8000,"label":" ","price":7.62},{"type":"B","date":"2018-04-06T01:55:54.000Z","volume":4000,"label":" ","price":7.62},{"type":"B","date":"2018-04-06T01:55:54.000Z","volume":3000,"label":" ","price":7.61},{"type":"B","date":"2018-04-06T01:55:54.000Z","volume":3000,"label":" ","price":7.61},{"type":"A","date":"2018-04-06T01:56:10.000Z","volume":36000,"label":" ","price":7.64},{"type":"A","date":"2018-04-06T01:56:10.000Z","volume":2000,"label":" ","price":7.64},{"type":"A","date":"2018-04-06T01:56:16.000Z","volume":8000,"label":"Y","price":7.67},{"type":"A","date":"2018-04-06T01:56:16.000Z","volume":32000,"label":" ","price":7.67},{"type":"A","date":"2018-04-06T01:56:17.000Z","volume":1000,"label":" ","price":7.67},{"type":"U","date":"2018-04-06T01:56:59.000Z","volume":1000,"label":" ","price":7.67},{"type":"B","date":"2018-04-06T01:57:10.000Z","volume":1000,"label":"Y","price":7.67},{"type":"B","date":"2018-04-06T01:57:10.000Z","volume":9000,"label":" ","price":7.67},{"type":"U","date":"2018-04-06T01:57:45.000Z","volume":1000,"label":" ","price":7.68},{"type":"B","date":"2018-04-06T01:57:56.000Z","volume":5000,"label":" ","price":7.67},{"type":"B","date":"2018-04-06T01:58:53.000Z","volume":10000,"label":" ","price":7.66},{"type":"A","date":"2018-04-06T02:00:50.000Z","volume":3000,"label":" ","price":7.69},{"type":"A","date":"2018-04-06T02:00:51.000Z","volume":1000,"label":" ","price":7.69},{"type":"A","date":"2018-04-06T02:01:06.000Z","volume":10000,"label":" ","price":7.69},{"type":"A","date":"2018-04-06T02:01:19.000Z","volume":1000,"label":" ","price":7.69},{"type":"B","date":"2018-04-06T02:01:51.000Z","volume":10000,"label":" ","price":7.68},{"type":"A","date":"2018-04-06T02:02:16.000Z","volume":3000,"label":" ","price":7.69},{"type":"A","date":"2018-04-06T02:02:21.000Z","volume":3000,"label":" ","price":7.69},{"type":"A","date":"2018-04-06T02:02:24.000Z","volume":4000,"label":" ","price":7.69},{"type":"A","date":"2018-04-06T02:02:24.000Z","volume":2000,"label":" ","price":7.69},{"type":"A","date":"2018-04-06T02:02:24.000Z","volume":2000,"label":" ","price":7.69},{"type":"A","date":"2018-04-06T02:02:24.000Z","volume":1000,"label":" ","price":7.69},{"type":"A","date":"2018-04-06T02:02:27.000Z","volume":3000,"label":" ","price":7.7},{"type":"A","date":"2018-04-06T02:02:29.000Z","volume":3000,"label":" ","price":7.7},{"type":"A","date":"2018-04-06T02:03:34.000Z","volume":19000,"label":" ","price":7.7},{"type":"A","date":"2018-04-06T02:03:34.000Z","volume":1000,"label":" ","price":7.71},{"type":"A","date":"2018-04-06T02:03:34.000Z","volume":1000,"label":" ","price":7.71},{"type":"A","date":"2018-04-06T02:03:56.000Z","volume":1000,"label":" ","price":7.71},{"type":"A","date":"2018-04-06T02:03:56.000Z","volume":2000,"label":" ","price":7.71},{"type":"A","date":"2018-04-06T02:05:01.000Z","volume":12000,"label":" ","price":7.72},{"type":"A","date":"2018-04-06T02:05:02.000Z","volume":1000,"label":" ","price":7.73},{"type":"A","date":"2018-04-06T02:05:02.000Z","volume":2000,"label":" ","price":7.73},{"type":"U","date":"2018-04-06T02:05:35.000Z","volume":10000,"label":" ","price":7.73},{"type":"A","date":"2018-04-06T02:06:29.000Z","volume":20000,"label":" ","price":7.74},{"type":"A","date":"2018-04-06T02:06:33.000Z","volume":10000,"label":" ","price":7.74},{"type":"B","date":"2018-04-06T02:06:49.000Z","volume":10000,"label":" ","price":7.73},{"type":"A","date":"2018-04-06T02:06:52.000Z","volume":13000,"label":" ","price":7.74},{"type":"A","date":"2018-04-06T02:06:52.000Z","volume":3000,"label":" ","price":7.75},{"type":"B","date":"2018-04-06T02:07:13.000Z","volume":10000,"label":" ","price":7.74},{"type":"A","date":"2018-04-06T02:07:15.000Z","volume":111000,"label":" ","price":7.75},{"type":"A","date":"2018-04-06T02:07:16.000Z","volume":2000,"label":" ","price":7.76},{"type":"A","date":"2018-04-06T02:07:21.000Z","volume":10000,"label":" ","price":7.76},{"type":"A","date":"2018-04-06T02:07:22.000Z","volume":9000,"label":" ","price":7.76},{"type":"A","date":"2018-04-06T02:07:36.000Z","volume":10000,"label":" ","price":7.77},{"type":"A","date":"2018-04-06T02:07:45.000Z","volume":50000,"label":" ","price":7.77},{"type":"A","date":"2018-04-06T02:07:46.000Z","volume":2000,"label":" ","price":7.77},{"type":"A","date":"2018-04-06T02:08:12.000Z","volume":30000,"label":" ","price":7.78},{"type":"A","date":"2018-04-06T02:08:12.000Z","volume":5000,"label":" ","price":7.79},{"type":"A","date":"2018-04-06T02:08:20.000Z","volume":80000,"label":" ","price":7.8},{"type":"A","date":"2018-04-06T02:08:22.000Z","volume":4000,"label":" ","price":7.8},{"type":"B","date":"2018-04-06T02:08:22.000Z","volume":5000,"label":" ","price":7.78},{"type":"A","date":"2018-04-06T02:08:34.000Z","volume":3000,"label":" ","price":7.8},{"type":"A","date":"2018-04-06T02:08:34.000Z","volume":64000,"label":" ","price":7.8},{"type":"A","date":"2018-04-06T02:08:34.000Z","volume":108000,"label":" ","price":7.8},{"type":"A","date":"2018-04-06T02:08:34.000Z","volume":4000,"label":" ","price":7.8},{"type":"A","date":"2018-04-06T02:08:34.000Z","volume":1000,"label":" ","price":7.8},{"type":"A","date":"2018-04-06T02:08:34.000Z","volume":2000,"label":" ","price":7.83},{"type":"A","date":"2018-04-06T02:08:34.000Z","volume":2000,"label":" ","price":7.83},{"type":"A","date":"2018-04-06T02:08:34.000Z","volume":1000,"label":" ","price":7.83},{"type":"A","date":"2018-04-06T02:08:34.000Z","volume":1000,"label":" ","price":7.83},{"type":"A","date":"2018-04-06T02:08:47.000Z","volume":1000,"label":" ","price":7.83},{"type":"B","date":"2018-04-06T02:09:34.000Z","volume":10000,"label":" ","price":7.82},{"type":"B","date":"2018-04-06T02:09:34.000Z","volume":6000,"label":" ","price":7.81},{"type":"B","date":"2018-04-06T02:09:34.000Z","volume":18000,"label":" ","price":7.8},{"type":"B","date":"2018-04-06T02:09:34.000Z","volume":4000,"label":" ","price":7.79},{"type":"B","date":"2018-04-06T02:09:34.000Z","volume":17000,"label":" ","price":7.78},{"type":"A","date":"2018-04-06T02:09:37.000Z","volume":12000,"label":" ","price":7.78},{"type":"A","date":"2018-04-06T02:09:42.000Z","volume":20000,"label":" ","price":7.78},{"type":"A","date":"2018-04-06T02:09:42.000Z","volume":1000,"label":" ","price":7.78},{"type":"A","date":"2018-04-06T02:09:46.000Z","volume":18000,"label":" ","price":7.78},{"type":"A","date":"2018-04-06T02:09:46.000Z","volume":1000,"label":" ","price":7.78},{"type":"U","date":"2018-04-06T02:09:48.000Z","volume":2000,"label":" ","price":7.8},{"type":"B","date":"2018-04-06T02:09:55.000Z","volume":5000,"label":" ","price":7.8},{"type":"B","date":"2018-04-06T02:10:13.000Z","volume":2000,"label":" ","price":7.79},{"type":"B","date":"2018-04-06T02:10:20.000Z","volume":6000,"label":" ","price":7.78},{"type":"B","date":"2018-04-06T02:10:20.000Z","volume":4000,"label":" ","price":7.77},{"type":"B","date":"2018-04-06T02:10:37.000Z","volume":1000,"label":" ","price":7.76},{"type":"B","date":"2018-04-06T02:11:34.000Z","volume":4000,"label":" ","price":7.76},{"type":"B","date":"2018-04-06T02:11:39.000Z","volume":9000,"label":" ","price":7.76},{"type":"B","date":"2018-04-06T02:11:50.000Z","volume":7000,"label":" ","price":7.76},{"type":"B","date":"2018-04-06T02:11:53.000Z","volume":4000,"label":" ","price":7.75},{"type":"B","date":"2018-04-06T02:12:38.000Z","volume":3000,"label":" ","price":7.75},{"type":"A","date":"2018-04-06T02:13:15.000Z","volume":1000,"label":" ","price":7.77},{"type":"A","date":"2018-04-06T02:14:56.000Z","volume":1000,"label":" ","price":7.77},{"type":"B","date":"2018-04-06T02:14:58.000Z","volume":1000,"label":" ","price":7.75},{"type":"B","date":"2018-04-06T02:16:03.000Z","volume":4000,"label":" ","price":7.76},{"type":"B","date":"2018-04-06T02:16:03.000Z","volume":6000,"label":" ","price":7.75},{"type":"A","date":"2018-04-06T02:16:19.000Z","volume":34000,"label":" ","price":7.77},{"type":"A","date":"2018-04-06T02:16:20.000Z","volume":3000,"label":" ","price":7.78},{"type":"A","date":"2018-04-06T02:16:20.000Z","volume":2000,"label":" ","price":7.78},{"type":"A","date":"2018-04-06T02:16:20.000Z","volume":5000,"label":" ","price":7.78},{"type":"A","date":"2018-04-06T02:16:49.000Z","volume":50000,"label":" ","price":7.79},{"type":"A","date":"2018-04-06T02:16:54.000Z","volume":1000,"label":" ","price":7.78},{"type":"A","date":"2018-04-06T02:16:54.000Z","volume":1000,"label":" ","price":7.78},{"type":"A","date":"2018-04-06T02:16:54.000Z","volume":1000,"label":" ","price":7.78},{"type":"A","date":"2018-04-06T02:16:55.000Z","volume":23000,"label":" ","price":7.79},{"type":"B","date":"2018-04-06T02:17:29.000Z","volume":30000,"label":" ","price":7.79},{"type":"B","date":"2018-04-06T02:17:30.000Z","volume":10000,"label":" ","price":7.79},{"type":"B","date":"2018-04-06T02:17:47.000Z","volume":10000,"label":" ","price":7.79},{"type":"A","date":"2018-04-06T02:17:47.000Z","volume":2000,"label":" ","price":7.8},{"type":"A","date":"2018-04-06T02:17:47.000Z","volume":30000,"label":" ","price":7.8},{"type":"B","date":"2018-04-06T02:18:38.000Z","volume":1000,"label":" ","price":7.79},{"type":"A","date":"2018-04-06T02:18:47.000Z","volume":3000,"label":" ","price":7.8},{"type":"B","date":"2018-04-06T02:19:14.000Z","volume":10000,"label":" ","price":7.79},{"type":"A","date":"2018-04-06T02:20:09.000Z","volume":10000,"label":" ","price":7.8},{"type":"A","date":"2018-04-06T02:20:09.000Z","volume":2000,"label":" ","price":7.8},{"type":"A","date":"2018-04-06T02:20:28.000Z","volume":11000,"label":" ","price":7.8},{"type":"A","date":"2018-04-06T02:20:41.000Z","volume":19000,"label":" ","price":7.81},{"type":"A","date":"2018-04-06T02:20:41.000Z","volume":81000,"label":" ","price":7.82},{"type":"A","date":"2018-04-06T02:20:41.000Z","volume":1000,"label":" ","price":7.81},{"type":"B","date":"2018-04-06T02:21:50.000Z","volume":10000,"label":" ","price":7.81},{"type":"B","date":"2018-04-06T02:21:50.000Z","volume":1000,"label":" ","price":7.81},{"type":"A","date":"2018-04-06T02:22:26.000Z","volume":20000,"label":" ","price":7.81},{"type":"B","date":"2018-04-06T02:23:21.000Z","volume":9000,"label":"Y","price":7.8},{"type":"B","date":"2018-04-06T02:23:21.000Z","volume":18000,"label":" ","price":7.8},{"type":"B","date":"2018-04-06T02:23:21.000Z","volume":6000,"label":" ","price":7.79},{"type":"A","date":"2018-04-06T02:23:41.000Z","volume":20000,"label":" ","price":7.8},{"type":"B","date":"2018-04-06T02:23:46.000Z","volume":9000,"label":" ","price":7.79},{"type":"A","date":"2018-04-06T02:24:27.000Z","volume":2000,"label":" ","price":7.79},{"type":"A","date":"2018-04-06T02:25:48.000Z","volume":30000,"label":" ","price":7.79},{"type":"A","date":"2018-04-06T02:25:48.000Z","volume":16000,"label":" ","price":7.8},{"type":"B","date":"2018-04-06T02:25:48.000Z","volume":7000,"label":" ","price":7.8},{"type":"B","date":"2018-04-06T02:25:55.000Z","volume":5000,"label":" ","price":7.8},{"type":"A","date":"2018-04-06T02:26:32.000Z","volume":1000,"label":" ","price":7.81},{"type":"A","date":"2018-04-06T02:26:32.000Z","volume":4000,"label":" ","price":7.81},{"type":"A","date":"2018-04-06T02:26:35.000Z","volume":2000,"label":" ","price":7.81},{"type":"A","date":"2018-04-06T02:26:35.000Z","volume":2000,"label":" ","price":7.81},{"type":"A","date":"2018-04-06T02:26:35.000Z","volume":1000,"label":" ","price":7.81},{"type":"B","date":"2018-04-06T02:26:43.000Z","volume":50000,"label":" ","price":7.8},{"type":"A","date":"2018-04-06T02:27:00.000Z","volume":1000,"label":" ","price":7.81},{"type":"B","date":"2018-04-06T02:27:05.000Z","volume":2000,"label":" ","price":7.8},{"type":"A","date":"2018-04-06T02:27:14.000Z","volume":8000,"label":" ","price":7.81},{"type":"A","date":"2018-04-06T02:27:36.000Z","volume":40000,"label":"Y","price":7.82},{"type":"A","date":"2018-04-06T02:27:36.000Z","volume":28000,"label":" ","price":7.82},{"type":"A","date":"2018-04-06T02:27:36.000Z","volume":4000,"label":"Y","price":7.83},{"type":"A","date":"2018-04-06T02:27:36.000Z","volume":3000,"label":" ","price":7.83},{"type":"A","date":"2018-04-06T02:27:36.000Z","volume":5000,"label":" ","price":7.83},{"type":"A","date":"2018-04-06T02:27:36.000Z","volume":2000,"label":" ","price":7.82},{"type":"B","date":"2018-04-06T02:27:38.000Z","volume":10000,"label":" ","price":7.81},{"type":"A","date":"2018-04-06T02:28:31.000Z","volume":1000,"label":" ","price":7.82},{"type":"A","date":"2018-04-06T02:28:51.000Z","volume":11000,"label":" ","price":7.82},{"type":"A","date":"2018-04-06T02:29:06.000Z","volume":1000,"label":" ","price":7.84},{"type":"A","date":"2018-04-06T02:29:26.000Z","volume":1000,"label":" ","price":7.84},{"type":"B","date":"2018-04-06T02:29:30.000Z","volume":7000,"label":" ","price":7.83},{"type":"A","date":"2018-04-06T02:29:34.000Z","volume":1000,"label":" ","price":7.84},{"type":"B","date":"2018-04-06T02:29:38.000Z","volume":21000,"label":" ","price":7.83},{"type":"A","date":"2018-04-06T02:30:30.000Z","volume":36000,"label":" ","price":7.83},{"type":"B","date":"2018-04-06T02:30:54.000Z","volume":21000,"label":" ","price":7.83},{"type":"B","date":"2018-04-06T02:30:54.000Z","volume":9000,"label":" ","price":7.83},{"type":"A","date":"2018-04-06T02:31:00.000Z","volume":3000,"label":" ","price":7.83},{"type":"A","date":"2018-04-06T02:31:00.000Z","volume":25000,"label":" ","price":7.84},{"type":"B","date":"2018-04-06T02:31:06.000Z","volume":23000,"label":" ","price":7.84},{"type":"B","date":"2018-04-06T02:31:06.000Z","volume":2000,"label":" ","price":7.84},{"type":"B","date":"2018-04-06T02:31:20.000Z","volume":5000,"label":"Y","price":7.82},{"type":"B","date":"2018-04-06T02:31:20.000Z","volume":55000,"label":" ","price":7.82},{"type":"A","date":"2018-04-06T02:31:34.000Z","volume":3000,"label":" ","price":7.83},{"type":"B","date":"2018-04-06T02:33:11.000Z","volume":5000,"label":" ","price":7.82},{"type":"A","date":"2018-04-06T02:33:49.000Z","volume":9000,"label":" ","price":7.83},{"type":"A","date":"2018-04-06T02:33:50.000Z","volume":8000,"label":" ","price":7.83},{"type":"B","date":"2018-04-06T02:35:56.000Z","volume":4000,"label":" ","price":7.83},{"type":"A","date":"2018-04-06T02:36:51.000Z","volume":12000,"label":" ","price":7.83},{"type":"A","date":"2018-04-06T02:36:59.000Z","volume":3000,"label":" ","price":7.84},{"type":"A","date":"2018-04-06T02:37:00.000Z","volume":18000,"label":" ","price":7.84},{"type":"A","date":"2018-04-06T02:37:00.000Z","volume":32000,"label":" ","price":7.85},{"type":"A","date":"2018-04-06T02:37:00.000Z","volume":1000,"label":" ","price":7.84},{"type":"A","date":"2018-04-06T02:37:00.000Z","volume":49000,"label":" ","price":7.85},{"type":"A","date":"2018-04-06T02:37:01.000Z","volume":39000,"label":" ","price":7.85},{"type":"A","date":"2018-04-06T02:37:07.000Z","volume":5000,"label":" ","price":7.86},{"type":"A","date":"2018-04-06T02:38:00.000Z","volume":1000,"label":" ","price":7.86},{"type":"A","date":"2018-04-06T02:38:21.000Z","volume":20000,"label":" ","price":7.86},{"type":"A","date":"2018-04-06T02:38:21.000Z","volume":2000,"label":" ","price":7.86},{"type":"A","date":"2018-04-06T02:38:21.000Z","volume":2000,"label":" ","price":7.86},{"type":"B","date":"2018-04-06T02:38:38.000Z","volume":1000,"label":" ","price":7.85},{"type":"A","date":"2018-04-06T02:38:58.000Z","volume":2000,"label":" ","price":7.86},{"type":"A","date":"2018-04-06T02:38:58.000Z","volume":1000,"label":"Y","price":7.86},{"type":"A","date":"2018-04-06T02:38:58.000Z","volume":1000,"label":" ","price":7.86},{"type":"A","date":"2018-04-06T02:39:09.000Z","volume":12000,"label":" ","price":7.87},{"type":"A","date":"2018-04-06T02:39:09.000Z","volume":25000,"label":" ","price":7.88},{"type":"A","date":"2018-04-06T02:39:09.000Z","volume":6000,"label":" ","price":7.89},{"type":"A","date":"2018-04-06T02:39:09.000Z","volume":257000,"label":" ","price":7.9},{"type":"A","date":"2018-04-06T02:39:09.000Z","volume":1000,"label":"Y","price":7.87},{"type":"B","date":"2018-04-06T02:39:34.000Z","volume":9000,"label":" ","price":7.86},{"type":"A","date":"2018-04-06T02:39:34.000Z","volume":3000,"label":" ","price":7.86},{"type":"A","date":"2018-04-06T02:39:34.000Z","volume":3000,"label":"Y","price":7.86},{"type":"A","date":"2018-04-06T02:39:48.000Z","volume":1000,"label":" ","price":7.86},{"type":"B","date":"2018-04-06T02:39:54.000Z","volume":13000,"label":" ","price":7.85},{"type":"A","date":"2018-04-06T02:39:54.000Z","volume":7000,"label":" ","price":7.85},{"type":"A","date":"2018-04-06T02:40:32.000Z","volume":30000,"label":" ","price":7.86},{"type":"A","date":"2018-04-06T02:40:32.000Z","volume":3000,"label":" ","price":7.86},{"type":"U","date":"2018-04-06T02:41:15.000Z","volume":1000,"label":" ","price":7.86},{"type":"U","date":"2018-04-06T02:41:15.000Z","volume":2000,"label":" ","price":7.86},{"type":"U","date":"2018-04-06T02:41:15.000Z","volume":4000,"label":" ","price":7.86},{"type":"A","date":"2018-04-06T02:41:58.000Z","volume":5000,"label":" ","price":7.88},{"type":"A","date":"2018-04-06T02:42:10.000Z","volume":11000,"label":" ","price":7.88},{"type":"A","date":"2018-04-06T02:42:10.000Z","volume":11000,"label":" ","price":7.89},{"type":"A","date":"2018-04-06T02:42:10.000Z","volume":33000,"label":"Y","price":7.9},{"type":"A","date":"2018-04-06T02:42:10.000Z","volume":27000,"label":" ","price":7.9},{"type":"A","date":"2018-04-06T02:42:10.000Z","volume":18000,"label":" ","price":7.9},{"type":"A","date":"2018-04-06T02:42:10.000Z","volume":1000,"label":" ","price":7.91},{"type":"U","date":"2018-04-06T02:42:10.000Z","volume":1000,"label":" ","price":7.9},{"type":"B","date":"2018-04-06T02:42:10.000Z","volume":1000,"label":" ","price":7.89},{"type":"A","date":"2018-04-06T02:42:44.000Z","volume":33000,"label":" ","price":7.9},{"type":"A","date":"2018-04-06T02:42:44.000Z","volume":7000,"label":" ","price":7.91},{"type":"A","date":"2018-04-06T02:42:53.000Z","volume":7000,"label":" ","price":7.91},{"type":"A","date":"2018-04-06T02:42:55.000Z","volume":10000,"label":" ","price":7.92},{"type":"A","date":"2018-04-06T02:42:55.000Z","volume":2000,"label":" ","price":7.92},{"type":"B","date":"2018-04-06T02:43:03.000Z","volume":17000,"label":" ","price":7.91},{"type":"B","date":"2018-04-06T02:43:03.000Z","volume":1000,"label":" ","price":7.9},{"type":"B","date":"2018-04-06T02:43:25.000Z","volume":5000,"label":" ","price":7.88},{"type":"B","date":"2018-04-06T02:44:04.000Z","volume":5000,"label":" ","price":7.88},{"type":"A","date":"2018-04-06T02:44:07.000Z","volume":20000,"label":" ","price":7.89},{"type":"B","date":"2018-04-06T02:44:07.000Z","volume":19000,"label":" ","price":7.88},{"type":"B","date":"2018-04-06T02:44:12.000Z","volume":9000,"label":" ","price":7.87},{"type":"A","date":"2018-04-06T02:44:30.000Z","volume":4000,"label":" ","price":7.87},{"type":"A","date":"2018-04-06T02:45:25.000Z","volume":20000,"label":" ","price":7.87},{"type":"A","date":"2018-04-06T02:45:25.000Z","volume":1000,"label":"Y","price":7.87},{"type":"A","date":"2018-04-06T02:45:25.000Z","volume":4000,"label":" ","price":7.87},{"type":"A","date":"2018-04-06T02:45:25.000Z","volume":1000,"label":" ","price":7.87},{"type":"A","date":"2018-04-06T02:45:25.000Z","volume":1000,"label":" ","price":7.87},{"type":"A","date":"2018-04-06T02:45:25.000Z","volume":1000,"label":" ","price":7.87},{"type":"A","date":"2018-04-06T02:45:25.000Z","volume":1000,"label":" ","price":7.88},{"type":"A","date":"2018-04-06T02:45:56.000Z","volume":2000,"label":"Y","price":7.88},{"type":"A","date":"2018-04-06T02:45:56.000Z","volume":9000,"label":" ","price":7.88},{"type":"A","date":"2018-04-06T02:49:07.000Z","volume":2000,"label":" ","price":7.88},{"type":"A","date":"2018-04-06T02:50:15.000Z","volume":3000,"label":" ","price":7.88},{"type":"A","date":"2018-04-06T02:50:44.000Z","volume":1000,"label":" ","price":7.88},{"type":"B","date":"2018-04-06T02:51:17.000Z","volume":1000,"label":" ","price":7.87},{"type":"A","date":"2018-04-06T02:51:17.000Z","volume":2000,"label":" ","price":7.88},{"type":"A","date":"2018-04-06T02:51:17.000Z","volume":8000,"label":" ","price":7.88},{"type":"A","date":"2018-04-06T02:51:17.000Z","volume":2000,"label":" ","price":7.89},{"type":"A","date":"2018-04-06T02:51:24.000Z","volume":1000,"label":" ","price":7.89},{"type":"A","date":"2018-04-06T02:51:24.000Z","volume":1000,"label":"Y","price":7.89},{"type":"A","date":"2018-04-06T02:51:24.000Z","volume":1000,"label":" ","price":7.89},{"type":"B","date":"2018-04-06T02:51:28.000Z","volume":5000,"label":" ","price":7.89},{"type":"B","date":"2018-04-06T02:52:57.000Z","volume":1000,"label":" ","price":7.89},{"type":"A","date":"2018-04-06T02:52:57.000Z","volume":2000,"label":" ","price":7.9},{"type":"A","date":"2018-04-06T02:53:40.000Z","volume":1000,"label":" ","price":7.9},{"type":"A","date":"2018-04-06T02:53:40.000Z","volume":3000,"label":" ","price":7.9},{"type":"B","date":"2018-04-06T02:54:19.000Z","volume":5000,"label":" ","price":7.9},{"type":"A","date":"2018-04-06T02:54:19.000Z","volume":2000,"label":" ","price":7.91},{"type":"A","date":"2018-04-06T02:55:06.000Z","volume":1000,"label":" ","price":7.91},{"type":"B","date":"2018-04-06T02:55:18.000Z","volume":3000,"label":" ","price":7.9},{"type":"A","date":"2018-04-06T02:55:28.000Z","volume":9000,"label":" ","price":7.91},{"type":"A","date":"2018-04-06T02:55:28.000Z","volume":3000,"label":" ","price":7.92},{"type":"A","date":"2018-04-06T02:55:30.000Z","volume":1000,"label":" ","price":7.92},{"type":"B","date":"2018-04-06T02:55:47.000Z","volume":19000,"label":" ","price":7.91},{"type":"A","date":"2018-04-06T02:55:47.000Z","volume":1000,"label":" ","price":7.91},{"type":"A","date":"2018-04-06T02:55:47.000Z","volume":2000,"label":" ","price":7.91},{"type":"A","date":"2018-04-06T02:55:50.000Z","volume":8000,"label":" ","price":7.91},{"type":"A","date":"2018-04-06T02:55:50.000Z","volume":2000,"label":" ","price":7.92},{"type":"A","date":"2018-04-06T02:55:50.000Z","volume":30000,"label":" ","price":7.93},{"type":"A","date":"2018-04-06T02:55:50.000Z","volume":3000,"label":"Y","price":7.94},{"type":"A","date":"2018-04-06T02:55:50.000Z","volume":6000,"label":" ","price":7.94},{"type":"A","date":"2018-04-06T02:55:50.000Z","volume":4000,"label":" ","price":7.95},{"type":"A","date":"2018-04-06T02:55:50.000Z","volume":13000,"label":" ","price":7.95},{"type":"A","date":"2018-04-06T02:55:50.000Z","volume":3000,"label":" ","price":7.91},{"type":"A","date":"2018-04-06T02:56:35.000Z","volume":8000,"label":" ","price":7.94},{"type":"A","date":"2018-04-06T02:56:35.000Z","volume":2000,"label":" ","price":7.95},{"type":"B","date":"2018-04-06T02:56:37.000Z","volume":5000,"label":" ","price":7.93},{"type":"A","date":"2018-04-06T02:56:37.000Z","volume":2000,"label":" ","price":7.95},{"type":"U","date":"2018-04-06T02:57:16.000Z","volume":1000,"label":" ","price":7.94},{"type":"U","date":"2018-04-06T02:57:26.000Z","volume":1000,"label":" ","price":7.94},{"type":"U","date":"2018-04-06T02:58:30.000Z","volume":1000,"label":" ","price":7.94},{"type":"B","date":"2018-04-06T02:58:48.000Z","volume":12000,"label":" ","price":7.93},{"type":"B","date":"2018-04-06T02:58:48.000Z","volume":2000,"label":" ","price":7.93},{"type":"B","date":"2018-04-06T02:58:59.000Z","volume":5000,"label":" ","price":7.92},{"type":"A","date":"2018-04-06T02:59:07.000Z","volume":10000,"label":"Y","price":7.94},{"type":"B","date":"2018-04-06T02:59:33.000Z","volume":2000,"label":" ","price":7.9},{"type":"A","date":"2018-04-06T02:59:55.000Z","volume":2000,"label":" ","price":7.92},{"type":"A","date":"2018-04-06T03:00:12.000Z","volume":2000,"label":"Y","price":7.93},{"type":"A","date":"2018-04-06T03:00:12.000Z","volume":1000,"label":" ","price":7.93},{"type":"A","date":"2018-04-06T03:00:48.000Z","volume":7000,"label":" ","price":7.94},{"type":"A","date":"2018-04-06T03:00:48.000Z","volume":1000,"label":" ","price":7.95},{"type":"B","date":"2018-04-06T03:01:05.000Z","volume":12000,"label":" ","price":7.94},{"type":"B","date":"2018-04-06T03:01:05.000Z","volume":2000,"label":" ","price":7.94},{"type":"A","date":"2018-04-06T03:01:08.000Z","volume":3000,"label":" ","price":7.94},{"type":"A","date":"2018-04-06T03:01:08.000Z","volume":2000,"label":" ","price":7.94},{"type":"A","date":"2018-04-06T03:01:08.000Z","volume":2000,"label":" ","price":7.94},{"type":"B","date":"2018-04-06T03:02:34.000Z","volume":1000,"label":" ","price":7.93},{"type":"A","date":"2018-04-06T03:03:20.000Z","volume":19000,"label":" ","price":7.94},{"type":"A","date":"2018-04-06T03:03:20.000Z","volume":3000,"label":" ","price":7.95},{"type":"A","date":"2018-04-06T03:03:20.000Z","volume":2000,"label":" ","price":7.95},{"type":"B","date":"2018-04-06T03:03:44.000Z","volume":6000,"label":" ","price":7.94},{"type":"A","date":"2018-04-06T03:03:44.000Z","volume":2000,"label":" ","price":7.95},{"type":"A","date":"2018-04-06T03:04:53.000Z","volume":26000,"label":" ","price":7.95},{"type":"A","date":"2018-04-06T03:04:53.000Z","volume":7000,"label":" ","price":7.95},{"type":"A","date":"2018-04-06T03:04:53.000Z","volume":2000,"label":" ","price":7.95},{"type":"A","date":"2018-04-06T03:05:00.000Z","volume":20000,"label":" ","price":7.95},{"type":"A","date":"2018-04-06T03:05:00.000Z","volume":5000,"label":" ","price":7.95},{"type":"A","date":"2018-04-06T03:05:00.000Z","volume":2000,"label":" ","price":7.95},{"type":"A","date":"2018-04-06T03:05:00.000Z","volume":3000,"label":" ","price":7.95},{"type":"A","date":"2018-04-06T03:05:00.000Z","volume":2000,"label":" ","price":7.95},{"type":"A","date":"2018-04-06T03:05:08.000Z","volume":2000,"label":" ","price":7.95},{"type":"B","date":"2018-04-06T03:05:16.000Z","volume":1000,"label":" ","price":7.95},{"type":"B","date":"2018-04-06T03:05:25.000Z","volume":1000,"label":" ","price":7.95},{"type":"A","date":"2018-04-06T03:05:52.000Z","volume":1000,"label":" ","price":7.98},{"type":"A","date":"2018-04-06T03:06:24.000Z","volume":4000,"label":" ","price":7.98},{"type":"A","date":"2018-04-06T03:06:38.000Z","volume":1000,"label":" ","price":7.98},{"type":"A","date":"2018-04-06T03:06:38.000Z","volume":1000,"label":"Y","price":7.98},{"type":"A","date":"2018-04-06T03:06:38.000Z","volume":1000,"label":" ","price":7.98},{"type":"U","date":"2018-04-06T03:06:48.000Z","volume":20000,"label":" ","price":7.98},{"type":"U","date":"2018-04-06T03:06:48.000Z","volume":6000,"label":" ","price":7.98},{"type":"B","date":"2018-04-06T03:06:48.000Z","volume":1000,"label":" ","price":7.98},{"type":"A","date":"2018-04-06T03:06:48.000Z","volume":5000,"label":" ","price":7.99},{"type":"B","date":"2018-04-06T03:06:48.000Z","volume":6000,"label":" ","price":7.97},{"type":"B","date":"2018-04-06T03:08:29.000Z","volume":1000,"label":" ","price":7.97},{"type":"B","date":"2018-04-06T03:09:12.000Z","volume":2000,"label":" ","price":7.97},{"type":"B","date":"2018-04-06T03:09:16.000Z","volume":10000,"label":" ","price":7.97},{"type":"B","date":"2018-04-06T03:09:16.000Z","volume":2000,"label":" ","price":7.97},{"type":"A","date":"2018-04-06T03:09:22.000Z","volume":6000,"label":" ","price":7.98},{"type":"A","date":"2018-04-06T03:09:22.000Z","volume":14000,"label":" ","price":7.98},{"type":"B","date":"2018-04-06T03:09:22.000Z","volume":1000,"label":" ","price":7.98},{"type":"B","date":"2018-04-06T03:10:06.000Z","volume":1000,"label":" ","price":7.97},{"type":"B","date":"2018-04-06T03:10:06.000Z","volume":8000,"label":" ","price":7.97},{"type":"B","date":"2018-04-06T03:10:10.000Z","volume":1000,"label":" ","price":7.96},{"type":"B","date":"2018-04-06T03:11:45.000Z","volume":5000,"label":" ","price":7.96},{"type":"B","date":"2018-04-06T03:12:44.000Z","volume":1000,"label":" ","price":7.96},{"type":"B","date":"2018-04-06T03:12:57.000Z","volume":1000,"label":" ","price":7.96},{"type":"B","date":"2018-04-06T03:13:27.000Z","volume":1000,"label":" ","price":7.96},{"type":"B","date":"2018-04-06T03:13:28.000Z","volume":2000,"label":" ","price":7.96},{"type":"B","date":"2018-04-06T03:13:32.000Z","volume":1000,"label":" ","price":7.96},{"type":"B","date":"2018-04-06T03:13:42.000Z","volume":4000,"label":" ","price":7.96},{"type":"A","date":"2018-04-06T03:13:46.000Z","volume":2000,"label":" ","price":7.96},{"type":"B","date":"2018-04-06T03:14:49.000Z","volume":8000,"label":" ","price":7.95},{"type":"B","date":"2018-04-06T03:14:49.000Z","volume":2000,"label":" ","price":7.94},{"type":"B","date":"2018-04-06T03:14:49.000Z","volume":10000,"label":" ","price":7.93},{"type":"B","date":"2018-04-06T03:15:12.000Z","volume":20000,"label":" ","price":7.93},{"type":"A","date":"2018-04-06T03:15:12.000Z","volume":3000,"label":" ","price":7.96},{"type":"B","date":"2018-04-06T03:18:45.000Z","volume":20000,"label":" ","price":7.91},{"type":"A","date":"2018-04-06T03:18:47.000Z","volume":3000,"label":" ","price":7.95},{"type":"B","date":"2018-04-06T03:20:12.000Z","volume":1000,"label":"Y","price":7.92},{"type":"U","date":"2018-04-06T03:20:30.000Z","volume":2000,"label":" ","price":7.94},{"type":"A","date":"2018-04-06T03:20:32.000Z","volume":1000,"label":" ","price":7.95},{"type":"A","date":"2018-04-06T03:20:32.000Z","volume":4000,"label":" ","price":7.95},{"type":"A","date":"2018-04-06T03:20:34.000Z","volume":1000,"label":" ","price":7.96},{"type":"A","date":"2018-04-06T03:20:41.000Z","volume":15000,"label":" ","price":7.95},{"type":"A","date":"2018-04-06T03:20:41.000Z","volume":4000,"label":" ","price":7.96},{"type":"A","date":"2018-04-06T03:20:43.000Z","volume":6000,"label":" ","price":7.96},{"type":"A","date":"2018-04-06T03:20:43.000Z","volume":11000,"label":" ","price":7.96},{"type":"A","date":"2018-04-06T03:20:43.000Z","volume":5000,"label":" ","price":7.96},{"type":"A","date":"2018-04-06T03:20:45.000Z","volume":5000,"label":" ","price":7.96},{"type":"A","date":"2018-04-06T03:20:45.000Z","volume":2000,"label":" ","price":7.96},{"type":"A","date":"2018-04-06T03:20:47.000Z","volume":1000,"label":" ","price":7.96},{"type":"A","date":"2018-04-06T03:21:15.000Z","volume":3000,"label":" ","price":7.96},{"type":"A","date":"2018-04-06T03:21:15.000Z","volume":1000,"label":" ","price":7.96},{"type":"A","date":"2018-04-06T03:21:15.000Z","volume":2000,"label":" ","price":7.96},{"type":"A","date":"2018-04-06T03:21:16.000Z","volume":3000,"label":" ","price":7.96},{"type":"B","date":"2018-04-06T03:21:26.000Z","volume":2000,"label":" ","price":7.95},{"type":"A","date":"2018-04-06T03:21:26.000Z","volume":2000,"label":" ","price":7.97},{"type":"A","date":"2018-04-06T03:21:29.000Z","volume":1000,"label":" ","price":7.96},{"type":"A","date":"2018-04-06T03:21:30.000Z","volume":4000,"label":" ","price":7.96},{"type":"A","date":"2018-04-06T03:21:37.000Z","volume":1000,"label":" ","price":7.96},{"type":"A","date":"2018-04-06T03:21:37.000Z","volume":2000,"label":" ","price":7.96},{"type":"A","date":"2018-04-06T03:21:39.000Z","volume":1000,"label":" ","price":7.96},{"type":"A","date":"2018-04-06T03:21:53.000Z","volume":14000,"label":" ","price":7.96},{"type":"A","date":"2018-04-06T03:21:53.000Z","volume":3000,"label":" ","price":7.97},{"type":"A","date":"2018-04-06T03:21:53.000Z","volume":3000,"label":" ","price":7.97},{"type":"A","date":"2018-04-06T03:21:53.000Z","volume":3000,"label":" ","price":7.97},{"type":"A","date":"2018-04-06T03:21:53.000Z","volume":2000,"label":" ","price":7.97},{"type":"A","date":"2018-04-06T03:21:53.000Z","volume":2000,"label":" ","price":7.97},{"type":"A","date":"2018-04-06T03:21:53.000Z","volume":2000,"label":" ","price":7.97},{"type":"A","date":"2018-04-06T03:21:53.000Z","volume":1000,"label":" ","price":7.97},{"type":"B","date":"2018-04-06T03:21:57.000Z","volume":4000,"label":" ","price":7.96},{"type":"B","date":"2018-04-06T03:22:09.000Z","volume":20000,"label":" ","price":7.96},{"type":"A","date":"2018-04-06T03:23:15.000Z","volume":7000,"label":" ","price":7.97},{"type":"A","date":"2018-04-06T03:23:15.000Z","volume":3000,"label":" ","price":7.98},{"type":"B","date":"2018-04-06T03:25:15.000Z","volume":1000,"label":" ","price":7.96},{"type":"B","date":"2018-04-06T03:26:14.000Z","volume":1000,"label":" ","price":7.96},{"type":"B","date":"2018-04-06T03:27:49.000Z","volume":10000,"label":" ","price":7.97},{"type":"A","date":"2018-04-06T03:28:22.000Z","volume":5000,"label":" ","price":7.97},{"type":"A","date":"2018-04-06T03:30:11.000Z","volume":3000,"label":" ","price":7.97},{"type":"A","date":"2018-04-06T03:30:43.000Z","volume":3000,"label":" ","price":7.97},{"type":"A","date":"2018-04-06T03:34:13.000Z","volume":3000,"label":" ","price":7.97},{"type":"B","date":"2018-04-06T03:34:30.000Z","volume":1000,"label":" ","price":7.96},{"type":"A","date":"2018-04-06T03:35:06.000Z","volume":3000,"label":" ","price":7.97},{"type":"B","date":"2018-04-06T03:35:09.000Z","volume":10000,"label":" ","price":7.96},{"type":"B","date":"2018-04-06T03:35:10.000Z","volume":1000,"label":" ","price":7.96},{"type":"B","date":"2018-04-06T03:35:35.000Z","volume":26000,"label":" ","price":7.96},{"type":"A","date":"2018-04-06T03:35:37.000Z","volume":4000,"label":" ","price":7.96},{"type":"B","date":"2018-04-06T03:36:24.000Z","volume":6000,"label":" ","price":7.95},{"type":"A","date":"2018-04-06T03:36:26.000Z","volume":2000,"label":" ","price":7.95},{"type":"B","date":"2018-04-06T03:36:40.000Z","volume":9000,"label":" ","price":7.94},{"type":"A","date":"2018-04-06T03:36:40.000Z","volume":1000,"label":" ","price":7.94},{"type":"A","date":"2018-04-06T03:36:40.000Z","volume":1000,"label":" ","price":7.94},{"type":"A","date":"2018-04-06T03:36:47.000Z","volume":4000,"label":" ","price":7.94},{"type":"A","date":"2018-04-06T03:36:49.000Z","volume":1000,"label":" ","price":7.95},{"type":"B","date":"2018-04-06T03:36:49.000Z","volume":2000,"label":" ","price":7.94},{"type":"A","date":"2018-04-06T03:36:51.000Z","volume":1000,"label":" ","price":7.95},{"type":"B","date":"2018-04-06T03:40:24.000Z","volume":10000,"label":" ","price":7.94},{"type":"A","date":"2018-04-06T03:40:26.000Z","volume":1000,"label":" ","price":7.95},{"type":"A","date":"2018-04-06T03:41:41.000Z","volume":31000,"label":" ","price":7.95},{"type":"A","date":"2018-04-06T03:41:41.000Z","volume":3000,"label":" ","price":7.95},{"type":"A","date":"2018-04-06T03:41:41.000Z","volume":8000,"label":" ","price":7.95},{"type":"A","date":"2018-04-06T03:41:41.000Z","volume":37000,"label":" ","price":7.95},{"type":"A","date":"2018-04-06T03:41:41.000Z","volume":8000,"label":" ","price":7.96},{"type":"A","date":"2018-04-06T03:41:41.000Z","volume":5000,"label":" ","price":7.96},{"type":"A","date":"2018-04-06T03:41:41.000Z","volume":1000,"label":"Y","price":7.96},{"type":"A","date":"2018-04-06T03:41:41.000Z","volume":1000,"label":" ","price":7.97},{"type":"A","date":"2018-04-06T03:41:51.000Z","volume":1000,"label":" ","price":7.97},{"type":"A","date":"2018-04-06T03:41:54.000Z","volume":7000,"label":" ","price":7.97},{"type":"A","date":"2018-04-06T03:41:54.000Z","volume":22000,"label":" ","price":7.98},{"type":"B","date":"2018-04-06T03:41:54.000Z","volume":1000,"label":" ","price":7.98},{"type":"B","date":"2018-04-06T03:41:54.000Z","volume":1000,"label":" ","price":7.98},{"type":"B","date":"2018-04-06T03:41:54.000Z","volume":1000,"label":" ","price":7.98},{"type":"B","date":"2018-04-06T03:41:54.000Z","volume":1000,"label":" ","price":7.98},{"type":"B","date":"2018-04-06T03:41:54.000Z","volume":2000,"label":"Y","price":7.98},{"type":"B","date":"2018-04-06T03:41:54.000Z","volume":1000,"label":" ","price":7.98},{"type":"B","date":"2018-04-06T03:41:54.000Z","volume":1000,"label":" ","price":7.98},{"type":"A","date":"2018-04-06T03:41:54.000Z","volume":6000,"label":" ","price":7.99},{"type":"B","date":"2018-04-06T03:42:15.000Z","volume":4000,"label":" ","price":7.98},{"type":"B","date":"2018-04-06T03:42:17.000Z","volume":11000,"label":" ","price":7.98},{"type":"A","date":"2018-04-06T03:43:48.000Z","volume":1000,"label":"Y","price":7.98},{"type":"A","date":"2018-04-06T03:43:48.000Z","volume":19000,"label":" ","price":7.98},{"type":"B","date":"2018-04-06T03:43:49.000Z","volume":1000,"label":" ","price":7.96},{"type":"A","date":"2018-04-06T03:43:53.000Z","volume":40000,"label":" ","price":7.99},{"type":"A","date":"2018-04-06T03:43:53.000Z","volume":1000,"label":" ","price":7.99},{"type":"A","date":"2018-04-06T03:43:53.000Z","volume":6000,"label":" ","price":8},{"type":"A","date":"2018-04-06T03:44:03.000Z","volume":2000,"label":" ","price":8},{"type":"A","date":"2018-04-06T03:44:07.000Z","volume":1000,"label":" ","price":7.99},{"type":"A","date":"2018-04-06T03:44:53.000Z","volume":2000,"label":" ","price":7.99},{"type":"A","date":"2018-04-06T03:45:02.000Z","volume":8000,"label":" ","price":7.99},{"type":"B","date":"2018-04-06T03:45:12.000Z","volume":1000,"label":" ","price":7.98},{"type":"B","date":"2018-04-06T03:45:14.000Z","volume":20000,"label":" ","price":7.98},{"type":"B","date":"2018-04-06T03:45:19.000Z","volume":1000,"label":" ","price":7.98},{"type":"B","date":"2018-04-06T03:45:20.000Z","volume":20000,"label":" ","price":7.98},{"type":"B","date":"2018-04-06T03:45:30.000Z","volume":18000,"label":" ","price":7.98},{"type":"A","date":"2018-04-06T03:46:05.000Z","volume":5000,"label":" ","price":7.98},{"type":"B","date":"2018-04-06T03:51:01.000Z","volume":12000,"label":" ","price":7.97},{"type":"B","date":"2018-04-06T03:51:51.000Z","volume":2000,"label":" ","price":7.96},{"type":"B","date":"2018-04-06T03:51:51.000Z","volume":30000,"label":" ","price":7.95},{"type":"B","date":"2018-04-06T03:53:23.000Z","volume":20000,"label":" ","price":7.95},{"type":"B","date":"2018-04-06T03:53:45.000Z","volume":71000,"label":" ","price":7.95},{"type":"B","date":"2018-04-06T03:53:45.000Z","volume":2000,"label":" ","price":7.94},{"type":"A","date":"2018-04-06T03:54:42.000Z","volume":10000,"label":" ","price":7.95},{"type":"B","date":"2018-04-06T03:55:23.000Z","volume":2000,"label":" ","price":7.94},{"type":"B","date":"2018-04-06T03:55:58.000Z","volume":1000,"label":" ","price":7.94},{"type":"B","date":"2018-04-06T03:56:06.000Z","volume":5000,"label":" ","price":7.94},{"type":"B","date":"2018-04-06T03:56:06.000Z","volume":5000,"label":" ","price":7.93},{"type":"B","date":"2018-04-06T03:56:20.000Z","volume":1000,"label":" ","price":7.94},{"type":"B","date":"2018-04-06T03:57:31.000Z","volume":5000,"label":" ","price":7.93},{"type":"A","date":"2018-04-06T03:59:00.000Z","volume":1000,"label":" ","price":7.95},{"type":"B","date":"2018-04-06T03:59:10.000Z","volume":10000,"label":" ","price":7.93},{"type":"B","date":"2018-04-06T03:59:24.000Z","volume":20000,"label":" ","price":7.93},{"type":"B","date":"2018-04-06T05:00:00.000Z","volume":4000,"label":" ","price":7.94},{"type":"B","date":"2018-04-06T05:00:02.000Z","volume":10000,"label":" ","price":7.93},{"type":"A","date":"2018-04-06T05:00:10.000Z","volume":1000,"label":" ","price":7.94},{"type":"A","date":"2018-04-06T05:00:59.000Z","volume":4000,"label":" ","price":7.94},{"type":"A","date":"2018-04-06T05:02:20.000Z","volume":1000,"label":" ","price":7.94},{"type":"A","date":"2018-04-06T05:04:03.000Z","volume":1000,"label":" ","price":7.94},{"type":"A","date":"2018-04-06T05:10:25.000Z","volume":1000,"label":" ","price":7.94},{"type":"B","date":"2018-04-06T05:10:53.000Z","volume":28000,"label":" ","price":7.93},{"type":"B","date":"2018-04-06T05:10:54.000Z","volume":1000,"label":" ","price":7.93},{"type":"B","date":"2018-04-06T05:10:58.000Z","volume":11000,"label":" ","price":7.93},{"type":"A","date":"2018-04-06T05:10:58.000Z","volume":1000,"label":" ","price":7.93},{"type":"B","date":"2018-04-06T05:12:17.000Z","volume":1000,"label":" ","price":7.92},{"type":"A","date":"2018-04-06T05:12:57.000Z","volume":8000,"label":" ","price":7.93},{"type":"A","date":"2018-04-06T05:13:02.000Z","volume":1000,"label":" ","price":7.93},{"type":"A","date":"2018-04-06T05:13:33.000Z","volume":2000,"label":" ","price":7.93},{"type":"B","date":"2018-04-06T05:15:22.000Z","volume":1000,"label":" ","price":7.92},{"type":"B","date":"2018-04-06T05:16:27.000Z","volume":10000,"label":" ","price":7.92},{"type":"A","date":"2018-04-06T05:16:28.000Z","volume":1000,"label":" ","price":7.93},{"type":"B","date":"2018-04-06T05:16:49.000Z","volume":10000,"label":" ","price":7.92},{"type":"A","date":"2018-04-06T05:17:02.000Z","volume":1000,"label":" ","price":7.93},{"type":"B","date":"2018-04-06T05:19:40.000Z","volume":44000,"label":" ","price":7.92},{"type":"A","date":"2018-04-06T05:19:40.000Z","volume":3000,"label":" ","price":7.92},{"type":"B","date":"2018-04-06T05:19:55.000Z","volume":40000,"label":" ","price":7.91},{"type":"B","date":"2018-04-06T05:20:18.000Z","volume":9000,"label":" ","price":7.91},{"type":"B","date":"2018-04-06T05:20:23.000Z","volume":1000,"label":" ","price":7.9},{"type":"B","date":"2018-04-06T05:20:32.000Z","volume":5000,"label":" ","price":7.9},{"type":"A","date":"2018-04-06T05:21:21.000Z","volume":1000,"label":" ","price":7.91},{"type":"A","date":"2018-04-06T05:22:00.000Z","volume":13000,"label":" ","price":7.91},{"type":"A","date":"2018-04-06T05:22:13.000Z","volume":1000,"label":" ","price":7.91},{"type":"A","date":"2018-04-06T05:22:13.000Z","volume":1000,"label":" ","price":7.91},{"type":"B","date":"2018-04-06T05:22:13.000Z","volume":8000,"label":" ","price":7.9},{"type":"B","date":"2018-04-06T05:22:33.000Z","volume":3000,"label":" ","price":7.9},{"type":"B","date":"2018-04-06T05:22:55.000Z","volume":10000,"label":" ","price":7.9},{"type":"B","date":"2018-04-06T05:23:10.000Z","volume":5000,"label":" ","price":7.9},{"type":"B","date":"2018-04-06T05:24:11.000Z","volume":30000,"label":" ","price":7.9},{"type":"B","date":"2018-04-06T05:24:55.000Z","volume":1000,"label":" ","price":7.9},{"type":"B","date":"2018-04-06T05:25:22.000Z","volume":1000,"label":" ","price":7.9},{"type":"B","date":"2018-04-06T05:27:04.000Z","volume":6000,"label":" ","price":7.9},{"type":"B","date":"2018-04-06T05:27:08.000Z","volume":60000,"label":" ","price":7.9},{"type":"B","date":"2018-04-06T05:27:09.000Z","volume":5000,"label":" ","price":7.9},{"type":"B","date":"2018-04-06T05:27:14.000Z","volume":5000,"label":" ","price":7.9},{"type":"B","date":"2018-04-06T05:27:14.000Z","volume":136000,"label":" ","price":7.9},{"type":"B","date":"2018-04-06T05:27:14.000Z","volume":1000,"label":" ","price":7.89},{"type":"B","date":"2018-04-06T05:27:14.000Z","volume":1000,"label":"Y","price":7.87},{"type":"B","date":"2018-04-06T05:29:22.000Z","volume":1000,"label":" ","price":7.87},{"type":"B","date":"2018-04-06T05:29:22.000Z","volume":1000,"label":" ","price":7.86},{"type":"B","date":"2018-04-06T05:29:25.000Z","volume":1000,"label":" ","price":7.86},{"type":"A","date":"2018-04-06T05:29:26.000Z","volume":10000,"label":" ","price":7.87},{"type":"A","date":"2018-04-06T05:29:39.000Z","volume":5000,"label":" ","price":7.87},{"type":"A","date":"2018-04-06T05:29:46.000Z","volume":5000,"label":" ","price":7.87},{"type":"A","date":"2018-04-06T05:29:46.000Z","volume":1000,"label":" ","price":7.88},{"type":"A","date":"2018-04-06T05:29:47.000Z","volume":1000,"label":" ","price":7.88},{"type":"B","date":"2018-04-06T05:29:56.000Z","volume":5000,"label":" ","price":7.87},{"type":"A","date":"2018-04-06T05:30:02.000Z","volume":5000,"label":" ","price":7.87},{"type":"U","date":"2018-04-06T05:30:47.000Z","volume":3000,"label":" ","price":7.88},{"type":"B","date":"2018-04-06T05:30:47.000Z","volume":1000,"label":" ","price":7.88},{"type":"B","date":"2018-04-06T05:32:15.000Z","volume":5000,"label":" ","price":7.86},{"type":"B","date":"2018-04-06T05:32:15.000Z","volume":10000,"label":" ","price":7.85},{"type":"B","date":"2018-04-06T05:32:15.000Z","volume":6000,"label":" ","price":7.85},{"type":"B","date":"2018-04-06T05:32:15.000Z","volume":6000,"label":" ","price":7.84},{"type":"B","date":"2018-04-06T05:32:15.000Z","volume":15000,"label":" ","price":7.84},{"type":"B","date":"2018-04-06T05:32:15.000Z","volume":1000,"label":" ","price":7.83},{"type":"B","date":"2018-04-06T05:32:15.000Z","volume":2000,"label":" ","price":7.83},{"type":"B","date":"2018-04-06T05:32:15.000Z","volume":2000,"label":" ","price":7.83},{"type":"B","date":"2018-04-06T05:32:15.000Z","volume":1000,"label":" ","price":7.82},{"type":"A","date":"2018-04-06T05:32:19.000Z","volume":17000,"label":" ","price":7.83},{"type":"B","date":"2018-04-06T05:32:25.000Z","volume":1000,"label":" ","price":7.83},{"type":"A","date":"2018-04-06T05:32:25.000Z","volume":3000,"label":" ","price":7.86},{"type":"B","date":"2018-04-06T05:32:41.000Z","volume":11000,"label":" ","price":7.83},{"type":"U","date":"2018-04-06T05:32:41.000Z","volume":14000,"label":" ","price":7.83},{"type":"A","date":"2018-04-06T05:32:43.000Z","volume":23000,"label":" ","price":7.83},{"type":"B","date":"2018-04-06T05:32:44.000Z","volume":2000,"label":" ","price":7.82},{"type":"B","date":"2018-04-06T05:32:53.000Z","volume":30000,"label":" ","price":7.82},{"type":"B","date":"2018-04-06T05:33:29.000Z","volume":27000,"label":" ","price":7.82},{"type":"B","date":"2018-04-06T05:33:34.000Z","volume":1000,"label":" ","price":7.82},{"type":"B","date":"2018-04-06T05:35:01.000Z","volume":2000,"label":" ","price":7.82},{"type":"B","date":"2018-04-06T05:37:27.000Z","volume":100000,"label":" ","price":7.82},{"type":"B","date":"2018-04-06T05:37:27.000Z","volume":1000,"label":" ","price":7.82},{"type":"A","date":"2018-04-06T05:37:53.000Z","volume":30000,"label":" ","price":7.84},{"type":"A","date":"2018-04-06T05:37:53.000Z","volume":3000,"label":"Y","price":7.84},{"type":"A","date":"2018-04-06T05:37:53.000Z","volume":1000,"label":" ","price":7.84},{"type":"B","date":"2018-04-06T05:37:53.000Z","volume":2000,"label":"Y","price":7.82},{"type":"B","date":"2018-04-06T05:39:34.000Z","volume":10000,"label":" ","price":7.82},{"type":"U","date":"2018-04-06T05:39:50.000Z","volume":1000,"label":" ","price":7.83},{"type":"B","date":"2018-04-06T05:40:01.000Z","volume":4000,"label":" ","price":7.82},{"type":"A","date":"2018-04-06T05:41:54.000Z","volume":1000,"label":" ","price":7.84},{"type":"A","date":"2018-04-06T05:44:47.000Z","volume":17000,"label":" ","price":7.84},{"type":"A","date":"2018-04-06T05:45:10.000Z","volume":1000,"label":" ","price":7.84},{"type":"A","date":"2018-04-06T05:45:11.000Z","volume":7000,"label":" ","price":7.84},{"type":"A","date":"2018-04-06T05:45:11.000Z","volume":1000,"label":" ","price":7.84},{"type":"A","date":"2018-04-06T05:45:11.000Z","volume":6000,"label":" ","price":7.84},{"type":"A","date":"2018-04-06T05:45:59.000Z","volume":1000,"label":" ","price":7.84},{"type":"U","date":"2018-04-06T05:46:54.000Z","volume":1000,"label":" ","price":7.84},{"type":"A","date":"2018-04-06T05:46:54.000Z","volume":1000,"label":" ","price":7.85},{"type":"A","date":"2018-04-06T05:47:27.000Z","volume":20000,"label":" ","price":7.85},{"type":"B","date":"2018-04-06T05:48:24.000Z","volume":3000,"label":" ","price":7.84},{"type":"A","date":"2018-04-06T05:48:24.000Z","volume":2000,"label":" ","price":7.85},{"type":"A","date":"2018-04-06T05:48:34.000Z","volume":2000,"label":" ","price":7.85},{"type":"A","date":"2018-04-06T05:48:34.000Z","volume":2000,"label":" ","price":7.85},{"type":"B","date":"2018-04-06T05:51:18.000Z","volume":1000,"label":" ","price":7.85},{"type":"B","date":"2018-04-06T05:51:36.000Z","volume":4000,"label":" ","price":7.85},{"type":"A","date":"2018-04-06T05:52:09.000Z","volume":10000,"label":" ","price":7.86},{"type":"A","date":"2018-04-06T05:52:09.000Z","volume":2000,"label":" ","price":7.86},{"type":"A","date":"2018-04-06T05:52:09.000Z","volume":2000,"label":" ","price":7.87},{"type":"A","date":"2018-04-06T05:52:17.000Z","volume":1000,"label":" ","price":7.87},{"type":"A","date":"2018-04-06T05:52:17.000Z","volume":1000,"label":" ","price":7.87},{"type":"B","date":"2018-04-06T05:52:17.000Z","volume":1000,"label":" ","price":7.87},{"type":"B","date":"2018-04-06T05:52:17.000Z","volume":2000,"label":" ","price":7.88},{"type":"B","date":"2018-04-06T05:52:17.000Z","volume":6000,"label":" ","price":7.88},{"type":"U","date":"2018-04-06T05:54:05.000Z","volume":1000,"label":" ","price":7.88},{"type":"B","date":"2018-04-06T05:54:17.000Z","volume":10000,"label":" ","price":7.87},{"type":"B","date":"2018-04-06T05:54:19.000Z","volume":3000,"label":" ","price":7.86},{"type":"B","date":"2018-04-06T05:55:22.000Z","volume":1000,"label":" ","price":7.82},{"type":"A","date":"2018-04-06T06:00:14.000Z","volume":1000,"label":" ","price":7.87},{"type":"B","date":"2018-04-06T06:00:15.000Z","volume":9000,"label":" ","price":7.86},{"type":"A","date":"2018-04-06T06:00:27.000Z","volume":2000,"label":" ","price":7.86},{"type":"B","date":"2018-04-06T06:00:48.000Z","volume":2000,"label":" ","price":7.85},{"type":"B","date":"2018-04-06T06:00:48.000Z","volume":1000,"label":" ","price":7.85},{"type":"B","date":"2018-04-06T06:00:48.000Z","volume":1000,"label":" ","price":7.85},{"type":"B","date":"2018-04-06T06:00:48.000Z","volume":1000,"label":" ","price":7.85},{"type":"B","date":"2018-04-06T06:01:19.000Z","volume":7000,"label":" ","price":7.85},{"type":"B","date":"2018-04-06T06:02:09.000Z","volume":1000,"label":" ","price":7.85},{"type":"B","date":"2018-04-06T06:02:51.000Z","volume":4000,"label":" ","price":7.85},{"type":"B","date":"2018-04-06T06:02:51.000Z","volume":2000,"label":" ","price":7.84},{"type":"A","date":"2018-04-06T06:04:57.000Z","volume":19000,"label":" ","price":7.86},{"type":"A","date":"2018-04-06T06:04:57.000Z","volume":31000,"label":" ","price":7.87},{"type":"A","date":"2018-04-06T06:04:57.000Z","volume":1000,"label":" ","price":7.88},{"type":"A","date":"2018-04-06T06:05:08.000Z","volume":1000,"label":" ","price":7.88},{"type":"B","date":"2018-04-06T06:05:22.000Z","volume":1000,"label":" ","price":7.85},{"type":"B","date":"2018-04-06T06:05:38.000Z","volume":20000,"label":" ","price":7.85},{"type":"A","date":"2018-04-06T06:06:10.000Z","volume":1000,"label":" ","price":7.88},{"type":"B","date":"2018-04-06T06:06:12.000Z","volume":1000,"label":" ","price":7.86},{"type":"A","date":"2018-04-06T06:08:23.000Z","volume":1000,"label":" ","price":7.88},{"type":"A","date":"2018-04-06T06:08:23.000Z","volume":1000,"label":" ","price":7.88},{"type":"A","date":"2018-04-06T06:09:08.000Z","volume":1000,"label":" ","price":7.88},{"type":"A","date":"2018-04-06T06:09:36.000Z","volume":1000,"label":" ","price":7.88},{"type":"A","date":"2018-04-06T06:10:25.000Z","volume":2000,"label":" ","price":7.88},{"type":"A","date":"2018-04-06T06:11:35.000Z","volume":5000,"label":" ","price":7.88},{"type":"B","date":"2018-04-06T06:12:10.000Z","volume":10000,"label":" ","price":7.87},{"type":"B","date":"2018-04-06T06:12:10.000Z","volume":9000,"label":" ","price":7.87},{"type":"U","date":"2018-04-06T06:12:10.000Z","volume":1000,"label":" ","price":7.87},{"type":"B","date":"2018-04-06T06:13:20.000Z","volume":1000,"label":" ","price":7.86},{"type":"B","date":"2018-04-06T06:13:51.000Z","volume":5000,"label":" ","price":7.86},{"type":"A","date":"2018-04-06T06:15:08.000Z","volume":1000,"label":" ","price":7.88},{"type":"A","date":"2018-04-06T06:17:28.000Z","volume":10000,"label":" ","price":7.88},{"type":"A","date":"2018-04-06T06:17:32.000Z","volume":1000,"label":" ","price":7.88},{"type":"A","date":"2018-04-06T06:17:32.000Z","volume":1000,"label":" ","price":7.88},{"type":"A","date":"2018-04-06T06:17:38.000Z","volume":1000,"label":" ","price":7.88},{"type":"A","date":"2018-04-06T06:17:38.000Z","volume":1000,"label":" ","price":7.88},{"type":"A","date":"2018-04-06T06:17:38.000Z","volume":1000,"label":" ","price":7.88},{"type":"A","date":"2018-04-06T06:17:38.000Z","volume":1000,"label":" ","price":7.88},{"type":"A","date":"2018-04-06T06:17:38.000Z","volume":1000,"label":" ","price":7.88},{"type":"A","date":"2018-04-06T06:17:42.000Z","volume":8000,"label":" ","price":7.88},{"type":"A","date":"2018-04-06T06:17:49.000Z","volume":9000,"label":" ","price":7.89},{"type":"A","date":"2018-04-06T06:18:46.000Z","volume":3000,"label":" ","price":7.89},{"type":"A","date":"2018-04-06T06:19:47.000Z","volume":2000,"label":" ","price":7.89},{"type":"B","date":"2018-04-06T06:20:27.000Z","volume":1000,"label":" ","price":7.88},{"type":"A","date":"2018-04-06T06:20:33.000Z","volume":1000,"label":" ","price":7.89},{"type":"A","date":"2018-04-06T06:22:15.000Z","volume":5000,"label":" ","price":7.89},{"type":"A","date":"2018-04-06T06:22:16.000Z","volume":2000,"label":" ","price":7.89},{"type":"A","date":"2018-04-06T06:22:30.000Z","volume":1000,"label":" ","price":7.89},{"type":"B","date":"2018-04-06T06:22:46.000Z","volume":2000,"label":" ","price":7.88},{"type":"A","date":"2018-04-06T06:25:17.000Z","volume":1000,"label":" ","price":7.89},{"type":"A","date":"2018-04-06T06:26:18.000Z","volume":2000,"label":" ","price":7.89},{"type":"A","date":"2018-04-06T06:26:23.000Z","volume":1000,"label":" ","price":7.89},{"type":"A","date":"2018-04-06T06:27:02.000Z","volume":1000,"label":" ","price":7.89},{"type":"A","date":"2018-04-06T06:27:02.000Z","volume":1000,"label":" ","price":7.89},{"type":"A","date":"2018-04-06T06:27:08.000Z","volume":1000,"label":" ","price":7.89},{"type":"A","date":"2018-04-06T06:27:08.000Z","volume":1000,"label":" ","price":7.89},{"type":"A","date":"2018-04-06T06:27:08.000Z","volume":1000,"label":" ","price":7.89},{"type":"A","date":"2018-04-06T06:27:08.000Z","volume":1000,"label":" ","price":7.89},{"type":"A","date":"2018-04-06T06:27:08.000Z","volume":1000,"label":" ","price":7.89},{"type":"A","date":"2018-04-06T06:27:53.000Z","volume":1000,"label":" ","price":7.89},{"type":"A","date":"2018-04-06T06:28:06.000Z","volume":1000,"label":" ","price":7.89},{"type":"A","date":"2018-04-06T06:28:27.000Z","volume":21000,"label":" ","price":7.89},{"type":"A","date":"2018-04-06T06:28:27.000Z","volume":1000,"label":" ","price":7.89},{"type":"A","date":"2018-04-06T06:28:27.000Z","volume":2000,"label":" ","price":7.89},{"type":"A","date":"2018-04-06T06:28:27.000Z","volume":3000,"label":" ","price":7.89},{"type":"A","date":"2018-04-06T06:28:27.000Z","volume":4000,"label":" ","price":7.89},{"type":"A","date":"2018-04-06T06:28:54.000Z","volume":1000,"label":" ","price":7.89},{"type":"A","date":"2018-04-06T06:30:17.000Z","volume":1000,"label":" ","price":7.9},{"type":"A","date":"2018-04-06T06:31:21.000Z","volume":9000,"label":" ","price":7.9},{"type":"A","date":"2018-04-06T06:31:52.000Z","volume":1000,"label":" ","price":7.9},{"type":"A","date":"2018-04-06T06:31:52.000Z","volume":148000,"label":" ","price":7.9},{"type":"A","date":"2018-04-06T06:31:52.000Z","volume":2000,"label":" ","price":7.9},{"type":"A","date":"2018-04-06T06:31:52.000Z","volume":2000,"label":" ","price":7.9},{"type":"B","date":"2018-04-06T06:31:52.000Z","volume":1000,"label":" ","price":7.9},{"type":"A","date":"2018-04-06T06:31:52.000Z","volume":1000,"label":" ","price":7.9},{"type":"A","date":"2018-04-06T06:31:53.000Z","volume":1000,"label":" ","price":7.91},{"type":"A","date":"2018-04-06T06:32:50.000Z","volume":1000,"label":" ","price":7.91},{"type":"A","date":"2018-04-06T06:32:51.000Z","volume":1000,"label":" ","price":7.91},{"type":"A","date":"2018-04-06T06:34:08.000Z","volume":1000,"label":" ","price":7.91},{"type":"B","date":"2018-04-06T06:34:26.000Z","volume":1000,"label":" ","price":7.9},{"type":"B","date":"2018-04-06T06:35:47.000Z","volume":2000,"label":" ","price":7.9},{"type":"A","date":"2018-04-06T06:37:57.000Z","volume":38000,"label":" ","price":7.91},{"type":"A","date":"2018-04-06T06:38:02.000Z","volume":1000,"label":" ","price":7.92},{"type":"A","date":"2018-04-06T06:38:08.000Z","volume":1000,"label":" ","price":7.92},{"type":"A","date":"2018-04-06T06:38:08.000Z","volume":1000,"label":" ","price":7.92},{"type":"A","date":"2018-04-06T06:39:06.000Z","volume":4000,"label":" ","price":7.92},{"type":"A","date":"2018-04-06T06:39:06.000Z","volume":1000,"label":" ","price":7.92},{"type":"A","date":"2018-04-06T06:39:06.000Z","volume":2000,"label":" ","price":7.92},{"type":"A","date":"2018-04-06T06:39:06.000Z","volume":3000,"label":" ","price":7.92},{"type":"A","date":"2018-04-06T06:39:06.000Z","volume":1000,"label":" ","price":7.92},{"type":"B","date":"2018-04-06T06:39:38.000Z","volume":2000,"label":" ","price":7.91},{"type":"B","date":"2018-04-06T06:42:24.000Z","volume":1000,"label":" ","price":7.92},{"type":"B","date":"2018-04-06T06:42:34.000Z","volume":8000,"label":" ","price":7.92},{"type":"B","date":"2018-04-06T06:42:53.000Z","volume":6000,"label":" ","price":7.92},{"type":"B","date":"2018-04-06T06:43:17.000Z","volume":3000,"label":" ","price":7.92},{"type":"B","date":"2018-04-06T06:43:17.000Z","volume":27000,"label":" ","price":7.91},{"type":"B","date":"2018-04-06T06:45:23.000Z","volume":1000,"label":"Y","price":7.91},{"type":"B","date":"2018-04-06T06:45:41.000Z","volume":4000,"label":" ","price":7.91},{"type":"B","date":"2018-04-06T06:45:41.000Z","volume":7000,"label":" ","price":7.9},{"type":"A","date":"2018-04-06T06:45:47.000Z","volume":20000,"label":" ","price":7.91},{"type":"A","date":"2018-04-06T06:46:08.000Z","volume":1000,"label":" ","price":7.91},{"type":"A","date":"2018-04-06T06:46:11.000Z","volume":12000,"label":" ","price":7.9},{"type":"A","date":"2018-04-06T06:47:33.000Z","volume":4000,"label":" ","price":7.92},{"type":"A","date":"2018-04-06T06:47:33.000Z","volume":1000,"label":"Y","price":7.93},{"type":"A","date":"2018-04-06T06:47:33.000Z","volume":112000,"label":" ","price":7.93},{"type":"A","date":"2018-04-06T06:47:36.000Z","volume":11000,"label":"Y","price":7.93},{"type":"A","date":"2018-04-06T06:47:36.000Z","volume":11000,"label":" ","price":7.93},{"type":"B","date":"2018-04-06T06:49:32.000Z","volume":1000,"label":" ","price":7.9},{"type":"B","date":"2018-04-06T06:50:06.000Z","volume":20000,"label":" ","price":7.9},{"type":"A","date":"2018-04-06T06:50:06.000Z","volume":2000,"label":" ","price":7.94},{"type":"A","date":"2018-04-06T06:50:25.000Z","volume":1000,"label":" ","price":7.94},{"type":"B","date":"2018-04-06T06:50:33.000Z","volume":20000,"label":" ","price":7.9},{"type":"B","date":"2018-04-06T06:50:58.000Z","volume":10000,"label":" ","price":7.9},{"type":"U","date":"2018-04-06T06:54:06.000Z","volume":1000,"label":"X","price":7.92},{"type":"B","date":"2018-04-06T06:54:45.000Z","volume":6000,"label":" ","price":7.92},{"type":"A","date":"2018-04-06T06:55:19.000Z","volume":2000,"label":" ","price":7.93},{"type":"A","date":"2018-04-06T06:55:39.000Z","volume":10000,"label":" ","price":7.93},{"type":"A","date":"2018-04-06T06:55:41.000Z","volume":4000,"label":" ","price":7.93},{"type":"A","date":"2018-04-06T06:55:47.000Z","volume":1000,"label":" ","price":7.93},{"type":"A","date":"2018-04-06T06:55:47.000Z","volume":1000,"label":" ","price":7.93},{"type":"A","date":"2018-04-06T06:55:53.000Z","volume":1000,"label":" ","price":7.93},{"type":"A","date":"2018-04-06T06:55:53.000Z","volume":1000,"label":" ","price":7.93},{"type":"A","date":"2018-04-06T06:55:53.000Z","volume":1000,"label":" ","price":7.93},{"type":"B","date":"2018-04-06T06:55:53.000Z","volume":1000,"label":" ","price":7.92},{"type":"A","date":"2018-04-06T06:55:53.000Z","volume":1000,"label":" ","price":7.93},{"type":"A","date":"2018-04-06T06:55:53.000Z","volume":1000,"label":" ","price":7.93},{"type":"A","date":"2018-04-06T06:57:01.000Z","volume":2000,"label":" ","price":7.93},{"type":"A","date":"2018-04-06T07:00:12.000Z","volume":2000,"label":" ","price":7.93},{"type":"A","date":"2018-04-06T07:00:12.000Z","volume":3000,"label":" ","price":7.93},{"type":"B","date":"2018-04-06T07:00:27.000Z","volume":1000,"label":"Y","price":7.92},{"type":"A","date":"2018-04-06T07:01:11.000Z","volume":8000,"label":" ","price":7.93},{"type":"A","date":"2018-04-06T07:01:13.000Z","volume":3000,"label":" ","price":7.93},{"type":"B","date":"2018-04-06T07:01:13.000Z","volume":6000,"label":" ","price":7.93},{"type":"A","date":"2018-04-06T07:01:15.000Z","volume":3000,"label":" ","price":7.94},{"type":"B","date":"2018-04-06T07:01:43.000Z","volume":7000,"label":" ","price":7.93},{"type":"B","date":"2018-04-06T07:01:55.000Z","volume":7000,"label":" ","price":7.92},{"type":"B","date":"2018-04-06T07:01:55.000Z","volume":1000,"label":" ","price":7.91},{"type":"A","date":"2018-04-06T07:01:56.000Z","volume":3000,"label":" ","price":7.91},{"type":"A","date":"2018-04-06T07:01:57.000Z","volume":2000,"label":" ","price":7.92},{"type":"B","date":"2018-04-06T07:02:00.000Z","volume":2000,"label":" ","price":7.92},{"type":"B","date":"2018-04-06T07:02:28.000Z","volume":3000,"label":" ","price":7.89},{"type":"B","date":"2018-04-06T07:02:28.000Z","volume":7000,"label":" ","price":7.88},{"type":"B","date":"2018-04-06T07:03:27.000Z","volume":2000,"label":" ","price":7.89},{"type":"A","date":"2018-04-06T07:05:17.000Z","volume":1000,"label":" ","price":7.92},{"type":"B","date":"2018-04-06T07:05:25.000Z","volume":3000,"label":" ","price":7.9},{"type":"B","date":"2018-04-06T07:06:07.000Z","volume":4000,"label":"Y","price":7.9},{"type":"B","date":"2018-04-06T07:06:07.000Z","volume":4000,"label":" ","price":7.9},{"type":"A","date":"2018-04-06T07:06:35.000Z","volume":20000,"label":" ","price":7.92},{"type":"A","date":"2018-04-06T07:06:37.000Z","volume":5000,"label":" ","price":7.92},{"type":"B","date":"2018-04-06T07:06:44.000Z","volume":10000,"label":" ","price":7.91},{"type":"U","date":"2018-04-06T07:09:28.000Z","volume":8000,"label":" ","price":7.91},{"type":"U","date":"2018-04-06T07:09:28.000Z","volume":2000,"label":" ","price":7.91},{"type":"A","date":"2018-04-06T07:09:30.000Z","volume":5000,"label":" ","price":7.92},{"type":"A","date":"2018-04-06T07:09:41.000Z","volume":2000,"label":" ","price":7.92},{"type":"A","date":"2018-04-06T07:10:07.000Z","volume":60000,"label":" ","price":7.92},{"type":"B","date":"2018-04-06T07:10:07.000Z","volume":2000,"label":" ","price":7.91},{"type":"A","date":"2018-04-06T07:10:07.000Z","volume":17000,"label":" ","price":7.92},{"type":"A","date":"2018-04-06T07:10:23.000Z","volume":1000,"label":" ","price":7.92},{"type":"B","date":"2018-04-06T07:11:26.000Z","volume":1000,"label":" ","price":7.91},{"type":"B","date":"2018-04-06T07:12:28.000Z","volume":1000,"label":" ","price":7.91},{"type":"B","date":"2018-04-06T07:13:04.000Z","volume":5000,"label":" ","price":7.91},{"type":"B","date":"2018-04-06T07:13:31.000Z","volume":5000,"label":" ","price":7.91},{"type":"B","date":"2018-04-06T07:14:10.000Z","volume":10000,"label":" ","price":7.91},{"type":"A","date":"2018-04-06T07:14:12.000Z","volume":5000,"label":" ","price":7.92},{"type":"A","date":"2018-04-06T07:14:12.000Z","volume":2000,"label":" ","price":7.92},{"type":"A","date":"2018-04-06T07:14:36.000Z","volume":2000,"label":" ","price":7.92},{"type":"A","date":"2018-04-06T07:15:19.000Z","volume":1000,"label":" ","price":7.92},{"type":"A","date":"2018-04-06T07:15:38.000Z","volume":1000,"label":" ","price":7.92},{"type":"A","date":"2018-04-06T07:15:39.000Z","volume":1000,"label":" ","price":7.92},{"type":"A","date":"2018-04-06T07:15:39.000Z","volume":1000,"label":" ","price":7.92},{"type":"A","date":"2018-04-06T07:16:53.000Z","volume":1000,"label":" ","price":7.92},{"type":"A","date":"2018-04-06T07:17:56.000Z","volume":2000,"label":" ","price":7.92},{"type":"A","date":"2018-04-06T07:18:08.000Z","volume":1000,"label":" ","price":7.92},{"type":"B","date":"2018-04-06T07:18:38.000Z","volume":5000,"label":" ","price":7.91},{"type":"A","date":"2018-04-06T07:18:38.000Z","volume":4000,"label":" ","price":7.92},{"type":"B","date":"2018-04-06T07:19:06.000Z","volume":10000,"label":" ","price":7.91},{"type":"A","date":"2018-04-06T07:19:07.000Z","volume":1000,"label":" ","price":7.92},{"type":"A","date":"2018-04-06T07:19:08.000Z","volume":2000,"label":" ","price":7.92},{"type":"A","date":"2018-04-06T07:19:48.000Z","volume":3000,"label":" ","price":7.92},{"type":"B","date":"2018-04-06T07:20:19.000Z","volume":10000,"label":" ","price":7.91},{"type":"A","date":"2018-04-06T07:20:20.000Z","volume":7000,"label":" ","price":7.92},{"type":"A","date":"2018-04-06T07:20:23.000Z","volume":1000,"label":" ","price":7.92},{"type":"B","date":"2018-04-06T07:20:43.000Z","volume":10000,"label":" ","price":7.91},{"type":"A","date":"2018-04-06T07:20:58.000Z","volume":1000,"label":" ","price":7.92},{"type":"B","date":"2018-04-06T07:21:18.000Z","volume":20000,"label":" ","price":7.91},{"type":"B","date":"2018-04-06T07:21:44.000Z","volume":3000,"label":" ","price":7.91},{"type":"A","date":"2018-04-06T07:22:38.000Z","volume":1000,"label":" ","price":7.92},{"type":"B","date":"2018-04-06T07:23:45.000Z","volume":1000,"label":" ","price":7.91},{"type":"A","date":"2018-04-06T07:23:45.000Z","volume":1000,"label":" ","price":7.92},{"type":"A","date":"2018-04-06T07:24:53.000Z","volume":1000,"label":" ","price":7.92},{"type":"A","date":"2018-04-06T07:25:20.000Z","volume":1000,"label":" ","price":7.92},{"type":"B","date":"2018-04-06T07:25:25.000Z","volume":1000,"label":" ","price":7.91},{"type":"A","date":"2018-04-06T07:25:25.000Z","volume":1000,"label":" ","price":7.92},{"type":"A","date":"2018-04-06T07:27:23.000Z","volume":1000,"label":" ","price":7.92},{"type":"A","date":"2018-04-06T07:27:23.000Z","volume":1000,"label":" ","price":7.92},{"type":"B","date":"2018-04-06T07:27:24.000Z","volume":4000,"label":" ","price":7.91},{"type":"A","date":"2018-04-06T07:27:30.000Z","volume":2000,"label":" ","price":7.92},{"type":"B","date":"2018-04-06T07:28:24.000Z","volume":2000,"label":" ","price":7.91},{"type":"A","date":"2018-04-06T07:28:53.000Z","volume":1000,"label":" ","price":7.92},{"type":"A","date":"2018-04-06T07:28:54.000Z","volume":3000,"label":" ","price":7.92},{"type":"A","date":"2018-04-06T07:29:53.000Z","volume":1000,"label":" ","price":7.92},{"type":"A","date":"2018-04-06T07:30:17.000Z","volume":1000,"label":" ","price":7.92},{"type":"B","date":"2018-04-06T07:30:22.000Z","volume":2000,"label":" ","price":7.91},{"type":"A","date":"2018-04-06T07:30:32.000Z","volume":1000,"label":" ","price":7.92},{"type":"A","date":"2018-04-06T07:30:53.000Z","volume":1000,"label":" ","price":7.92},{"type":"B","date":"2018-04-06T07:31:07.000Z","volume":1000,"label":" ","price":7.91},{"type":"A","date":"2018-04-06T07:32:08.000Z","volume":1000,"label":" ","price":7.92},{"type":"A","date":"2018-04-06T07:32:47.000Z","volume":1000,"label":" ","price":7.92},{"type":"A","date":"2018-04-06T07:33:23.000Z","volume":1000,"label":" ","price":7.92},{"type":"B","date":"2018-04-06T07:33:50.000Z","volume":6000,"label":" ","price":7.91},{"type":"A","date":"2018-04-06T07:34:14.000Z","volume":2000,"label":" ","price":7.92},{"type":"A","date":"2018-04-06T07:34:38.000Z","volume":1000,"label":" ","price":7.92},{"type":"B","date":"2018-04-06T07:35:26.000Z","volume":3000,"label":" ","price":7.91},{"type":"A","date":"2018-04-06T07:36:23.000Z","volume":1000,"label":" ","price":7.92},{"type":"A","date":"2018-04-06T07:36:29.000Z","volume":26000,"label":" ","price":7.92},{"type":"A","date":"2018-04-06T07:36:29.000Z","volume":3000,"label":" ","price":7.92},{"type":"A","date":"2018-04-06T07:37:01.000Z","volume":1000,"label":" ","price":7.92},{"type":"A","date":"2018-04-06T07:37:09.000Z","volume":1000,"label":" ","price":7.92},{"type":"A","date":"2018-04-06T07:37:20.000Z","volume":5000,"label":" ","price":7.92},{"type":"A","date":"2018-04-06T07:37:47.000Z","volume":9000,"label":" ","price":7.92},{"type":"A","date":"2018-04-06T07:37:47.000Z","volume":1000,"label":"Y","price":7.92},{"type":"A","date":"2018-04-06T07:37:47.000Z","volume":1000,"label":" ","price":7.92},{"type":"A","date":"2018-04-06T07:37:47.000Z","volume":1000,"label":" ","price":7.92},{"type":"A","date":"2018-04-06T07:37:47.000Z","volume":1000,"label":" ","price":7.92},{"type":"A","date":"2018-04-06T07:37:47.000Z","volume":1000,"label":" ","price":7.92},{"type":"A","date":"2018-04-06T07:37:47.000Z","volume":1000,"label":" ","price":7.92},{"type":"A","date":"2018-04-06T07:37:47.000Z","volume":1000,"label":" ","price":7.92},{"type":"A","date":"2018-04-06T07:37:49.000Z","volume":1000,"label":"Y","price":7.92},{"type":"A","date":"2018-04-06T07:37:49.000Z","volume":5000,"label":" ","price":7.92},{"type":"A","date":"2018-04-06T07:37:49.000Z","volume":3000,"label":" ","price":7.92},{"type":"A","date":"2018-04-06T07:37:49.000Z","volume":1000,"label":"Y","price":7.92},{"type":"A","date":"2018-04-06T07:37:49.000Z","volume":1000,"label":" ","price":7.92},{"type":"A","date":"2018-04-06T07:37:52.000Z","volume":5000,"label":" ","price":7.92},{"type":"A","date":"2018-04-06T07:37:53.000Z","volume":1000,"label":" ","price":7.93},{"type":"B","date":"2018-04-06T07:38:09.000Z","volume":30000,"label":" ","price":7.92},{"type":"A","date":"2018-04-06T07:39:17.000Z","volume":2000,"label":" ","price":7.93},{"type":"A","date":"2018-04-06T07:40:23.000Z","volume":1000,"label":" ","price":7.93},{"type":"B","date":"2018-04-06T07:40:25.000Z","volume":1000,"label":" ","price":7.92},{"type":"A","date":"2018-04-06T07:41:38.000Z","volume":1000,"label":" ","price":7.93},{"type":"A","date":"2018-04-06T07:41:55.000Z","volume":2000,"label":" ","price":7.93},{"type":"A","date":"2018-04-06T07:42:17.000Z","volume":1000,"label":" ","price":7.93},{"type":"A","date":"2018-04-06T07:42:35.000Z","volume":7000,"label":" ","price":7.93},{"type":"A","date":"2018-04-06T07:42:38.000Z","volume":1000,"label":" ","price":7.93},{"type":"B","date":"2018-04-06T07:43:09.000Z","volume":1000,"label":" ","price":7.92},{"type":"A","date":"2018-04-06T07:43:10.000Z","volume":5000,"label":" ","price":7.93},{"type":"A","date":"2018-04-06T07:43:38.000Z","volume":1000,"label":" ","price":7.93},{"type":"A","date":"2018-04-06T07:44:23.000Z","volume":1000,"label":" ","price":7.93},{"type":"A","date":"2018-04-06T07:45:09.000Z","volume":2000,"label":" ","price":7.93},{"type":"B","date":"2018-04-06T07:45:21.000Z","volume":1000,"label":" ","price":7.92},{"type":"B","date":"2018-04-06T07:45:41.000Z","volume":1000,"label":"Y","price":7.92},{"type":"B","date":"2018-04-06T07:47:33.000Z","volume":10000,"label":" ","price":7.92},{"type":"A","date":"2018-04-06T07:47:33.000Z","volume":2000,"label":" ","price":7.93},{"type":"A","date":"2018-04-06T07:47:33.000Z","volume":3000,"label":" ","price":7.93},{"type":"A","date":"2018-04-06T07:47:38.000Z","volume":1000,"label":" ","price":7.93},{"type":"A","date":"2018-04-06T07:47:54.000Z","volume":2000,"label":" ","price":7.93},{"type":"A","date":"2018-04-06T07:48:38.000Z","volume":1000,"label":" ","price":7.93},{"type":"B","date":"2018-04-06T07:48:46.000Z","volume":2000,"label":"Y","price":7.92},{"type":"A","date":"2018-04-06T07:48:48.000Z","volume":5000,"label":" ","price":7.93},{"type":"A","date":"2018-04-06T07:48:48.000Z","volume":2000,"label":" ","price":7.93},{"type":"A","date":"2018-04-06T07:49:23.000Z","volume":1000,"label":" ","price":7.93},{"type":"A","date":"2018-04-06T07:50:22.000Z","volume":1000,"label":" ","price":7.93},{"type":"A","date":"2018-04-06T07:50:36.000Z","volume":1000,"label":" ","price":7.93},{"type":"A","date":"2018-04-06T07:50:38.000Z","volume":1000,"label":" ","price":7.93},{"type":"B","date":"2018-04-06T07:51:08.000Z","volume":2000,"label":" ","price":7.92},{"type":"A","date":"2018-04-06T07:51:38.000Z","volume":1000,"label":" ","price":7.93},{"type":"A","date":"2018-04-06T07:51:38.000Z","volume":1000,"label":" ","price":7.93},{"type":"B","date":"2018-04-06T07:51:57.000Z","volume":20000,"label":" ","price":7.92},{"type":"A","date":"2018-04-06T07:51:57.000Z","volume":2000,"label":" ","price":7.93},{"type":"B","date":"2018-04-06T07:53:21.000Z","volume":10000,"label":" ","price":7.92},{"type":"B","date":"2018-04-06T07:53:28.000Z","volume":6000,"label":" ","price":7.92},{"type":"A","date":"2018-04-06T07:53:30.000Z","volume":5000,"label":" ","price":7.93},{"type":"B","date":"2018-04-06T07:53:41.000Z","volume":6000,"label":" ","price":7.92},{"type":"B","date":"2018-04-06T07:53:41.000Z","volume":2000,"label":" ","price":7.92},{"type":"A","date":"2018-04-06T07:53:41.000Z","volume":3000,"label":" ","price":7.92},{"type":"A","date":"2018-04-06T07:53:41.000Z","volume":1000,"label":" ","price":7.92},{"type":"B","date":"2018-04-06T07:53:46.000Z","volume":1000,"label":" ","price":7.91},{"type":"B","date":"2018-04-06T07:54:09.000Z","volume":3000,"label":" ","price":7.92},{"type":"B","date":"2018-04-06T07:55:07.000Z","volume":1000,"label":" ","price":7.92},{"type":"B","date":"2018-04-06T07:55:23.000Z","volume":1000,"label":" ","price":7.92},{"type":"B","date":"2018-04-06T07:56:17.000Z","volume":48000,"label":" ","price":7.92},{"type":"B","date":"2018-04-06T07:56:17.000Z","volume":1000,"label":" ","price":7.91},{"type":"B","date":"2018-04-06T07:56:17.000Z","volume":1000,"label":"Y","price":7.9},{"type":"B","date":"2018-04-06T07:56:31.000Z","volume":2000,"label":" ","price":7.91},{"type":"A","date":"2018-04-06T07:57:05.000Z","volume":22000,"label":" ","price":7.91},{"type":"B","date":"2018-04-06T07:57:09.000Z","volume":8000,"label":" ","price":7.92},{"type":"B","date":"2018-04-06T07:57:09.000Z","volume":1000,"label":" ","price":7.92},{"type":"A","date":"2018-04-06T07:57:35.000Z","volume":2000,"label":" ","price":7.92},{"type":"A","date":"2018-04-06T07:58:15.000Z","volume":15000,"label":" ","price":7.92},{"type":"A","date":"2018-04-06T07:58:15.000Z","volume":129000,"label":" ","price":7.93},{"type":"A","date":"2018-04-06T07:58:15.000Z","volume":56000,"label":" ","price":7.94},{"type":"B","date":"2018-04-06T07:58:25.000Z","volume":13000,"label":" ","price":7.93},{"type":"B","date":"2018-04-06T07:58:25.000Z","volume":2000,"label":" ","price":7.92},{"type":"A","date":"2018-04-06T07:58:26.000Z","volume":17000,"label":" ","price":7.93},{"type":"A","date":"2018-04-06T07:58:26.000Z","volume":1000,"label":"Y","price":7.94},{"type":"A","date":"2018-04-06T07:58:26.000Z","volume":40000,"label":" ","price":7.94},{"type":"A","date":"2018-04-06T07:58:32.000Z","volume":17000,"label":" ","price":7.94},{"type":"A","date":"2018-04-06T07:58:47.000Z","volume":13000,"label":" ","price":7.94},{"type":"A","date":"2018-04-06T07:58:47.000Z","volume":1000,"label":" ","price":7.94},{"type":"A","date":"2018-04-06T07:58:47.000Z","volume":1000,"label":" ","price":7.94},{"type":"A","date":"2018-04-06T07:58:47.000Z","volume":9000,"label":" ","price":7.95},{"type":"B","date":"2018-04-06T07:58:48.000Z","volume":1000,"label":" ","price":7.94},{"type":"A","date":"2018-04-06T07:58:48.000Z","volume":3000,"label":" ","price":7.94},{"type":"A","date":"2018-04-06T07:58:55.000Z","volume":6000,"label":" ","price":7.94},{"type":"A","date":"2018-04-06T07:58:55.000Z","volume":29000,"label":" ","price":7.95},{"type":"A","date":"2018-04-06T07:58:55.000Z","volume":2000,"label":" ","price":7.95},{"type":"A","date":"2018-04-06T07:59:00.000Z","volume":21000,"label":" ","price":7.95},{"type":"A","date":"2018-04-06T07:59:00.000Z","volume":1000,"label":" ","price":7.95},{"type":"A","date":"2018-04-06T07:59:27.000Z","volume":1000,"label":" ","price":7.95},{"type":"U","date":"2018-04-06T07:59:33.000Z","volume":979,"label":"D","price":7.92},{"type":"A","date":"2018-04-06T07:59:36.000Z","volume":1000,"label":" ","price":7.94},{"type":"A","date":"2018-04-06T07:59:38.000Z","volume":1000,"label":" ","price":7.94},{"type":"A","date":"2018-04-06T07:59:41.000Z","volume":1000,"label":" ","price":7.94},{"type":"A","date":"2018-04-06T07:59:45.000Z","volume":1000,"label":" ","price":7.94},{"type":"B","date":"2018-04-06T07:59:55.000Z","volume":3000,"label":" ","price":7.92},{"type":"B","date":"2018-04-06T07:59:56.000Z","volume":2000,"label":" ","price":7.92},{"type":"B","date":"2018-04-06T07:59:57.000Z","volume":6000,"label":" ","price":7.91},{"type":"B","date":"2018-04-06T07:59:58.000Z","volume":6000,"label":" ","price":7.9},{"type":"B","date":"2018-04-06T07:59:59.000Z","volume":4000,"label":" ","price":7.9},{"type":"U","date":"2018-04-06T08:08:20.000Z","volume":270000,"label":"U","price":7.92}]