[{"type":"A","date":"2018-04-25T01:43:50.000Z","volume":100000,"label":" ","price":0.25},{"type":"B","date":"2018-04-25T02:03:05.000Z","volume":40000,"label":" ","price":0.25},{"type":"B","date":"2018-04-25T02:07:05.000Z","volume":60000,"label":" ","price":0.25},{"type":"A","date":"2018-04-25T02:18:54.000Z","volume":40000,"label":" ","price":0.255},{"type":"B","date":"2018-04-25T02:19:06.000Z","volume":220000,"label":" ","price":0.25},{"type":"A","date":"2018-04-25T02:19:06.000Z","volume":80000,"label":" ","price":0.25},{"type":"A","date":"2018-04-25T02:19:45.000Z","volume":60000,"label":" ","price":0.255},{"type":"A","date":"2018-04-25T02:21:22.000Z","volume":260000,"label":" ","price":0.26},{"type":"B","date":"2018-04-25T02:24:38.000Z","volume":100000,"label":" ","price":0.26},{"type":"B","date":"2018-04-25T02:25:59.000Z","volume":40000,"label":" ","price":0.255},{"type":"B","date":"2018-04-25T02:26:17.000Z","volume":80000,"label":" ","price":0.255},{"type":"B","date":"2018-04-25T02:26:28.000Z","volume":200000,"label":" ","price":0.255},{"type":"B","date":"2018-04-25T02:26:28.000Z","volume":120000,"label":" ","price":0.255},{"type":"B","date":"2018-04-25T02:26:39.000Z","volume":200000,"label":" ","price":0.255},{"type":"A","date":"2018-04-25T02:39:55.000Z","volume":140000,"label":" ","price":0.255},{"type":"A","date":"2018-04-25T02:41:07.000Z","volume":100000,"label":" ","price":0.255},{"type":"A","date":"2018-04-25T02:55:01.000Z","volume":160000,"label":" ","price":0.26},{"type":"B","date":"2018-04-25T03:20:29.000Z","volume":100000,"label":" ","price":0.255},{"type":"B","date":"2018-04-25T03:47:53.000Z","volume":20000,"label":" ","price":0.255},{"type":"B","date":"2018-04-25T06:54:34.000Z","volume":220000,"label":" ","price":0.25},{"type":"A","date":"2018-04-25T07:41:25.000Z","volume":40000,"label":" ","price":0.255},{"type":"A","date":"2018-04-25T07:45:44.000Z","volume":580000,"label":" ","price":0.26},{"type":"B","date":"2018-04-25T07:48:01.000Z","volume":420000,"label":" ","price":0.26},{"type":"B","date":"2018-04-25T07:49:08.000Z","volume":160000,"label":" ","price":0.255},{"type":"B","date":"2018-04-25T07:49:09.000Z","volume":60000,"label":" ","price":0.255},{"type":"A","date":"2018-04-25T07:49:27.000Z","volume":40000,"label":" ","price":0.255},{"type":"B","date":"2018-04-25T07:50:14.000Z","volume":40000,"label":" ","price":0.255}]