[{"type":"A","date":"2018-04-04T03:56:59.000Z","volume":20000,"label":" ","price":3.35},{"type":"A","date":"2018-04-04T03:56:59.000Z","volume":30000,"label":" ","price":3.36},{"type":"A","date":"2018-04-04T03:56:59.000Z","volume":6000,"label":" ","price":3.36},{"type":"A","date":"2018-04-04T03:59:30.000Z","volume":50000,"label":" ","price":3.36},{"type":"A","date":"2018-04-04T05:00:49.000Z","volume":4000,"label":" ","price":3.37},{"type":"A","date":"2018-04-04T05:20:18.000Z","volume":2000,"label":" ","price":3.35},{"type":"A","date":"2018-04-04T05:44:36.000Z","volume":2000,"label":" ","price":3.35},{"type":"B","date":"2018-04-04T05:46:29.000Z","volume":12000,"label":" ","price":3.33},{"type":"A","date":"2018-04-04T05:59:26.000Z","volume":20000,"label":" ","price":3.33},{"type":"A","date":"2018-04-04T05:59:57.000Z","volume":20000,"label":" ","price":3.33},{"type":"B","date":"2018-04-04T06:17:48.000Z","volume":42000,"label":" ","price":3.32},{"type":"B","date":"2018-04-04T06:23:30.000Z","volume":30000,"label":" ","price":3.32},{"type":"A","date":"2018-04-04T06:26:03.000Z","volume":2000,"label":" ","price":3.33},{"type":"A","date":"2018-04-04T06:33:57.000Z","volume":2000,"label":" ","price":3.33},{"type":"B","date":"2018-04-04T06:34:02.000Z","volume":18000,"label":" ","price":3.32},{"type":"B","date":"2018-04-04T06:38:17.000Z","volume":56000,"label":" ","price":3.32},{"type":"A","date":"2018-04-04T07:09:02.000Z","volume":6000,"label":" ","price":3.32},{"type":"A","date":"2018-04-04T07:15:13.000Z","volume":2000,"label":" ","price":3.32},{"type":"A","date":"2018-04-04T07:20:53.000Z","volume":4000,"label":" ","price":3.32},{"type":"A","date":"2018-04-04T07:39:26.000Z","volume":40000,"label":" ","price":3.32},{"type":"A","date":"2018-04-04T07:39:26.000Z","volume":8000,"label":" ","price":3.32},{"type":"A","date":"2018-04-04T07:39:26.000Z","volume":2000,"label":" ","price":3.33},{"type":"A","date":"2018-04-04T07:39:50.000Z","volume":2000,"label":" ","price":3.33},{"type":"A","date":"2018-04-04T07:45:02.000Z","volume":2000,"label":" ","price":3.33},{"type":"A","date":"2018-04-04T07:53:10.000Z","volume":8000,"label":" ","price":3.33},{"type":"A","date":"2018-04-04T07:59:11.000Z","volume":4000,"label":" ","price":3.33},{"type":"A","date":"2018-04-04T07:59:37.000Z","volume":2000,"label":" ","price":3.33}]