[{"type":"A","date":"2018-03-26T01:33:03.000Z","volume":18000,"label":" ","price":0.51},{"type":"B","date":"2018-03-26T01:44:14.000Z","volume":78000,"label":" ","price":0.5},{"type":"B","date":"2018-03-26T01:45:35.000Z","volume":3000,"label":" ","price":0.5},{"type":"A","date":"2018-03-26T01:46:44.000Z","volume":3000,"label":" ","price":0.51},{"type":"B","date":"2018-03-26T01:53:29.000Z","volume":15000,"label":" ","price":0.5},{"type":"B","date":"2018-03-26T01:55:45.000Z","volume":57000,"label":" ","price":0.5},{"type":"A","date":"2018-03-26T02:03:35.000Z","volume":3000,"label":" ","price":0.51},{"type":"B","date":"2018-03-26T02:08:33.000Z","volume":9000,"label":" ","price":0.5},{"type":"A","date":"2018-03-26T02:23:38.000Z","volume":3000,"label":" ","price":0.51},{"type":"A","date":"2018-03-26T02:32:00.000Z","volume":6000,"label":" ","price":0.51},{"type":"A","date":"2018-03-26T02:45:41.000Z","volume":3000,"label":" ","price":0.51},{"type":"A","date":"2018-03-26T02:53:59.000Z","volume":21000,"label":" ","price":0.51},{"type":"A","date":"2018-03-26T03:10:35.000Z","volume":3000,"label":" ","price":0.51},{"type":"A","date":"2018-03-26T03:35:18.000Z","volume":3000,"label":" ","price":0.51},{"type":"B","date":"2018-03-26T05:09:06.000Z","volume":60000,"label":" ","price":0.5},{"type":"B","date":"2018-03-26T05:09:17.000Z","volume":3000,"label":" ","price":0.5},{"type":"A","date":"2018-03-26T05:34:14.000Z","volume":3000,"label":" ","price":0.51},{"type":"B","date":"2018-03-26T05:40:22.000Z","volume":3000,"label":" ","price":0.5},{"type":"U","date":"2018-03-26T05:56:03.000Z","volume":900,"label":"D","price":0.48},{"type":"B","date":"2018-03-26T05:58:54.000Z","volume":12000,"label":" ","price":0.5},{"type":"B","date":"2018-03-26T05:58:55.000Z","volume":3000,"label":" ","price":0.5},{"type":"B","date":"2018-03-26T05:59:47.000Z","volume":12000,"label":" ","price":0.5},{"type":"A","date":"2018-03-26T06:01:47.000Z","volume":3000,"label":" ","price":0.51},{"type":"A","date":"2018-03-26T06:27:19.000Z","volume":3000,"label":" ","price":0.51},{"type":"B","date":"2018-03-26T06:42:22.000Z","volume":30000,"label":" ","price":0.5},{"type":"B","date":"2018-03-26T06:42:23.000Z","volume":3000,"label":" ","price":0.5},{"type":"A","date":"2018-03-26T06:51:42.000Z","volume":3000,"label":" ","price":0.51},{"type":"B","date":"2018-03-26T06:55:16.000Z","volume":108000,"label":" ","price":0.5},{"type":"B","date":"2018-03-26T06:55:17.000Z","volume":3000,"label":" ","price":0.5},{"type":"B","date":"2018-03-26T06:59:18.000Z","volume":48000,"label":" ","price":0.5},{"type":"B","date":"2018-03-26T06:59:33.000Z","volume":3000,"label":" ","price":0.5},{"type":"A","date":"2018-03-26T07:15:24.000Z","volume":3000,"label":" ","price":0.51},{"type":"A","date":"2018-03-26T07:32:07.000Z","volume":3000,"label":" ","price":0.51},{"type":"A","date":"2018-03-26T07:41:34.000Z","volume":240000,"label":" ","price":0.51},{"type":"B","date":"2018-03-26T07:41:35.000Z","volume":9000,"label":" ","price":0.5},{"type":"B","date":"2018-03-26T07:41:35.000Z","volume":3000,"label":" ","price":0.5},{"type":"B","date":"2018-03-26T07:41:35.000Z","volume":3000,"label":" ","price":0.5},{"type":"A","date":"2018-03-26T07:48:33.000Z","volume":3000,"label":" ","price":0.51},{"type":"A","date":"2018-03-26T07:49:47.000Z","volume":39000,"label":" ","price":0.51},{"type":"B","date":"2018-03-26T07:56:49.000Z","volume":3000,"label":" ","price":0.5},{"type":"B","date":"2018-03-26T07:57:37.000Z","volume":186000,"label":" ","price":0.5},{"type":"B","date":"2018-03-26T07:57:48.000Z","volume":3000,"label":" ","price":0.5},{"type":"B","date":"2018-03-26T07:57:48.000Z","volume":3000,"label":" ","price":0.5},{"type":"B","date":"2018-03-26T07:57:48.000Z","volume":3000,"label":" ","price":0.5},{"type":"B","date":"2018-03-26T07:57:48.000Z","volume":3000,"label":" ","price":0.5},{"type":"B","date":"2018-03-26T07:58:48.000Z","volume":3000,"label":" ","price":0.5},{"type":"A","date":"2018-03-26T07:59:27.000Z","volume":3000,"label":" ","price":0.51},{"type":"A","date":"2018-03-26T07:59:55.000Z","volume":3000,"label":" ","price":0.51}]