[{"type":"B","date":"2018-04-09T01:51:36.000Z","volume":40000,"label":" ","price":0.089},{"type":"A","date":"2018-04-09T01:58:33.000Z","volume":2000,"label":" ","price":0.092},{"type":"B","date":"2018-04-09T01:58:34.000Z","volume":2000,"label":" ","price":0.089},{"type":"B","date":"2018-04-09T03:37:17.000Z","volume":2000,"label":" ","price":0.09},{"type":"B","date":"2018-04-09T03:37:17.000Z","volume":1998000,"label":" ","price":0.089},{"type":"B","date":"2018-04-09T03:37:21.000Z","volume":2000,"label":" ","price":0.089},{"type":"B","date":"2018-04-09T03:37:21.000Z","volume":2000,"label":" ","price":0.089},{"type":"B","date":"2018-04-09T03:37:21.000Z","volume":2000,"label":" ","price":0.089},{"type":"B","date":"2018-04-09T03:37:21.000Z","volume":2000,"label":" ","price":0.089},{"type":"B","date":"2018-04-09T03:37:42.000Z","volume":36000,"label":" ","price":0.089},{"type":"B","date":"2018-04-09T03:37:42.000Z","volume":860000,"label":" ","price":0.088},{"type":"A","date":"2018-04-09T03:40:31.000Z","volume":104000,"label":" ","price":0.088},{"type":"A","date":"2018-04-09T03:59:02.000Z","volume":2000,"label":" ","price":0.091},{"type":"B","date":"2018-04-09T05:02:07.000Z","volume":2000,"label":" ","price":0.088},{"type":"B","date":"2018-04-09T05:20:02.000Z","volume":2000,"label":" ","price":0.088},{"type":"B","date":"2018-04-09T05:36:17.000Z","volume":2000,"label":" ","price":0.088},{"type":"A","date":"2018-04-09T05:58:31.000Z","volume":2000,"label":" ","price":0.091},{"type":"B","date":"2018-04-09T05:59:57.000Z","volume":200000,"label":"Y","price":0.088},{"type":"B","date":"2018-04-09T05:59:57.000Z","volume":294000,"label":" ","price":0.088},{"type":"A","date":"2018-04-09T06:00:23.000Z","volume":2000,"label":" ","price":0.088},{"type":"A","date":"2018-04-09T06:00:33.000Z","volume":4000,"label":" ","price":0.088},{"type":"A","date":"2018-04-09T06:00:33.000Z","volume":2000,"label":" ","price":0.091},{"type":"B","date":"2018-04-09T06:00:52.000Z","volume":2000,"label":" ","price":0.086},{"type":"B","date":"2018-04-09T06:03:07.000Z","volume":2000,"label":" ","price":0.089},{"type":"B","date":"2018-04-09T06:23:23.000Z","volume":2000,"label":" ","price":0.088},{"type":"B","date":"2018-04-09T06:39:02.000Z","volume":2000,"label":" ","price":0.088},{"type":"B","date":"2018-04-09T06:43:06.000Z","volume":500000,"label":"Y","price":0.088},{"type":"A","date":"2018-04-09T06:47:23.000Z","volume":2000,"label":" ","price":0.091},{"type":"A","date":"2018-04-09T06:49:40.000Z","volume":2000,"label":" ","price":0.091},{"type":"B","date":"2018-04-09T07:04:53.000Z","volume":2000,"label":" ","price":0.089},{"type":"A","date":"2018-04-09T07:07:08.000Z","volume":432000,"label":"Y","price":0.09},{"type":"B","date":"2018-04-09T07:12:24.000Z","volume":20000,"label":" ","price":0.089},{"type":"B","date":"2018-04-09T07:16:47.000Z","volume":2000,"label":" ","price":0.089},{"type":"B","date":"2018-04-09T07:30:47.000Z","volume":2000,"label":" ","price":0.089},{"type":"B","date":"2018-04-09T07:42:23.000Z","volume":2000,"label":" ","price":0.089},{"type":"B","date":"2018-04-09T07:49:19.000Z","volume":4000,"label":" ","price":0.089},{"type":"B","date":"2018-04-09T07:51:55.000Z","volume":96000,"label":" ","price":0.088},{"type":"A","date":"2018-04-09T07:55:52.000Z","volume":2000,"label":" ","price":0.09},{"type":"B","date":"2018-04-09T07:58:00.000Z","volume":2000,"label":" ","price":0.088},{"type":"A","date":"2018-04-09T07:59:14.000Z","volume":2000,"label":" ","price":0.09}]