[{"type":"U","date":"2018-04-20T01:20:00.000Z","volume":22000,"label":"U","price":17},{"type":"B","date":"2018-04-20T01:30:00.000Z","volume":500,"label":" ","price":17},{"type":"U","date":"2018-04-20T01:30:01.000Z","volume":5000,"label":" ","price":17},{"type":"B","date":"2018-04-20T01:30:01.000Z","volume":1500,"label":" ","price":16.84},{"type":"A","date":"2018-04-20T01:30:02.000Z","volume":1000,"label":" ","price":17.02},{"type":"B","date":"2018-04-20T01:30:02.000Z","volume":3500,"label":" ","price":17},{"type":"B","date":"2018-04-20T01:30:05.000Z","volume":500,"label":" ","price":16.82},{"type":"A","date":"2018-04-20T01:30:05.000Z","volume":500,"label":" ","price":17},{"type":"A","date":"2018-04-20T01:30:16.000Z","volume":500,"label":" ","price":17},{"type":"B","date":"2018-04-20T01:30:16.000Z","volume":500,"label":" ","price":16.82},{"type":"A","date":"2018-04-20T01:30:45.000Z","volume":500,"label":" ","price":16.96},{"type":"B","date":"2018-04-20T01:30:47.000Z","volume":1000,"label":" ","price":16.92},{"type":"U","date":"2018-04-20T01:31:05.000Z","volume":2500,"label":"X","price":16.94},{"type":"A","date":"2018-04-20T01:31:11.000Z","volume":500,"label":" ","price":16.94},{"type":"A","date":"2018-04-20T01:31:11.000Z","volume":2000,"label":" ","price":16.94},{"type":"A","date":"2018-04-20T01:31:12.000Z","volume":500,"label":" ","price":16.96},{"type":"A","date":"2018-04-20T01:31:28.000Z","volume":3000,"label":" ","price":16.96},{"type":"A","date":"2018-04-20T01:31:28.000Z","volume":11500,"label":" ","price":16.96},{"type":"A","date":"2018-04-20T01:31:28.000Z","volume":500,"label":" ","price":16.98},{"type":"A","date":"2018-04-20T01:31:28.000Z","volume":1500,"label":" ","price":16.98},{"type":"A","date":"2018-04-20T01:31:39.000Z","volume":500,"label":" ","price":17},{"type":"A","date":"2018-04-20T01:31:47.000Z","volume":500,"label":" ","price":16.98},{"type":"A","date":"2018-04-20T01:31:47.000Z","volume":500,"label":" ","price":16.98},{"type":"B","date":"2018-04-20T01:32:30.000Z","volume":3000,"label":" ","price":16.96},{"type":"A","date":"2018-04-20T01:32:43.000Z","volume":1000,"label":" ","price":16.98},{"type":"B","date":"2018-04-20T01:32:47.000Z","volume":500,"label":" ","price":16.98},{"type":"A","date":"2018-04-20T01:33:02.000Z","volume":1000,"label":" ","price":17},{"type":"B","date":"2018-04-20T01:33:13.000Z","volume":1000,"label":" ","price":16.96},{"type":"A","date":"2018-04-20T01:33:27.000Z","volume":500,"label":" ","price":17},{"type":"A","date":"2018-04-20T01:34:02.000Z","volume":500,"label":" ","price":17},{"type":"A","date":"2018-04-20T01:34:19.000Z","volume":1000,"label":" ","price":17},{"type":"B","date":"2018-04-20T01:34:24.000Z","volume":500,"label":" ","price":16.98},{"type":"A","date":"2018-04-20T01:34:27.000Z","volume":1000,"label":"Y","price":17},{"type":"A","date":"2018-04-20T01:34:38.000Z","volume":500,"label":" ","price":17},{"type":"B","date":"2018-04-20T01:34:45.000Z","volume":2000,"label":" ","price":16.98},{"type":"B","date":"2018-04-20T01:34:45.000Z","volume":21500,"label":" ","price":16.98},{"type":"B","date":"2018-04-20T01:34:45.000Z","volume":3500,"label":" ","price":16.96},{"type":"B","date":"2018-04-20T01:34:46.000Z","volume":1000,"label":" ","price":16.92},{"type":"B","date":"2018-04-20T01:34:47.000Z","volume":500,"label":" ","price":16.92},{"type":"B","date":"2018-04-20T01:34:47.000Z","volume":1000,"label":" ","price":16.92},{"type":"B","date":"2018-04-20T01:35:24.000Z","volume":7000,"label":" ","price":16.94},{"type":"A","date":"2018-04-20T01:36:07.000Z","volume":3000,"label":" ","price":16.96},{"type":"A","date":"2018-04-20T01:36:37.000Z","volume":500,"label":" ","price":16.96},{"type":"A","date":"2018-04-20T01:36:37.000Z","volume":5500,"label":" ","price":16.96},{"type":"U","date":"2018-04-20T01:36:53.000Z","volume":1000,"label":" ","price":16.96},{"type":"B","date":"2018-04-20T01:37:02.000Z","volume":1000,"label":" ","price":16.96},{"type":"B","date":"2018-04-20T01:37:12.000Z","volume":5000,"label":" ","price":16.96},{"type":"B","date":"2018-04-20T01:37:32.000Z","volume":21500,"label":" ","price":16.96},{"type":"B","date":"2018-04-20T01:37:32.000Z","volume":1000,"label":" ","price":16.96},{"type":"B","date":"2018-04-20T01:38:47.000Z","volume":500,"label":" ","price":16.92},{"type":"B","date":"2018-04-20T01:39:23.000Z","volume":2000,"label":" ","price":16.92},{"type":"B","date":"2018-04-20T01:39:42.000Z","volume":14500,"label":" ","price":16.92},{"type":"B","date":"2018-04-20T01:39:42.000Z","volume":3000,"label":" ","price":16.9},{"type":"B","date":"2018-04-20T01:39:42.000Z","volume":1000,"label":" ","price":16.9},{"type":"B","date":"2018-04-20T01:40:14.000Z","volume":1000,"label":"Y","price":16.9},{"type":"B","date":"2018-04-20T01:40:14.000Z","volume":1000,"label":" ","price":16.9},{"type":"B","date":"2018-04-20T01:40:14.000Z","volume":1500,"label":" ","price":16.9},{"type":"B","date":"2018-04-20T01:40:38.000Z","volume":500,"label":" ","price":16.9},{"type":"B","date":"2018-04-20T01:41:00.000Z","volume":2500,"label":" ","price":16.9},{"type":"B","date":"2018-04-20T01:41:00.000Z","volume":500,"label":" ","price":16.9},{"type":"B","date":"2018-04-20T01:41:04.000Z","volume":500,"label":" ","price":16.88},{"type":"B","date":"2018-04-20T01:41:06.000Z","volume":500,"label":" ","price":16.88},{"type":"B","date":"2018-04-20T01:41:19.000Z","volume":1000,"label":" ","price":16.88},{"type":"B","date":"2018-04-20T01:41:50.000Z","volume":2000,"label":" ","price":16.86},{"type":"B","date":"2018-04-20T01:41:50.000Z","volume":1000,"label":" ","price":16.86},{"type":"B","date":"2018-04-20T01:41:55.000Z","volume":3000,"label":" ","price":16.86},{"type":"B","date":"2018-04-20T01:42:28.000Z","volume":1000,"label":" ","price":16.84},{"type":"B","date":"2018-04-20T01:42:28.000Z","volume":500,"label":" ","price":16.82},{"type":"B","date":"2018-04-20T01:43:03.000Z","volume":1000,"label":"Y","price":16.82},{"type":"A","date":"2018-04-20T01:43:22.000Z","volume":500,"label":" ","price":16.84},{"type":"B","date":"2018-04-20T01:43:36.000Z","volume":5500,"label":"Y","price":16.82},{"type":"B","date":"2018-04-20T01:43:36.000Z","volume":3000,"label":" ","price":16.82},{"type":"B","date":"2018-04-20T01:44:01.000Z","volume":23000,"label":" ","price":16.8},{"type":"B","date":"2018-04-20T01:44:01.000Z","volume":500,"label":" ","price":16.8},{"type":"A","date":"2018-04-20T01:44:16.000Z","volume":39000,"label":" ","price":16.8},{"type":"B","date":"2018-04-20T01:44:27.000Z","volume":24500,"label":" ","price":16.8},{"type":"B","date":"2018-04-20T01:44:27.000Z","volume":3000,"label":" ","price":16.78},{"type":"A","date":"2018-04-20T01:45:09.000Z","volume":3000,"label":"Y","price":16.82},{"type":"A","date":"2018-04-20T01:45:09.000Z","volume":7500,"label":" ","price":16.82},{"type":"A","date":"2018-04-20T01:45:09.000Z","volume":9000,"label":" ","price":16.82},{"type":"A","date":"2018-04-20T01:45:09.000Z","volume":1000,"label":" ","price":16.84},{"type":"A","date":"2018-04-20T01:45:09.000Z","volume":5000,"label":" ","price":16.84},{"type":"A","date":"2018-04-20T01:45:28.000Z","volume":5000,"label":" ","price":16.84},{"type":"A","date":"2018-04-20T01:45:36.000Z","volume":8000,"label":" ","price":16.86},{"type":"A","date":"2018-04-20T01:45:50.000Z","volume":5000,"label":" ","price":16.88},{"type":"A","date":"2018-04-20T01:46:17.000Z","volume":500,"label":" ","price":16.9},{"type":"A","date":"2018-04-20T01:46:31.000Z","volume":5000,"label":" ","price":16.9},{"type":"A","date":"2018-04-20T01:46:49.000Z","volume":500,"label":" ","price":16.9},{"type":"A","date":"2018-04-20T01:46:56.000Z","volume":500,"label":" ","price":16.9},{"type":"A","date":"2018-04-20T01:47:05.000Z","volume":500,"label":" ","price":16.9},{"type":"B","date":"2018-04-20T01:47:09.000Z","volume":22500,"label":" ","price":16.88},{"type":"B","date":"2018-04-20T01:47:09.000Z","volume":5000,"label":" ","price":16.88},{"type":"A","date":"2018-04-20T01:47:20.000Z","volume":3000,"label":" ","price":16.88},{"type":"A","date":"2018-04-20T01:47:32.000Z","volume":500,"label":" ","price":16.88},{"type":"A","date":"2018-04-20T01:48:37.000Z","volume":7000,"label":" ","price":16.88},{"type":"B","date":"2018-04-20T01:48:42.000Z","volume":3000,"label":" ","price":16.88},{"type":"U","date":"2018-04-20T01:49:07.000Z","volume":500,"label":"X","price":16.87},{"type":"A","date":"2018-04-20T01:49:39.000Z","volume":3000,"label":" ","price":16.88},{"type":"B","date":"2018-04-20T01:50:01.000Z","volume":1500,"label":" ","price":16.86},{"type":"A","date":"2018-04-20T01:50:02.000Z","volume":500,"label":" ","price":16.88},{"type":"A","date":"2018-04-20T01:50:51.000Z","volume":500,"label":" ","price":16.88},{"type":"A","date":"2018-04-20T01:51:07.000Z","volume":500,"label":" ","price":16.88},{"type":"U","date":"2018-04-20T01:51:15.000Z","volume":249,"label":"D","price":16.94},{"type":"B","date":"2018-04-20T01:51:29.000Z","volume":7500,"label":" ","price":16.86},{"type":"A","date":"2018-04-20T01:51:37.000Z","volume":500,"label":" ","price":16.88},{"type":"A","date":"2018-04-20T01:51:54.000Z","volume":1500,"label":" ","price":16.88},{"type":"A","date":"2018-04-20T01:52:01.000Z","volume":10500,"label":" ","price":16.88},{"type":"A","date":"2018-04-20T01:52:01.000Z","volume":18500,"label":" ","price":16.9},{"type":"U","date":"2018-04-20T01:52:02.000Z","volume":1000,"label":" ","price":16.9},{"type":"A","date":"2018-04-20T01:52:37.000Z","volume":32000,"label":" ","price":16.92},{"type":"A","date":"2018-04-20T01:52:37.000Z","volume":3000,"label":" ","price":16.92},{"type":"A","date":"2018-04-20T01:52:37.000Z","volume":1500,"label":" ","price":16.92},{"type":"A","date":"2018-04-20T01:52:47.000Z","volume":500,"label":" ","price":16.96},{"type":"A","date":"2018-04-20T01:53:29.000Z","volume":1500,"label":" ","price":16.94},{"type":"A","date":"2018-04-20T01:53:47.000Z","volume":1000,"label":" ","price":16.94},{"type":"A","date":"2018-04-20T01:53:51.000Z","volume":500,"label":" ","price":16.94},{"type":"A","date":"2018-04-20T01:54:02.000Z","volume":500,"label":" ","price":16.94},{"type":"A","date":"2018-04-20T01:54:16.000Z","volume":6000,"label":" ","price":16.94},{"type":"A","date":"2018-04-20T01:54:25.000Z","volume":500,"label":" ","price":16.94},{"type":"A","date":"2018-04-20T01:54:40.000Z","volume":500,"label":" ","price":16.94},{"type":"A","date":"2018-04-20T01:54:47.000Z","volume":500,"label":" ","price":16.94},{"type":"B","date":"2018-04-20T01:54:47.000Z","volume":20000,"label":" ","price":16.92},{"type":"B","date":"2018-04-20T01:55:09.000Z","volume":14000,"label":"Y","price":16.92},{"type":"B","date":"2018-04-20T01:55:09.000Z","volume":1500,"label":" ","price":16.92},{"type":"B","date":"2018-04-20T01:55:17.000Z","volume":500,"label":" ","price":16.92},{"type":"B","date":"2018-04-20T01:55:34.000Z","volume":1000,"label":" ","price":16.92},{"type":"B","date":"2018-04-20T01:55:34.000Z","volume":500,"label":" ","price":16.92},{"type":"B","date":"2018-04-20T01:55:58.000Z","volume":3500,"label":" ","price":16.92},{"type":"A","date":"2018-04-20T01:56:30.000Z","volume":6000,"label":" ","price":16.94},{"type":"A","date":"2018-04-20T01:56:32.000Z","volume":500,"label":" ","price":16.94},{"type":"B","date":"2018-04-20T01:57:44.000Z","volume":1500,"label":" ","price":16.92},{"type":"U","date":"2018-04-20T01:58:22.000Z","volume":500,"label":"X","price":16.93},{"type":"A","date":"2018-04-20T01:58:35.000Z","volume":500,"label":" ","price":16.94},{"type":"A","date":"2018-04-20T01:58:47.000Z","volume":500,"label":" ","price":16.94},{"type":"A","date":"2018-04-20T01:59:15.000Z","volume":1000,"label":" ","price":16.94},{"type":"B","date":"2018-04-20T01:59:54.000Z","volume":1500,"label":" ","price":16.92},{"type":"A","date":"2018-04-20T01:59:57.000Z","volume":500,"label":" ","price":16.94},{"type":"A","date":"2018-04-20T02:00:40.000Z","volume":1000,"label":" ","price":16.94},{"type":"A","date":"2018-04-20T02:00:47.000Z","volume":500,"label":" ","price":16.94},{"type":"A","date":"2018-04-20T02:00:54.000Z","volume":10000,"label":" ","price":16.94},{"type":"A","date":"2018-04-20T02:01:02.000Z","volume":500,"label":" ","price":16.94},{"type":"A","date":"2018-04-20T02:01:29.000Z","volume":500,"label":" ","price":16.94},{"type":"A","date":"2018-04-20T02:01:49.000Z","volume":500,"label":" ","price":16.94},{"type":"B","date":"2018-04-20T02:02:16.000Z","volume":1500,"label":" ","price":16.92},{"type":"A","date":"2018-04-20T02:02:16.000Z","volume":500,"label":" ","price":16.94},{"type":"A","date":"2018-04-20T02:02:20.000Z","volume":500,"label":" ","price":16.94},{"type":"A","date":"2018-04-20T02:02:27.000Z","volume":33000,"label":" ","price":16.94},{"type":"A","date":"2018-04-20T02:02:27.000Z","volume":23500,"label":" ","price":16.94},{"type":"A","date":"2018-04-20T02:02:59.000Z","volume":500,"label":" ","price":16.96},{"type":"B","date":"2018-04-20T02:03:03.000Z","volume":31500,"label":" ","price":16.94},{"type":"B","date":"2018-04-20T02:03:03.000Z","volume":500,"label":" ","price":16.94},{"type":"A","date":"2018-04-20T02:03:08.000Z","volume":1000,"label":" ","price":16.94},{"type":"A","date":"2018-04-20T02:04:03.000Z","volume":500,"label":" ","price":16.94},{"type":"A","date":"2018-04-20T02:04:08.000Z","volume":1000,"label":" ","price":16.94},{"type":"B","date":"2018-04-20T02:04:24.000Z","volume":1000,"label":" ","price":16.92},{"type":"A","date":"2018-04-20T02:04:38.000Z","volume":1000,"label":" ","price":16.94},{"type":"A","date":"2018-04-20T02:05:15.000Z","volume":500,"label":" ","price":16.94},{"type":"B","date":"2018-04-20T02:05:26.000Z","volume":500,"label":" ","price":16.92},{"type":"B","date":"2018-04-20T02:05:26.000Z","volume":1000,"label":" ","price":16.92},{"type":"A","date":"2018-04-20T02:05:26.000Z","volume":500,"label":" ","price":16.94},{"type":"A","date":"2018-04-20T02:05:38.000Z","volume":1000,"label":" ","price":16.94},{"type":"A","date":"2018-04-20T02:05:47.000Z","volume":500,"label":" ","price":16.94},{"type":"A","date":"2018-04-20T02:06:08.000Z","volume":1000,"label":" ","price":16.94},{"type":"B","date":"2018-04-20T02:06:31.000Z","volume":10000,"label":" ","price":16.92},{"type":"B","date":"2018-04-20T02:07:12.000Z","volume":15000,"label":" ","price":16.92},{"type":"B","date":"2018-04-20T02:07:12.000Z","volume":4500,"label":" ","price":16.92},{"type":"A","date":"2018-04-20T02:07:49.000Z","volume":4500,"label":" ","price":16.94},{"type":"B","date":"2018-04-20T02:08:06.000Z","volume":1500,"label":" ","price":16.9},{"type":"B","date":"2018-04-20T02:08:18.000Z","volume":500,"label":" ","price":16.92},{"type":"B","date":"2018-04-20T02:08:18.000Z","volume":500,"label":" ","price":16.92},{"type":"B","date":"2018-04-20T02:09:31.000Z","volume":3000,"label":" ","price":16.92},{"type":"B","date":"2018-04-20T02:09:32.000Z","volume":500,"label":"Y","price":16.92},{"type":"B","date":"2018-04-20T02:09:32.000Z","volume":22500,"label":" ","price":16.92},{"type":"B","date":"2018-04-20T02:10:30.000Z","volume":2000,"label":"Y","price":16.92},{"type":"B","date":"2018-04-20T02:10:30.000Z","volume":1500,"label":" ","price":16.92},{"type":"B","date":"2018-04-20T02:10:41.000Z","volume":2000,"label":" ","price":16.92},{"type":"B","date":"2018-04-20T02:10:46.000Z","volume":1000,"label":" ","price":16.9},{"type":"B","date":"2018-04-20T02:10:46.000Z","volume":500,"label":" ","price":16.9},{"type":"B","date":"2018-04-20T02:10:57.000Z","volume":2000,"label":" ","price":16.9},{"type":"B","date":"2018-04-20T02:11:14.000Z","volume":500,"label":" ","price":16.9},{"type":"A","date":"2018-04-20T02:12:17.000Z","volume":500,"label":" ","price":16.92},{"type":"B","date":"2018-04-20T02:12:23.000Z","volume":1000,"label":"Y","price":16.9},{"type":"B","date":"2018-04-20T02:12:23.000Z","volume":5000,"label":" ","price":16.9},{"type":"B","date":"2018-04-20T02:12:38.000Z","volume":1500,"label":" ","price":16.9},{"type":"B","date":"2018-04-20T02:12:38.000Z","volume":500,"label":" ","price":16.9},{"type":"U","date":"2018-04-20T02:12:41.000Z","volume":500,"label":" ","price":16.9},{"type":"A","date":"2018-04-20T02:13:03.000Z","volume":500,"label":" ","price":16.9},{"type":"A","date":"2018-04-20T02:13:04.000Z","volume":1000,"label":"Y","price":16.9},{"type":"A","date":"2018-04-20T02:13:04.000Z","volume":9000,"label":" ","price":16.9},{"type":"A","date":"2018-04-20T02:13:18.000Z","volume":2500,"label":" ","price":16.92},{"type":"A","date":"2018-04-20T02:14:08.000Z","volume":1000,"label":" ","price":16.92},{"type":"U","date":"2018-04-20T02:14:21.000Z","volume":1500,"label":" ","price":16.9},{"type":"B","date":"2018-04-20T02:14:39.000Z","volume":1500,"label":" ","price":16.9},{"type":"B","date":"2018-04-20T02:15:47.000Z","volume":1500,"label":" ","price":16.9},{"type":"B","date":"2018-04-20T02:16:00.000Z","volume":3000,"label":"Y","price":16.9},{"type":"B","date":"2018-04-20T02:16:00.000Z","volume":12500,"label":" ","price":16.9},{"type":"A","date":"2018-04-20T02:16:09.000Z","volume":2000,"label":" ","price":16.92},{"type":"B","date":"2018-04-20T02:16:16.000Z","volume":1000,"label":" ","price":16.9},{"type":"B","date":"2018-04-20T02:16:37.000Z","volume":6500,"label":" ","price":16.9},{"type":"A","date":"2018-04-20T02:17:08.000Z","volume":500,"label":" ","price":16.92},{"type":"A","date":"2018-04-20T02:18:18.000Z","volume":500,"label":" ","price":16.92},{"type":"B","date":"2018-04-20T02:18:57.000Z","volume":1500,"label":" ","price":16.9},{"type":"A","date":"2018-04-20T02:19:33.000Z","volume":500,"label":" ","price":16.92},{"type":"B","date":"2018-04-20T02:19:45.000Z","volume":1500,"label":"Y","price":16.9},{"type":"B","date":"2018-04-20T02:19:45.000Z","volume":18500,"label":" ","price":16.9},{"type":"A","date":"2018-04-20T02:20:46.000Z","volume":500,"label":" ","price":16.92},{"type":"A","date":"2018-04-20T02:21:00.000Z","volume":500,"label":" ","price":16.92},{"type":"A","date":"2018-04-20T02:21:11.000Z","volume":500,"label":"Y","price":16.92},{"type":"A","date":"2018-04-20T02:21:48.000Z","volume":500,"label":" ","price":16.92},{"type":"A","date":"2018-04-20T02:21:56.000Z","volume":10000,"label":" ","price":16.92},{"type":"A","date":"2018-04-20T02:22:43.000Z","volume":500,"label":" ","price":16.92},{"type":"A","date":"2018-04-20T02:23:18.000Z","volume":1000,"label":"Y","price":16.92},{"type":"B","date":"2018-04-20T02:23:19.000Z","volume":1500,"label":" ","price":16.9},{"type":"A","date":"2018-04-20T02:23:57.000Z","volume":500,"label":" ","price":16.92},{"type":"A","date":"2018-04-20T02:24:20.000Z","volume":500,"label":" ","price":16.92},{"type":"A","date":"2018-04-20T02:24:57.000Z","volume":500,"label":" ","price":16.92},{"type":"A","date":"2018-04-20T02:25:03.000Z","volume":500,"label":" ","price":16.92},{"type":"A","date":"2018-04-20T02:25:20.000Z","volume":3000,"label":" ","price":16.92},{"type":"A","date":"2018-04-20T02:26:00.000Z","volume":500,"label":" ","price":16.92},{"type":"A","date":"2018-04-20T02:26:03.000Z","volume":500,"label":" ","price":16.92},{"type":"A","date":"2018-04-20T02:26:10.000Z","volume":1000,"label":" ","price":16.92},{"type":"A","date":"2018-04-20T02:26:18.000Z","volume":1000,"label":"Y","price":16.92},{"type":"B","date":"2018-04-20T02:26:40.000Z","volume":1500,"label":" ","price":16.9},{"type":"B","date":"2018-04-20T02:26:40.000Z","volume":500,"label":" ","price":16.9},{"type":"B","date":"2018-04-20T02:26:55.000Z","volume":8000,"label":" ","price":16.9},{"type":"A","date":"2018-04-20T02:27:02.000Z","volume":6000,"label":" ","price":16.92},{"type":"A","date":"2018-04-20T02:27:18.000Z","volume":1000,"label":"Y","price":16.92},{"type":"A","date":"2018-04-20T02:27:29.000Z","volume":500,"label":" ","price":16.92},{"type":"A","date":"2018-04-20T02:27:48.000Z","volume":500,"label":" ","price":16.92},{"type":"B","date":"2018-04-20T02:27:57.000Z","volume":50000,"label":" ","price":16.9},{"type":"B","date":"2018-04-20T02:27:58.000Z","volume":1000,"label":" ","price":16.9},{"type":"B","date":"2018-04-20T02:28:00.000Z","volume":5000,"label":" ","price":16.9},{"type":"B","date":"2018-04-20T02:30:10.000Z","volume":1500,"label":" ","price":16.88},{"type":"B","date":"2018-04-20T02:30:48.000Z","volume":500,"label":" ","price":16.9},{"type":"A","date":"2018-04-20T02:31:59.000Z","volume":500,"label":" ","price":16.92},{"type":"B","date":"2018-04-20T02:32:03.000Z","volume":3500,"label":" ","price":16.88},{"type":"B","date":"2018-04-20T02:32:05.000Z","volume":1500,"label":" ","price":16.9},{"type":"B","date":"2018-04-20T02:32:05.000Z","volume":500,"label":" ","price":16.9},{"type":"B","date":"2018-04-20T02:32:05.000Z","volume":1000,"label":" ","price":16.9},{"type":"A","date":"2018-04-20T02:32:24.000Z","volume":4000,"label":" ","price":16.92},{"type":"B","date":"2018-04-20T02:32:30.000Z","volume":1500,"label":" ","price":16.9},{"type":"B","date":"2018-04-20T02:32:31.000Z","volume":500,"label":" ","price":16.9},{"type":"A","date":"2018-04-20T02:33:18.000Z","volume":1000,"label":"Y","price":16.92},{"type":"A","date":"2018-04-20T02:33:48.000Z","volume":1000,"label":"Y","price":16.92},{"type":"B","date":"2018-04-20T02:33:51.000Z","volume":1500,"label":" ","price":16.88},{"type":"A","date":"2018-04-20T02:34:18.000Z","volume":1000,"label":"Y","price":16.92},{"type":"B","date":"2018-04-20T02:34:28.000Z","volume":500,"label":" ","price":16.88},{"type":"A","date":"2018-04-20T02:34:48.000Z","volume":1000,"label":" ","price":16.9},{"type":"B","date":"2018-04-20T02:34:55.000Z","volume":1000,"label":" ","price":16.88},{"type":"A","date":"2018-04-20T02:35:18.000Z","volume":1000,"label":" ","price":16.9},{"type":"B","date":"2018-04-20T02:35:33.000Z","volume":500,"label":" ","price":16.88},{"type":"B","date":"2018-04-20T02:35:33.000Z","volume":500,"label":" ","price":16.88},{"type":"A","date":"2018-04-20T02:35:48.000Z","volume":500,"label":" ","price":16.9},{"type":"A","date":"2018-04-20T02:35:48.000Z","volume":1000,"label":" ","price":16.9},{"type":"A","date":"2018-04-20T02:36:18.000Z","volume":500,"label":" ","price":16.9},{"type":"A","date":"2018-04-20T02:36:48.000Z","volume":500,"label":" ","price":16.9},{"type":"A","date":"2018-04-20T02:36:52.000Z","volume":500,"label":" ","price":16.9},{"type":"A","date":"2018-04-20T02:37:07.000Z","volume":500,"label":" ","price":16.9},{"type":"A","date":"2018-04-20T02:37:20.000Z","volume":500,"label":" ","price":16.9},{"type":"B","date":"2018-04-20T02:37:22.000Z","volume":1500,"label":" ","price":16.88},{"type":"B","date":"2018-04-20T02:38:06.000Z","volume":500,"label":" ","price":16.88},{"type":"A","date":"2018-04-20T02:38:49.000Z","volume":500,"label":" ","price":16.9},{"type":"B","date":"2018-04-20T02:39:06.000Z","volume":1500,"label":"Y","price":16.88},{"type":"B","date":"2018-04-20T02:39:06.000Z","volume":48500,"label":" ","price":16.88},{"type":"B","date":"2018-04-20T02:39:49.000Z","volume":1000,"label":"Y","price":16.88},{"type":"B","date":"2018-04-20T02:39:49.000Z","volume":23500,"label":" ","price":16.88},{"type":"B","date":"2018-04-20T02:40:07.000Z","volume":500,"label":" ","price":16.86},{"type":"B","date":"2018-04-20T02:40:33.000Z","volume":500,"label":" ","price":16.86},{"type":"B","date":"2018-04-20T02:40:33.000Z","volume":500,"label":" ","price":16.86},{"type":"B","date":"2018-04-20T02:40:33.000Z","volume":500,"label":" ","price":16.86},{"type":"B","date":"2018-04-20T02:40:33.000Z","volume":500,"label":" ","price":16.86},{"type":"B","date":"2018-04-20T02:41:12.000Z","volume":1500,"label":" ","price":16.86},{"type":"B","date":"2018-04-20T02:41:18.000Z","volume":500,"label":" ","price":16.86},{"type":"B","date":"2018-04-20T02:41:18.000Z","volume":8500,"label":" ","price":16.86},{"type":"B","date":"2018-04-20T02:42:04.000Z","volume":500,"label":" ","price":16.84},{"type":"A","date":"2018-04-20T02:42:12.000Z","volume":1000,"label":" ","price":16.86},{"type":"A","date":"2018-04-20T02:42:22.000Z","volume":500,"label":" ","price":16.86},{"type":"A","date":"2018-04-20T02:42:48.000Z","volume":500,"label":" ","price":16.86},{"type":"A","date":"2018-04-20T02:43:48.000Z","volume":500,"label":" ","price":16.86},{"type":"A","date":"2018-04-20T02:44:11.000Z","volume":2000,"label":" ","price":16.86},{"type":"B","date":"2018-04-20T02:44:12.000Z","volume":8500,"label":"Y","price":16.84},{"type":"B","date":"2018-04-20T02:44:12.000Z","volume":12500,"label":" ","price":16.84},{"type":"B","date":"2018-04-20T02:44:12.000Z","volume":2000,"label":" ","price":16.84},{"type":"A","date":"2018-04-20T02:44:30.000Z","volume":500,"label":" ","price":16.86},{"type":"B","date":"2018-04-20T02:45:04.000Z","volume":1500,"label":" ","price":16.82},{"type":"B","date":"2018-04-20T02:46:03.000Z","volume":500,"label":" ","price":16.84},{"type":"B","date":"2018-04-20T02:46:03.000Z","volume":500,"label":" ","price":16.84},{"type":"B","date":"2018-04-20T02:46:27.000Z","volume":500,"label":" ","price":16.84},{"type":"B","date":"2018-04-20T02:46:33.000Z","volume":18000,"label":" ","price":16.84},{"type":"A","date":"2018-04-20T02:46:36.000Z","volume":500,"label":" ","price":16.84},{"type":"A","date":"2018-04-20T02:47:11.000Z","volume":5000,"label":" ","price":16.84},{"type":"A","date":"2018-04-20T02:47:32.000Z","volume":10000,"label":" ","price":16.84},{"type":"A","date":"2018-04-20T02:47:50.000Z","volume":3500,"label":" ","price":16.84},{"type":"A","date":"2018-04-20T02:47:57.000Z","volume":3000,"label":" ","price":16.84},{"type":"A","date":"2018-04-20T02:48:20.000Z","volume":3500,"label":" ","price":16.84},{"type":"A","date":"2018-04-20T02:48:27.000Z","volume":5000,"label":" ","price":16.84},{"type":"A","date":"2018-04-20T02:48:30.000Z","volume":1500,"label":" ","price":16.84},{"type":"B","date":"2018-04-20T02:48:49.000Z","volume":50000,"label":"Y","price":16.82},{"type":"A","date":"2018-04-20T02:48:49.000Z","volume":1000,"label":" ","price":16.84},{"type":"B","date":"2018-04-20T02:49:01.000Z","volume":5000,"label":" ","price":16.82},{"type":"B","date":"2018-04-20T02:49:14.000Z","volume":1500,"label":" ","price":16.82},{"type":"A","date":"2018-04-20T02:50:00.000Z","volume":500,"label":" ","price":16.84},{"type":"A","date":"2018-04-20T02:50:18.000Z","volume":500,"label":" ","price":16.84},{"type":"A","date":"2018-04-20T02:50:24.000Z","volume":1500,"label":" ","price":16.84},{"type":"A","date":"2018-04-20T02:50:35.000Z","volume":500,"label":" ","price":16.84},{"type":"A","date":"2018-04-20T02:51:18.000Z","volume":1000,"label":" ","price":16.84},{"type":"A","date":"2018-04-20T02:52:43.000Z","volume":500,"label":" ","price":16.84},{"type":"B","date":"2018-04-20T02:53:49.000Z","volume":500,"label":" ","price":16.82},{"type":"A","date":"2018-04-20T02:53:49.000Z","volume":500,"label":" ","price":16.84},{"type":"B","date":"2018-04-20T02:53:59.000Z","volume":1000,"label":" ","price":16.82},{"type":"B","date":"2018-04-20T02:53:59.000Z","volume":2500,"label":" ","price":16.82},{"type":"B","date":"2018-04-20T02:53:59.000Z","volume":147500,"label":" ","price":16.82},{"type":"B","date":"2018-04-20T02:54:01.000Z","volume":9500,"label":" ","price":16.82},{"type":"B","date":"2018-04-20T02:54:03.000Z","volume":80000,"label":" ","price":16.8},{"type":"B","date":"2018-04-20T02:54:03.000Z","volume":1000,"label":" ","price":16.78},{"type":"B","date":"2018-04-20T02:54:54.000Z","volume":5000,"label":" ","price":16.78},{"type":"B","date":"2018-04-20T02:54:55.000Z","volume":1500,"label":" ","price":16.78},{"type":"B","date":"2018-04-20T02:55:32.000Z","volume":3000,"label":"Y","price":16.78},{"type":"B","date":"2018-04-20T02:56:17.000Z","volume":8500,"label":" ","price":16.8},{"type":"B","date":"2018-04-20T02:56:18.000Z","volume":500,"label":" ","price":16.8},{"type":"B","date":"2018-04-20T02:56:18.000Z","volume":500,"label":" ","price":16.8},{"type":"A","date":"2018-04-20T02:58:00.000Z","volume":20000,"label":" ","price":16.82},{"type":"B","date":"2018-04-20T02:58:07.000Z","volume":5000,"label":" ","price":16.8},{"type":"B","date":"2018-04-20T02:58:15.000Z","volume":500,"label":" ","price":16.8},{"type":"B","date":"2018-04-20T02:59:00.000Z","volume":10000,"label":"Y","price":16.8},{"type":"B","date":"2018-04-20T02:59:00.000Z","volume":6000,"label":" ","price":16.8},{"type":"B","date":"2018-04-20T02:59:43.000Z","volume":6500,"label":" ","price":16.8},{"type":"B","date":"2018-04-20T03:01:05.000Z","volume":1500,"label":" ","price":16.8},{"type":"A","date":"2018-04-20T03:01:17.000Z","volume":4500,"label":" ","price":16.82},{"type":"B","date":"2018-04-20T03:01:26.000Z","volume":3000,"label":" ","price":16.8},{"type":"A","date":"2018-04-20T03:01:26.000Z","volume":500,"label":" ","price":16.82},{"type":"A","date":"2018-04-20T03:01:48.000Z","volume":500,"label":" ","price":16.82},{"type":"A","date":"2018-04-20T03:02:18.000Z","volume":500,"label":" ","price":16.82},{"type":"A","date":"2018-04-20T03:03:52.000Z","volume":5500,"label":" ","price":16.82},{"type":"A","date":"2018-04-20T03:04:05.000Z","volume":500,"label":" ","price":16.82},{"type":"A","date":"2018-04-20T03:04:05.000Z","volume":500,"label":" ","price":16.82},{"type":"A","date":"2018-04-20T03:04:17.000Z","volume":500,"label":" ","price":16.82},{"type":"B","date":"2018-04-20T03:04:48.000Z","volume":500,"label":" ","price":16.8},{"type":"B","date":"2018-04-20T03:05:57.000Z","volume":1500,"label":" ","price":16.8},{"type":"B","date":"2018-04-20T03:06:21.000Z","volume":500,"label":" ","price":16.8},{"type":"A","date":"2018-04-20T03:06:33.000Z","volume":500,"label":" ","price":16.82},{"type":"B","date":"2018-04-20T03:07:24.000Z","volume":1000,"label":" ","price":16.8},{"type":"A","date":"2018-04-20T03:07:34.000Z","volume":500,"label":" ","price":16.82},{"type":"A","date":"2018-04-20T03:07:59.000Z","volume":500,"label":" ","price":16.82},{"type":"A","date":"2018-04-20T03:08:27.000Z","volume":500,"label":" ","price":16.82},{"type":"B","date":"2018-04-20T03:08:54.000Z","volume":30000,"label":" ","price":16.8},{"type":"A","date":"2018-04-20T03:08:54.000Z","volume":5000,"label":" ","price":16.82},{"type":"A","date":"2018-04-20T03:09:11.000Z","volume":1000,"label":" ","price":16.82},{"type":"A","date":"2018-04-20T03:09:27.000Z","volume":500,"label":" ","price":16.82},{"type":"B","date":"2018-04-20T03:09:43.000Z","volume":1000,"label":" ","price":16.8},{"type":"A","date":"2018-04-20T03:09:44.000Z","volume":1000,"label":" ","price":16.82},{"type":"A","date":"2018-04-20T03:10:01.000Z","volume":500,"label":" ","price":16.82},{"type":"A","date":"2018-04-20T03:10:28.000Z","volume":65000,"label":" ","price":16.82},{"type":"A","date":"2018-04-20T03:10:28.000Z","volume":6000,"label":" ","price":16.82},{"type":"A","date":"2018-04-20T03:10:28.000Z","volume":3000,"label":"Y","price":16.82},{"type":"A","date":"2018-04-20T03:10:28.000Z","volume":10000,"label":" ","price":16.82},{"type":"A","date":"2018-04-20T03:10:52.000Z","volume":7500,"label":"Y","price":16.84},{"type":"A","date":"2018-04-20T03:10:52.000Z","volume":9000,"label":" ","price":16.84},{"type":"A","date":"2018-04-20T03:10:52.000Z","volume":500,"label":" ","price":16.84},{"type":"A","date":"2018-04-20T03:10:52.000Z","volume":500,"label":" ","price":16.84},{"type":"A","date":"2018-04-20T03:11:02.000Z","volume":500,"label":" ","price":16.84},{"type":"A","date":"2018-04-20T03:11:02.000Z","volume":500,"label":" ","price":16.84},{"type":"A","date":"2018-04-20T03:11:03.000Z","volume":500,"label":" ","price":16.84},{"type":"A","date":"2018-04-20T03:12:00.000Z","volume":3000,"label":" ","price":16.84},{"type":"A","date":"2018-04-20T03:12:03.000Z","volume":500,"label":" ","price":16.84},{"type":"A","date":"2018-04-20T03:12:10.000Z","volume":1500,"label":" ","price":16.84},{"type":"A","date":"2018-04-20T03:12:10.000Z","volume":500,"label":" ","price":16.84},{"type":"A","date":"2018-04-20T03:12:10.000Z","volume":500,"label":" ","price":16.84},{"type":"A","date":"2018-04-20T03:12:22.000Z","volume":3000,"label":" ","price":16.84},{"type":"A","date":"2018-04-20T03:13:16.000Z","volume":2500,"label":" ","price":16.84},{"type":"A","date":"2018-04-20T03:13:37.000Z","volume":500,"label":" ","price":16.84},{"type":"A","date":"2018-04-20T03:14:07.000Z","volume":500,"label":" ","price":16.84},{"type":"A","date":"2018-04-20T03:14:20.000Z","volume":4000,"label":" ","price":16.84},{"type":"A","date":"2018-04-20T03:14:20.000Z","volume":500,"label":" ","price":16.84},{"type":"A","date":"2018-04-20T03:14:44.000Z","volume":500,"label":" ","price":16.84},{"type":"A","date":"2018-04-20T03:14:44.000Z","volume":1000,"label":" ","price":16.84},{"type":"A","date":"2018-04-20T03:14:52.000Z","volume":2500,"label":" ","price":16.84},{"type":"A","date":"2018-04-20T03:14:55.000Z","volume":500,"label":" ","price":16.84},{"type":"A","date":"2018-04-20T03:15:00.000Z","volume":500,"label":" ","price":16.84},{"type":"A","date":"2018-04-20T03:15:36.000Z","volume":17000,"label":" ","price":16.84},{"type":"B","date":"2018-04-20T03:16:01.000Z","volume":39500,"label":" ","price":16.84},{"type":"B","date":"2018-04-20T03:17:48.000Z","volume":500,"label":" ","price":16.84},{"type":"B","date":"2018-04-20T03:19:23.000Z","volume":500,"label":"Y","price":16.84},{"type":"B","date":"2018-04-20T03:19:23.000Z","volume":2500,"label":" ","price":16.84},{"type":"B","date":"2018-04-20T03:20:51.000Z","volume":2500,"label":" ","price":16.84},{"type":"A","date":"2018-04-20T03:22:54.000Z","volume":500,"label":" ","price":16.86},{"type":"A","date":"2018-04-20T03:23:17.000Z","volume":3000,"label":" ","price":16.86},{"type":"B","date":"2018-04-20T03:23:30.000Z","volume":12000,"label":"Y","price":16.84},{"type":"B","date":"2018-04-20T03:23:30.000Z","volume":2000,"label":" ","price":16.84},{"type":"A","date":"2018-04-20T03:24:03.000Z","volume":500,"label":" ","price":16.86},{"type":"B","date":"2018-04-20T03:24:44.000Z","volume":1000,"label":" ","price":16.84},{"type":"B","date":"2018-04-20T03:24:44.000Z","volume":500,"label":" ","price":16.84},{"type":"A","date":"2018-04-20T03:26:00.000Z","volume":500,"label":" ","price":16.86},{"type":"A","date":"2018-04-20T03:26:23.000Z","volume":500,"label":" ","price":16.86},{"type":"A","date":"2018-04-20T03:27:48.000Z","volume":500,"label":" ","price":16.86},{"type":"A","date":"2018-04-20T03:28:19.000Z","volume":500,"label":" ","price":16.86},{"type":"A","date":"2018-04-20T03:28:23.000Z","volume":2000,"label":" ","price":16.86},{"type":"B","date":"2018-04-20T03:29:24.000Z","volume":1500,"label":" ","price":16.84},{"type":"A","date":"2018-04-20T03:30:55.000Z","volume":500,"label":" ","price":16.86},{"type":"B","date":"2018-04-20T03:31:06.000Z","volume":500,"label":" ","price":16.84},{"type":"B","date":"2018-04-20T03:31:06.000Z","volume":1500,"label":" ","price":16.84},{"type":"A","date":"2018-04-20T03:31:12.000Z","volume":500,"label":" ","price":16.86},{"type":"A","date":"2018-04-20T03:31:24.000Z","volume":500,"label":" ","price":16.86},{"type":"A","date":"2018-04-20T03:32:18.000Z","volume":500,"label":" ","price":16.86},{"type":"B","date":"2018-04-20T03:32:26.000Z","volume":500,"label":" ","price":16.84},{"type":"B","date":"2018-04-20T03:32:54.000Z","volume":2500,"label":" ","price":16.84},{"type":"A","date":"2018-04-20T03:33:05.000Z","volume":500,"label":" ","price":16.86},{"type":"B","date":"2018-04-20T03:33:05.000Z","volume":500,"label":" ","price":16.84},{"type":"B","date":"2018-04-20T03:33:07.000Z","volume":500,"label":" ","price":16.84},{"type":"B","date":"2018-04-20T03:33:13.000Z","volume":500,"label":" ","price":16.84},{"type":"B","date":"2018-04-20T03:34:06.000Z","volume":500,"label":" ","price":16.84},{"type":"B","date":"2018-04-20T03:34:31.000Z","volume":1000,"label":" ","price":16.84},{"type":"A","date":"2018-04-20T03:34:35.000Z","volume":500,"label":" ","price":16.86},{"type":"A","date":"2018-04-20T03:35:05.000Z","volume":500,"label":" ","price":16.86},{"type":"B","date":"2018-04-20T03:35:17.000Z","volume":2500,"label":" ","price":16.84},{"type":"A","date":"2018-04-20T03:35:20.000Z","volume":500,"label":" ","price":16.86},{"type":"B","date":"2018-04-20T03:35:47.000Z","volume":500,"label":" ","price":16.84},{"type":"A","date":"2018-04-20T03:36:03.000Z","volume":500,"label":" ","price":16.86},{"type":"B","date":"2018-04-20T03:37:27.000Z","volume":500,"label":" ","price":16.84},{"type":"A","date":"2018-04-20T03:38:21.000Z","volume":500,"label":" ","price":16.86},{"type":"A","date":"2018-04-20T03:38:45.000Z","volume":500,"label":" ","price":16.86},{"type":"B","date":"2018-04-20T03:39:17.000Z","volume":500,"label":" ","price":16.84},{"type":"A","date":"2018-04-20T03:39:48.000Z","volume":500,"label":" ","price":16.86},{"type":"B","date":"2018-04-20T03:39:48.000Z","volume":15000,"label":" ","price":16.84},{"type":"B","date":"2018-04-20T03:40:03.000Z","volume":500,"label":" ","price":16.84},{"type":"A","date":"2018-04-20T03:40:08.000Z","volume":500,"label":" ","price":16.86},{"type":"B","date":"2018-04-20T03:40:47.000Z","volume":1000,"label":"Y","price":16.84},{"type":"B","date":"2018-04-20T03:40:47.000Z","volume":29000,"label":" ","price":16.84},{"type":"B","date":"2018-04-20T03:41:08.000Z","volume":500,"label":" ","price":16.84},{"type":"B","date":"2018-04-20T03:42:28.000Z","volume":5000,"label":" ","price":16.84},{"type":"B","date":"2018-04-20T03:42:59.000Z","volume":500,"label":" ","price":16.84},{"type":"A","date":"2018-04-20T03:44:03.000Z","volume":500,"label":" ","price":16.86},{"type":"B","date":"2018-04-20T03:44:18.000Z","volume":500,"label":" ","price":16.84},{"type":"B","date":"2018-04-20T03:44:59.000Z","volume":500,"label":" ","price":16.84},{"type":"B","date":"2018-04-20T03:45:57.000Z","volume":500,"label":" ","price":16.84},{"type":"B","date":"2018-04-20T03:47:00.000Z","volume":500,"label":" ","price":16.84},{"type":"B","date":"2018-04-20T03:47:18.000Z","volume":500,"label":" ","price":16.84},{"type":"B","date":"2018-04-20T03:48:26.000Z","volume":2500,"label":" ","price":16.84},{"type":"B","date":"2018-04-20T03:48:37.000Z","volume":5000,"label":" ","price":16.84},{"type":"B","date":"2018-04-20T03:49:10.000Z","volume":500,"label":" ","price":16.84},{"type":"B","date":"2018-04-20T03:50:13.000Z","volume":5000,"label":" ","price":16.84},{"type":"A","date":"2018-04-20T03:50:51.000Z","volume":500,"label":" ","price":16.86},{"type":"B","date":"2018-04-20T03:50:57.000Z","volume":3000,"label":" ","price":16.84},{"type":"B","date":"2018-04-20T03:51:20.000Z","volume":500,"label":" ","price":16.84},{"type":"A","date":"2018-04-20T03:51:21.000Z","volume":500,"label":" ","price":16.86},{"type":"B","date":"2018-04-20T03:52:18.000Z","volume":500,"label":" ","price":16.84},{"type":"B","date":"2018-04-20T03:53:30.000Z","volume":500,"label":" ","price":16.84},{"type":"B","date":"2018-04-20T03:54:47.000Z","volume":20000,"label":" ","price":16.84},{"type":"B","date":"2018-04-20T03:55:51.000Z","volume":500,"label":" ","price":16.84},{"type":"B","date":"2018-04-20T03:55:51.000Z","volume":500,"label":" ","price":16.84},{"type":"B","date":"2018-04-20T03:58:41.000Z","volume":500,"label":" ","price":16.84},{"type":"A","date":"2018-04-20T03:59:20.000Z","volume":500,"label":" ","price":16.86},{"type":"B","date":"2018-04-20T03:59:20.000Z","volume":2500,"label":"Y","price":16.84},{"type":"B","date":"2018-04-20T03:59:20.000Z","volume":1000,"label":" ","price":16.84},{"type":"B","date":"2018-04-20T05:00:00.000Z","volume":12000,"label":" ","price":16.84},{"type":"B","date":"2018-04-20T05:00:00.000Z","volume":20000,"label":" ","price":16.82},{"type":"A","date":"2018-04-20T05:00:02.000Z","volume":2500,"label":" ","price":16.84},{"type":"U","date":"2018-04-20T05:00:06.000Z","volume":1000,"label":"X","price":16.83},{"type":"A","date":"2018-04-20T05:00:26.000Z","volume":3000,"label":" ","price":16.84},{"type":"A","date":"2018-04-20T05:00:31.000Z","volume":1000,"label":" ","price":16.84},{"type":"B","date":"2018-04-20T05:01:12.000Z","volume":4000,"label":" ","price":16.82},{"type":"B","date":"2018-04-20T05:01:42.000Z","volume":500,"label":" ","price":16.82},{"type":"B","date":"2018-04-20T05:02:24.000Z","volume":3000,"label":" ","price":16.82},{"type":"B","date":"2018-04-20T05:02:35.000Z","volume":100000,"label":" ","price":16.82},{"type":"B","date":"2018-04-20T05:03:17.000Z","volume":500,"label":"Y","price":16.82},{"type":"B","date":"2018-04-20T05:03:17.000Z","volume":24000,"label":" ","price":16.82},{"type":"B","date":"2018-04-20T05:03:18.000Z","volume":6500,"label":" ","price":16.82},{"type":"A","date":"2018-04-20T05:03:36.000Z","volume":500,"label":"Y","price":16.82},{"type":"B","date":"2018-04-20T05:03:48.000Z","volume":500,"label":" ","price":16.8},{"type":"B","date":"2018-04-20T05:04:00.000Z","volume":200500,"label":" ","price":16.8},{"type":"B","date":"2018-04-20T05:04:00.000Z","volume":2000,"label":" ","price":16.8},{"type":"U","date":"2018-04-20T05:04:00.000Z","volume":1000,"label":" ","price":16.8},{"type":"B","date":"2018-04-20T05:05:01.000Z","volume":4000,"label":" ","price":16.8},{"type":"A","date":"2018-04-20T05:05:21.000Z","volume":500,"label":" ","price":16.82},{"type":"B","date":"2018-04-20T05:05:37.000Z","volume":14000,"label":" ","price":16.8},{"type":"A","date":"2018-04-20T05:07:09.000Z","volume":100000,"label":" ","price":16.82},{"type":"A","date":"2018-04-20T05:07:32.000Z","volume":500,"label":" ","price":16.82},{"type":"A","date":"2018-04-20T05:09:16.000Z","volume":2000,"label":" ","price":16.82},{"type":"B","date":"2018-04-20T05:09:41.000Z","volume":6000,"label":" ","price":16.8},{"type":"A","date":"2018-04-20T05:09:50.000Z","volume":1000,"label":" ","price":16.82},{"type":"B","date":"2018-04-20T05:09:50.000Z","volume":10000,"label":" ","price":16.8},{"type":"B","date":"2018-04-20T05:09:56.000Z","volume":3500,"label":" ","price":16.8},{"type":"B","date":"2018-04-20T05:09:56.000Z","volume":1500,"label":" ","price":16.8},{"type":"A","date":"2018-04-20T05:10:31.000Z","volume":500,"label":" ","price":16.82},{"type":"B","date":"2018-04-20T05:10:53.000Z","volume":23000,"label":" ","price":16.8},{"type":"B","date":"2018-04-20T05:10:56.000Z","volume":1000,"label":" ","price":16.8},{"type":"B","date":"2018-04-20T05:11:32.000Z","volume":4000,"label":" ","price":16.8},{"type":"B","date":"2018-04-20T05:11:32.000Z","volume":3500,"label":" ","price":16.8},{"type":"A","date":"2018-04-20T05:11:47.000Z","volume":500,"label":" ","price":16.82},{"type":"A","date":"2018-04-20T05:11:50.000Z","volume":500,"label":" ","price":16.82},{"type":"B","date":"2018-04-20T05:11:51.000Z","volume":9500,"label":" ","price":16.8},{"type":"B","date":"2018-04-20T05:11:51.000Z","volume":15000,"label":" ","price":16.8},{"type":"B","date":"2018-04-20T05:12:14.000Z","volume":1500,"label":" ","price":16.78},{"type":"B","date":"2018-04-20T05:12:20.000Z","volume":291000,"label":" ","price":16.78},{"type":"B","date":"2018-04-20T05:12:38.000Z","volume":21500,"label":" ","price":16.76},{"type":"B","date":"2018-04-20T05:12:39.000Z","volume":6000,"label":" ","price":16.74},{"type":"B","date":"2018-04-20T05:12:47.000Z","volume":500,"label":" ","price":16.74},{"type":"B","date":"2018-04-20T05:12:47.000Z","volume":500,"label":" ","price":16.74},{"type":"A","date":"2018-04-20T05:13:16.000Z","volume":4000,"label":" ","price":16.74},{"type":"A","date":"2018-04-20T05:13:28.000Z","volume":5000,"label":" ","price":16.74},{"type":"A","date":"2018-04-20T05:14:26.000Z","volume":1000,"label":" ","price":16.74},{"type":"B","date":"2018-04-20T05:14:34.000Z","volume":2500,"label":" ","price":16.72},{"type":"B","date":"2018-04-20T05:14:35.000Z","volume":500,"label":" ","price":16.72},{"type":"U","date":"2018-04-20T05:14:44.000Z","volume":3500,"label":"X","price":16.72},{"type":"B","date":"2018-04-20T05:14:44.000Z","volume":84500,"label":" ","price":16.72},{"type":"B","date":"2018-04-20T05:14:47.000Z","volume":500,"label":" ","price":16.72},{"type":"B","date":"2018-04-20T05:15:49.000Z","volume":500,"label":" ","price":16.72},{"type":"B","date":"2018-04-20T05:16:38.000Z","volume":2000,"label":" ","price":16.72},{"type":"B","date":"2018-04-20T05:16:45.000Z","volume":1500,"label":" ","price":16.72},{"type":"U","date":"2018-04-20T05:16:45.000Z","volume":500,"label":"X","price":16.72},{"type":"B","date":"2018-04-20T05:17:10.000Z","volume":1000,"label":" ","price":16.72},{"type":"A","date":"2018-04-20T05:17:12.000Z","volume":500,"label":" ","price":16.74},{"type":"A","date":"2018-04-20T05:18:25.000Z","volume":500,"label":" ","price":16.74},{"type":"U","date":"2018-04-20T05:18:27.000Z","volume":500,"label":"X","price":16.72},{"type":"A","date":"2018-04-20T05:18:39.000Z","volume":10000,"label":" ","price":16.74},{"type":"A","date":"2018-04-20T05:18:40.000Z","volume":1000,"label":" ","price":16.74},{"type":"U","date":"2018-04-20T05:18:42.000Z","volume":2500,"label":"X","price":16.72},{"type":"A","date":"2018-04-20T05:19:04.000Z","volume":1000,"label":" ","price":16.74},{"type":"B","date":"2018-04-20T05:19:40.000Z","volume":2000,"label":"Y","price":16.72},{"type":"B","date":"2018-04-20T05:19:40.000Z","volume":3000,"label":" ","price":16.72},{"type":"U","date":"2018-04-20T05:19:40.000Z","volume":500,"label":"X","price":16.72},{"type":"B","date":"2018-04-20T05:19:50.000Z","volume":3000,"label":" ","price":16.72},{"type":"U","date":"2018-04-20T05:19:50.000Z","volume":1000,"label":"X","price":16.72},{"type":"B","date":"2018-04-20T05:19:59.000Z","volume":2000,"label":"Y","price":16.72},{"type":"B","date":"2018-04-20T05:19:59.000Z","volume":20000,"label":" ","price":16.72},{"type":"B","date":"2018-04-20T05:20:01.000Z","volume":1000,"label":" ","price":16.7},{"type":"U","date":"2018-04-20T05:20:03.000Z","volume":3000,"label":"X","price":16.7},{"type":"B","date":"2018-04-20T05:20:03.000Z","volume":1000,"label":" ","price":16.7},{"type":"A","date":"2018-04-20T05:20:10.000Z","volume":2500,"label":" ","price":16.72},{"type":"A","date":"2018-04-20T05:20:15.000Z","volume":2500,"label":" ","price":16.72},{"type":"A","date":"2018-04-20T05:20:15.000Z","volume":500,"label":" ","price":16.72},{"type":"B","date":"2018-04-20T05:20:58.000Z","volume":23500,"label":" ","price":16.7},{"type":"B","date":"2018-04-20T05:20:58.000Z","volume":3000,"label":" ","price":16.7},{"type":"B","date":"2018-04-20T05:20:58.000Z","volume":4000,"label":" ","price":16.7},{"type":"B","date":"2018-04-20T05:21:00.000Z","volume":3500,"label":" ","price":16.7},{"type":"B","date":"2018-04-20T05:22:00.000Z","volume":16000,"label":" ","price":16.7},{"type":"U","date":"2018-04-20T05:22:00.000Z","volume":2000,"label":"X","price":16.7},{"type":"U","date":"2018-04-20T05:22:02.000Z","volume":1500,"label":"X","price":16.7},{"type":"B","date":"2018-04-20T05:22:07.000Z","volume":20000,"label":" ","price":16.7},{"type":"U","date":"2018-04-20T05:22:07.000Z","volume":4000,"label":"X","price":16.7},{"type":"B","date":"2018-04-20T05:23:07.000Z","volume":1500,"label":" ","price":16.7},{"type":"A","date":"2018-04-20T05:23:13.000Z","volume":10000,"label":" ","price":16.72},{"type":"A","date":"2018-04-20T05:23:31.000Z","volume":109000,"label":" ","price":16.72},{"type":"A","date":"2018-04-20T05:24:32.000Z","volume":500,"label":" ","price":16.74},{"type":"B","date":"2018-04-20T05:24:51.000Z","volume":9000,"label":" ","price":16.72},{"type":"B","date":"2018-04-20T05:24:59.000Z","volume":500,"label":" ","price":16.72},{"type":"A","date":"2018-04-20T05:25:05.000Z","volume":5000,"label":" ","price":16.74},{"type":"A","date":"2018-04-20T05:27:07.000Z","volume":3000,"label":" ","price":16.74},{"type":"U","date":"2018-04-20T05:27:34.000Z","volume":500,"label":"X","price":16.72},{"type":"A","date":"2018-04-20T05:27:57.000Z","volume":500,"label":" ","price":16.74},{"type":"A","date":"2018-04-20T05:28:42.000Z","volume":500,"label":" ","price":16.74},{"type":"A","date":"2018-04-20T05:28:47.000Z","volume":500,"label":" ","price":16.74},{"type":"U","date":"2018-04-20T05:28:52.000Z","volume":500,"label":"X","price":16.72},{"type":"A","date":"2018-04-20T05:29:10.000Z","volume":3000,"label":" ","price":16.74},{"type":"A","date":"2018-04-20T05:29:17.000Z","volume":40000,"label":" ","price":16.74},{"type":"A","date":"2018-04-20T05:29:17.000Z","volume":500,"label":" ","price":16.74},{"type":"A","date":"2018-04-20T05:29:17.000Z","volume":500,"label":"Y","price":16.74},{"type":"A","date":"2018-04-20T05:29:22.000Z","volume":5000,"label":" ","price":16.74},{"type":"B","date":"2018-04-20T05:30:59.000Z","volume":1500,"label":" ","price":16.74},{"type":"B","date":"2018-04-20T05:31:15.000Z","volume":500,"label":" ","price":16.74},{"type":"B","date":"2018-04-20T05:31:38.000Z","volume":5000,"label":" ","price":16.74},{"type":"B","date":"2018-04-20T05:31:59.000Z","volume":500,"label":" ","price":16.74},{"type":"B","date":"2018-04-20T05:31:59.000Z","volume":88500,"label":" ","price":16.74},{"type":"U","date":"2018-04-20T05:32:01.000Z","volume":500,"label":"X","price":16.72},{"type":"U","date":"2018-04-20T05:32:04.000Z","volume":500,"label":"X","price":16.72},{"type":"U","date":"2018-04-20T05:32:07.000Z","volume":7500,"label":"X","price":16.72},{"type":"B","date":"2018-04-20T05:32:07.000Z","volume":16000,"label":" ","price":16.72},{"type":"B","date":"2018-04-20T05:32:25.000Z","volume":5000,"label":" ","price":16.72},{"type":"U","date":"2018-04-20T05:33:39.000Z","volume":204,"label":"D","price":16.82},{"type":"A","date":"2018-04-20T05:33:55.000Z","volume":500,"label":" ","price":16.74},{"type":"A","date":"2018-04-20T05:34:03.000Z","volume":500,"label":"Y","price":16.74},{"type":"A","date":"2018-04-20T05:34:03.000Z","volume":500,"label":" ","price":16.74},{"type":"B","date":"2018-04-20T05:34:13.000Z","volume":500,"label":" ","price":16.72},{"type":"A","date":"2018-04-20T05:35:16.000Z","volume":25000,"label":" ","price":16.74},{"type":"A","date":"2018-04-20T05:35:50.000Z","volume":500,"label":" ","price":16.74},{"type":"B","date":"2018-04-20T05:36:08.000Z","volume":5000,"label":" ","price":16.72},{"type":"A","date":"2018-04-20T05:36:31.000Z","volume":500,"label":" ","price":16.74},{"type":"B","date":"2018-04-20T05:37:02.000Z","volume":1500,"label":" ","price":16.72},{"type":"B","date":"2018-04-20T05:37:35.000Z","volume":1500,"label":" ","price":16.72},{"type":"B","date":"2018-04-20T05:37:39.000Z","volume":6000,"label":" ","price":16.72},{"type":"A","date":"2018-04-20T05:38:02.000Z","volume":500,"label":" ","price":16.74},{"type":"A","date":"2018-04-20T05:38:48.000Z","volume":1000,"label":" ","price":16.74},{"type":"A","date":"2018-04-20T05:39:35.000Z","volume":500,"label":" ","price":16.74},{"type":"A","date":"2018-04-20T05:39:37.000Z","volume":500,"label":" ","price":16.74},{"type":"U","date":"2018-04-20T05:40:10.000Z","volume":500,"label":"X","price":16.72},{"type":"B","date":"2018-04-20T05:40:50.000Z","volume":1500,"label":" ","price":16.72},{"type":"U","date":"2018-04-20T05:40:52.000Z","volume":2500,"label":"X","price":16.72},{"type":"B","date":"2018-04-20T05:41:24.000Z","volume":1500,"label":" ","price":16.72},{"type":"A","date":"2018-04-20T05:41:39.000Z","volume":500,"label":" ","price":16.74},{"type":"A","date":"2018-04-20T05:41:45.000Z","volume":500,"label":" ","price":16.74},{"type":"A","date":"2018-04-20T05:41:47.000Z","volume":500,"label":" ","price":16.74},{"type":"A","date":"2018-04-20T05:42:13.000Z","volume":1000,"label":" ","price":16.74},{"type":"A","date":"2018-04-20T05:42:40.000Z","volume":500,"label":" ","price":16.74},{"type":"B","date":"2018-04-20T05:42:53.000Z","volume":500,"label":" ","price":16.72},{"type":"A","date":"2018-04-20T05:43:11.000Z","volume":500,"label":" ","price":16.74},{"type":"A","date":"2018-04-20T05:43:20.000Z","volume":500,"label":" ","price":16.74},{"type":"B","date":"2018-04-20T05:43:54.000Z","volume":15000,"label":" ","price":16.72},{"type":"U","date":"2018-04-20T05:43:55.000Z","volume":500,"label":"X","price":16.72},{"type":"A","date":"2018-04-20T05:44:00.000Z","volume":500,"label":" ","price":16.74},{"type":"B","date":"2018-04-20T05:44:07.000Z","volume":11000,"label":" ","price":16.72},{"type":"U","date":"2018-04-20T05:44:07.000Z","volume":6000,"label":"X","price":16.72},{"type":"B","date":"2018-04-20T05:44:07.000Z","volume":1000,"label":" ","price":16.72},{"type":"A","date":"2018-04-20T05:44:27.000Z","volume":500,"label":" ","price":16.74},{"type":"B","date":"2018-04-20T05:44:36.000Z","volume":500,"label":"Y","price":16.72},{"type":"B","date":"2018-04-20T05:44:36.000Z","volume":9000,"label":" ","price":16.72},{"type":"B","date":"2018-04-20T05:44:57.000Z","volume":9500,"label":"Y","price":16.72},{"type":"B","date":"2018-04-20T05:45:10.000Z","volume":5500,"label":"Y","price":16.72},{"type":"B","date":"2018-04-20T05:45:10.000Z","volume":54000,"label":" ","price":16.72},{"type":"A","date":"2018-04-20T05:45:10.000Z","volume":500,"label":" ","price":16.72},{"type":"B","date":"2018-04-20T05:45:13.000Z","volume":500,"label":" ","price":16.7},{"type":"B","date":"2018-04-20T05:45:15.000Z","volume":18000,"label":" ","price":16.7},{"type":"B","date":"2018-04-20T05:45:28.000Z","volume":500,"label":" ","price":16.7},{"type":"B","date":"2018-04-20T05:45:29.000Z","volume":112000,"label":" ","price":16.7},{"type":"B","date":"2018-04-20T05:45:29.000Z","volume":32500,"label":" ","price":16.68},{"type":"B","date":"2018-04-20T05:45:29.000Z","volume":54500,"label":" ","price":16.66},{"type":"B","date":"2018-04-20T05:45:29.000Z","volume":5000,"label":" ","price":16.64},{"type":"B","date":"2018-04-20T05:45:29.000Z","volume":11500,"label":" ","price":16.64},{"type":"B","date":"2018-04-20T05:45:30.000Z","volume":6000,"label":" ","price":16.62},{"type":"B","date":"2018-04-20T05:45:44.000Z","volume":1500,"label":" ","price":16.62},{"type":"A","date":"2018-04-20T05:46:33.000Z","volume":5000,"label":" ","price":16.68},{"type":"B","date":"2018-04-20T05:46:48.000Z","volume":1500,"label":" ","price":16.64},{"type":"B","date":"2018-04-20T05:47:00.000Z","volume":2500,"label":"Y","price":16.64},{"type":"B","date":"2018-04-20T05:47:00.000Z","volume":1000,"label":" ","price":16.64},{"type":"B","date":"2018-04-20T05:47:03.000Z","volume":500,"label":" ","price":16.64},{"type":"B","date":"2018-04-20T05:47:03.000Z","volume":500,"label":" ","price":16.64},{"type":"B","date":"2018-04-20T05:47:03.000Z","volume":500,"label":" ","price":16.64},{"type":"U","date":"2018-04-20T05:47:04.000Z","volume":3000,"label":" ","price":16.64},{"type":"U","date":"2018-04-20T05:47:04.000Z","volume":2000,"label":" ","price":16.64},{"type":"A","date":"2018-04-20T05:47:06.000Z","volume":1000,"label":" ","price":16.64},{"type":"A","date":"2018-04-20T05:47:17.000Z","volume":1000,"label":" ","price":16.64},{"type":"A","date":"2018-04-20T05:47:17.000Z","volume":500,"label":" ","price":16.64},{"type":"B","date":"2018-04-20T05:47:23.000Z","volume":2000,"label":" ","price":16.62},{"type":"A","date":"2018-04-20T05:47:27.000Z","volume":12500,"label":" ","price":16.64},{"type":"A","date":"2018-04-20T05:47:50.000Z","volume":87000,"label":" ","price":16.66},{"type":"A","date":"2018-04-20T05:48:19.000Z","volume":1000,"label":" ","price":16.66},{"type":"A","date":"2018-04-20T05:48:41.000Z","volume":1000,"label":" ","price":16.66},{"type":"A","date":"2018-04-20T05:48:49.000Z","volume":1500,"label":" ","price":16.66},{"type":"A","date":"2018-04-20T05:49:00.000Z","volume":500,"label":" ","price":16.66},{"type":"A","date":"2018-04-20T05:49:05.000Z","volume":3000,"label":"Y","price":16.66},{"type":"A","date":"2018-04-20T05:49:05.000Z","volume":500,"label":" ","price":16.66},{"type":"A","date":"2018-04-20T05:50:15.000Z","volume":10000,"label":" ","price":16.66},{"type":"A","date":"2018-04-20T05:50:17.000Z","volume":2000,"label":" ","price":16.66},{"type":"A","date":"2018-04-20T05:50:26.000Z","volume":16500,"label":" ","price":16.68},{"type":"A","date":"2018-04-20T05:50:51.000Z","volume":1000,"label":" ","price":16.68},{"type":"A","date":"2018-04-20T05:50:54.000Z","volume":4000,"label":" ","price":16.68},{"type":"A","date":"2018-04-20T05:50:56.000Z","volume":16500,"label":" ","price":16.7},{"type":"A","date":"2018-04-20T05:50:56.000Z","volume":500,"label":" ","price":16.72},{"type":"A","date":"2018-04-20T05:51:05.000Z","volume":1000,"label":" ","price":16.7},{"type":"A","date":"2018-04-20T05:51:10.000Z","volume":5000,"label":" ","price":16.7},{"type":"A","date":"2018-04-20T05:51:10.000Z","volume":1000,"label":" ","price":16.7},{"type":"A","date":"2018-04-20T05:51:17.000Z","volume":500,"label":" ","price":16.7},{"type":"A","date":"2018-04-20T05:51:18.000Z","volume":500,"label":" ","price":16.7},{"type":"A","date":"2018-04-20T05:51:27.000Z","volume":2500,"label":" ","price":16.7},{"type":"B","date":"2018-04-20T05:54:11.000Z","volume":2000,"label":" ","price":16.7},{"type":"A","date":"2018-04-20T05:54:32.000Z","volume":3000,"label":" ","price":16.72},{"type":"A","date":"2018-04-20T05:55:17.000Z","volume":500,"label":" ","price":16.72},{"type":"A","date":"2018-04-20T05:55:27.000Z","volume":2000,"label":" ","price":16.72},{"type":"A","date":"2018-04-20T05:55:59.000Z","volume":2500,"label":" ","price":16.72},{"type":"B","date":"2018-04-20T05:56:22.000Z","volume":500,"label":" ","price":16.7},{"type":"A","date":"2018-04-20T05:56:22.000Z","volume":500,"label":" ","price":16.72},{"type":"A","date":"2018-04-20T05:57:02.000Z","volume":500,"label":" ","price":16.72},{"type":"A","date":"2018-04-20T05:57:16.000Z","volume":500,"label":" ","price":16.72},{"type":"A","date":"2018-04-20T05:57:53.000Z","volume":500,"label":" ","price":16.72},{"type":"A","date":"2018-04-20T05:58:27.000Z","volume":500,"label":" ","price":16.72},{"type":"B","date":"2018-04-20T05:59:09.000Z","volume":500,"label":" ","price":16.7},{"type":"B","date":"2018-04-20T05:59:09.000Z","volume":1000,"label":" ","price":16.7},{"type":"B","date":"2018-04-20T05:59:10.000Z","volume":500,"label":" ","price":16.7},{"type":"A","date":"2018-04-20T05:59:25.000Z","volume":500,"label":" ","price":16.72},{"type":"A","date":"2018-04-20T06:00:03.000Z","volume":500,"label":" ","price":16.72},{"type":"A","date":"2018-04-20T06:00:45.000Z","volume":500,"label":" ","price":16.72},{"type":"A","date":"2018-04-20T06:00:52.000Z","volume":1000,"label":" ","price":16.72},{"type":"A","date":"2018-04-20T06:02:30.000Z","volume":500,"label":" ","price":16.72},{"type":"A","date":"2018-04-20T06:03:01.000Z","volume":500,"label":" ","price":16.72},{"type":"B","date":"2018-04-20T06:03:22.000Z","volume":55000,"label":" ","price":16.7},{"type":"B","date":"2018-04-20T06:03:24.000Z","volume":2500,"label":" ","price":16.7},{"type":"A","date":"2018-04-20T06:03:48.000Z","volume":500,"label":" ","price":16.72},{"type":"A","date":"2018-04-20T06:03:50.000Z","volume":8000,"label":"Y","price":16.72},{"type":"A","date":"2018-04-20T06:03:50.000Z","volume":22500,"label":" ","price":16.72},{"type":"B","date":"2018-04-20T06:03:50.000Z","volume":500,"label":" ","price":16.72},{"type":"A","date":"2018-04-20T06:04:30.000Z","volume":30000,"label":" ","price":16.74},{"type":"A","date":"2018-04-20T06:04:30.000Z","volume":1000,"label":" ","price":16.74},{"type":"B","date":"2018-04-20T06:04:30.000Z","volume":500,"label":" ","price":16.72},{"type":"A","date":"2018-04-20T06:04:30.000Z","volume":8500,"label":" ","price":16.76},{"type":"A","date":"2018-04-20T06:04:32.000Z","volume":500,"label":" ","price":16.74},{"type":"A","date":"2018-04-20T06:04:33.000Z","volume":500,"label":" ","price":16.74},{"type":"B","date":"2018-04-20T06:06:16.000Z","volume":27000,"label":" ","price":16.72},{"type":"B","date":"2018-04-20T06:06:16.000Z","volume":1000,"label":" ","price":16.72},{"type":"B","date":"2018-04-20T06:07:25.000Z","volume":10000,"label":" ","price":16.72},{"type":"B","date":"2018-04-20T06:07:25.000Z","volume":500,"label":" ","price":16.72},{"type":"B","date":"2018-04-20T06:08:16.000Z","volume":10000,"label":"Y","price":16.72},{"type":"B","date":"2018-04-20T06:08:16.000Z","volume":500,"label":" ","price":16.72},{"type":"A","date":"2018-04-20T06:08:16.000Z","volume":12000,"label":" ","price":16.74},{"type":"A","date":"2018-04-20T06:08:37.000Z","volume":5000,"label":" ","price":16.74},{"type":"B","date":"2018-04-20T06:08:37.000Z","volume":500,"label":" ","price":16.72},{"type":"B","date":"2018-04-20T06:09:14.000Z","volume":500,"label":" ","price":16.72},{"type":"B","date":"2018-04-20T06:09:40.000Z","volume":1500,"label":" ","price":16.72},{"type":"A","date":"2018-04-20T06:09:45.000Z","volume":500,"label":" ","price":16.74},{"type":"B","date":"2018-04-20T06:09:53.000Z","volume":8000,"label":"Y","price":16.72},{"type":"B","date":"2018-04-20T06:09:53.000Z","volume":500,"label":" ","price":16.72},{"type":"A","date":"2018-04-20T06:09:57.000Z","volume":4000,"label":"Y","price":16.74},{"type":"A","date":"2018-04-20T06:10:31.000Z","volume":30000,"label":" ","price":16.74},{"type":"B","date":"2018-04-20T06:10:31.000Z","volume":500,"label":" ","price":16.72},{"type":"A","date":"2018-04-20T06:10:31.000Z","volume":500,"label":" ","price":16.74},{"type":"A","date":"2018-04-20T06:10:31.000Z","volume":1000,"label":"Y","price":16.74},{"type":"A","date":"2018-04-20T06:10:31.000Z","volume":2500,"label":" ","price":16.74},{"type":"B","date":"2018-04-20T06:10:32.000Z","volume":1500,"label":" ","price":16.74},{"type":"B","date":"2018-04-20T06:10:38.000Z","volume":1500,"label":" ","price":16.74},{"type":"B","date":"2018-04-20T06:10:38.000Z","volume":500,"label":" ","price":16.72},{"type":"A","date":"2018-04-20T06:10:39.000Z","volume":3000,"label":" ","price":16.76},{"type":"A","date":"2018-04-20T06:11:16.000Z","volume":20000,"label":" ","price":16.76},{"type":"B","date":"2018-04-20T06:11:18.000Z","volume":500,"label":" ","price":16.72},{"type":"U","date":"2018-04-20T06:11:48.000Z","volume":500,"label":" ","price":16.74},{"type":"A","date":"2018-04-20T06:11:53.000Z","volume":500,"label":" ","price":16.76},{"type":"A","date":"2018-04-20T06:12:13.000Z","volume":500,"label":" ","price":16.76},{"type":"U","date":"2018-04-20T06:13:48.000Z","volume":500,"label":"X","price":16.75},{"type":"B","date":"2018-04-20T06:14:08.000Z","volume":50000,"label":" ","price":16.74},{"type":"B","date":"2018-04-20T06:14:08.000Z","volume":500,"label":" ","price":16.74},{"type":"B","date":"2018-04-20T06:14:10.000Z","volume":1500,"label":" ","price":16.74},{"type":"A","date":"2018-04-20T06:14:12.000Z","volume":2000,"label":" ","price":16.76},{"type":"B","date":"2018-04-20T06:14:12.000Z","volume":500,"label":" ","price":16.74},{"type":"A","date":"2018-04-20T06:14:35.000Z","volume":10000,"label":" ","price":16.76},{"type":"B","date":"2018-04-20T06:14:35.000Z","volume":500,"label":" ","price":16.74},{"type":"B","date":"2018-04-20T06:15:32.000Z","volume":6000,"label":" ","price":16.74},{"type":"B","date":"2018-04-20T06:15:37.000Z","volume":8000,"label":" ","price":16.74},{"type":"B","date":"2018-04-20T06:15:37.000Z","volume":500,"label":" ","price":16.74},{"type":"B","date":"2018-04-20T06:15:50.000Z","volume":2000,"label":" ","price":16.74},{"type":"B","date":"2018-04-20T06:16:11.000Z","volume":500,"label":" ","price":16.74},{"type":"B","date":"2018-04-20T06:16:11.000Z","volume":1000,"label":" ","price":16.74},{"type":"U","date":"2018-04-20T06:16:55.000Z","volume":500,"label":"X","price":16.75},{"type":"B","date":"2018-04-20T06:17:29.000Z","volume":2000,"label":" ","price":16.74},{"type":"B","date":"2018-04-20T06:17:41.000Z","volume":10000,"label":" ","price":16.74},{"type":"B","date":"2018-04-20T06:17:41.000Z","volume":500,"label":" ","price":16.74},{"type":"A","date":"2018-04-20T06:17:44.000Z","volume":500,"label":" ","price":16.76},{"type":"B","date":"2018-04-20T06:17:44.000Z","volume":17500,"label":"Y","price":16.74},{"type":"B","date":"2018-04-20T06:17:44.000Z","volume":500,"label":" ","price":16.74},{"type":"B","date":"2018-04-20T06:17:45.000Z","volume":1000,"label":" ","price":16.74},{"type":"A","date":"2018-04-20T06:18:18.000Z","volume":500,"label":" ","price":16.76},{"type":"B","date":"2018-04-20T06:18:27.000Z","volume":10000,"label":" ","price":16.74},{"type":"B","date":"2018-04-20T06:18:29.000Z","volume":500,"label":" ","price":16.74},{"type":"B","date":"2018-04-20T06:18:33.000Z","volume":500,"label":"Y","price":16.74},{"type":"B","date":"2018-04-20T06:18:33.000Z","volume":14500,"label":" ","price":16.74},{"type":"B","date":"2018-04-20T06:18:35.000Z","volume":500,"label":" ","price":16.72},{"type":"A","date":"2018-04-20T06:18:49.000Z","volume":13500,"label":" ","price":16.74},{"type":"B","date":"2018-04-20T06:18:51.000Z","volume":500,"label":" ","price":16.72},{"type":"B","date":"2018-04-20T06:18:55.000Z","volume":35500,"label":"Y","price":16.72},{"type":"B","date":"2018-04-20T06:18:55.000Z","volume":500,"label":" ","price":16.72},{"type":"B","date":"2018-04-20T06:18:55.000Z","volume":2500,"label":" ","price":16.72},{"type":"B","date":"2018-04-20T06:18:57.000Z","volume":1500,"label":" ","price":16.72},{"type":"B","date":"2018-04-20T06:19:44.000Z","volume":500,"label":" ","price":16.72},{"type":"B","date":"2018-04-20T06:19:44.000Z","volume":149500,"label":" ","price":16.72},{"type":"B","date":"2018-04-20T06:19:45.000Z","volume":7000,"label":" ","price":16.7},{"type":"A","date":"2018-04-20T06:20:56.000Z","volume":500,"label":" ","price":16.72},{"type":"B","date":"2018-04-20T06:20:56.000Z","volume":500,"label":" ","price":16.7},{"type":"A","date":"2018-04-20T06:21:00.000Z","volume":85500,"label":" ","price":16.72},{"type":"A","date":"2018-04-20T06:21:33.000Z","volume":500,"label":" ","price":16.74},{"type":"B","date":"2018-04-20T06:22:53.000Z","volume":20000,"label":" ","price":16.72},{"type":"B","date":"2018-04-20T06:22:53.000Z","volume":500,"label":" ","price":16.72},{"type":"B","date":"2018-04-20T06:22:55.000Z","volume":1500,"label":" ","price":16.72},{"type":"B","date":"2018-04-20T06:23:34.000Z","volume":20000,"label":" ","price":16.72},{"type":"B","date":"2018-04-20T06:23:34.000Z","volume":1000,"label":" ","price":16.72},{"type":"A","date":"2018-04-20T06:23:55.000Z","volume":500,"label":" ","price":16.74},{"type":"B","date":"2018-04-20T06:24:07.000Z","volume":13000,"label":" ","price":16.72},{"type":"B","date":"2018-04-20T06:24:07.000Z","volume":500,"label":" ","price":16.72},{"type":"B","date":"2018-04-20T06:24:20.000Z","volume":500,"label":" ","price":16.72},{"type":"B","date":"2018-04-20T06:24:30.000Z","volume":10000,"label":"Y","price":16.72},{"type":"B","date":"2018-04-20T06:24:30.000Z","volume":500,"label":" ","price":16.72},{"type":"A","date":"2018-04-20T06:26:11.000Z","volume":10000,"label":" ","price":16.74},{"type":"B","date":"2018-04-20T06:26:12.000Z","volume":2000,"label":" ","price":16.72},{"type":"B","date":"2018-04-20T06:26:13.000Z","volume":1000,"label":" ","price":16.72},{"type":"A","date":"2018-04-20T06:26:18.000Z","volume":500,"label":" ","price":16.74},{"type":"A","date":"2018-04-20T06:26:21.000Z","volume":500,"label":" ","price":16.74},{"type":"A","date":"2018-04-20T06:26:41.000Z","volume":500,"label":" ","price":16.74},{"type":"A","date":"2018-04-20T06:26:41.000Z","volume":15000,"label":" ","price":16.74},{"type":"B","date":"2018-04-20T06:26:41.000Z","volume":19500,"label":" ","price":16.74},{"type":"B","date":"2018-04-20T06:26:43.000Z","volume":1000,"label":" ","price":16.74},{"type":"A","date":"2018-04-20T06:28:33.000Z","volume":500,"label":" ","price":16.76},{"type":"B","date":"2018-04-20T06:28:37.000Z","volume":10000,"label":" ","price":16.74},{"type":"B","date":"2018-04-20T06:28:37.000Z","volume":500,"label":" ","price":16.74},{"type":"B","date":"2018-04-20T06:28:37.000Z","volume":44500,"label":" ","price":16.74},{"type":"B","date":"2018-04-20T06:28:37.000Z","volume":500,"label":" ","price":16.74},{"type":"B","date":"2018-04-20T06:28:39.000Z","volume":2000,"label":" ","price":16.74},{"type":"B","date":"2018-04-20T06:28:48.000Z","volume":500,"label":" ","price":16.74},{"type":"B","date":"2018-04-20T06:28:50.000Z","volume":1000,"label":" ","price":16.74},{"type":"B","date":"2018-04-20T06:29:04.000Z","volume":5500,"label":" ","price":16.74},{"type":"B","date":"2018-04-20T06:29:06.000Z","volume":500,"label":" ","price":16.72},{"type":"A","date":"2018-04-20T06:29:20.000Z","volume":32500,"label":" ","price":16.74},{"type":"B","date":"2018-04-20T06:30:56.000Z","volume":1500,"label":" ","price":16.74},{"type":"A","date":"2018-04-20T06:31:53.000Z","volume":500,"label":" ","price":16.76},{"type":"A","date":"2018-04-20T06:31:53.000Z","volume":500,"label":" ","price":16.76},{"type":"A","date":"2018-04-20T06:32:30.000Z","volume":3500,"label":" ","price":16.76},{"type":"A","date":"2018-04-20T06:33:03.000Z","volume":500,"label":" ","price":16.76},{"type":"A","date":"2018-04-20T06:33:35.000Z","volume":26500,"label":" ","price":16.76},{"type":"B","date":"2018-04-20T06:33:35.000Z","volume":500,"label":" ","price":16.76},{"type":"B","date":"2018-04-20T06:33:36.000Z","volume":500,"label":" ","price":16.76},{"type":"U","date":"2018-04-20T06:33:37.000Z","volume":4500,"label":"X","price":16.76},{"type":"A","date":"2018-04-20T06:33:51.000Z","volume":1000,"label":" ","price":16.78},{"type":"B","date":"2018-04-20T06:34:49.000Z","volume":2000,"label":" ","price":16.76},{"type":"A","date":"2018-04-20T06:35:08.000Z","volume":500,"label":" ","price":16.78},{"type":"A","date":"2018-04-20T06:35:37.000Z","volume":500,"label":" ","price":16.78},{"type":"B","date":"2018-04-20T06:36:16.000Z","volume":1500,"label":" ","price":16.76},{"type":"A","date":"2018-04-20T06:36:18.000Z","volume":500,"label":" ","price":16.78},{"type":"B","date":"2018-04-20T06:36:28.000Z","volume":22000,"label":" ","price":16.76},{"type":"B","date":"2018-04-20T06:36:28.000Z","volume":1000,"label":" ","price":16.76},{"type":"U","date":"2018-04-20T06:36:28.000Z","volume":4500,"label":"X","price":16.76},{"type":"B","date":"2018-04-20T06:36:28.000Z","volume":500,"label":" ","price":16.76},{"type":"B","date":"2018-04-20T06:36:28.000Z","volume":1500,"label":" ","price":16.76},{"type":"B","date":"2018-04-20T06:36:30.000Z","volume":500,"label":" ","price":16.76},{"type":"B","date":"2018-04-20T06:36:30.000Z","volume":500,"label":" ","price":16.76},{"type":"B","date":"2018-04-20T06:37:05.000Z","volume":2000,"label":" ","price":16.76},{"type":"B","date":"2018-04-20T06:37:31.000Z","volume":500,"label":" ","price":16.76},{"type":"A","date":"2018-04-20T06:37:53.000Z","volume":500,"label":" ","price":16.78},{"type":"A","date":"2018-04-20T06:37:54.000Z","volume":1000,"label":" ","price":16.78},{"type":"B","date":"2018-04-20T06:38:17.000Z","volume":30000,"label":" ","price":16.76},{"type":"B","date":"2018-04-20T06:38:17.000Z","volume":500,"label":" ","price":16.76},{"type":"B","date":"2018-04-20T06:38:19.000Z","volume":1500,"label":" ","price":16.76},{"type":"B","date":"2018-04-20T06:38:19.000Z","volume":7500,"label":" ","price":16.76},{"type":"B","date":"2018-04-20T06:38:21.000Z","volume":500,"label":" ","price":16.76},{"type":"B","date":"2018-04-20T06:39:04.000Z","volume":3000,"label":" ","price":16.76},{"type":"B","date":"2018-04-20T06:39:07.000Z","volume":500,"label":" ","price":16.76},{"type":"B","date":"2018-04-20T06:39:09.000Z","volume":500,"label":" ","price":16.76},{"type":"A","date":"2018-04-20T06:39:10.000Z","volume":500,"label":" ","price":16.78},{"type":"A","date":"2018-04-20T06:40:03.000Z","volume":500,"label":" ","price":16.78},{"type":"B","date":"2018-04-20T06:40:27.000Z","volume":1500,"label":" ","price":16.76},{"type":"B","date":"2018-04-20T06:40:27.000Z","volume":500,"label":" ","price":16.76},{"type":"B","date":"2018-04-20T06:40:31.000Z","volume":10000,"label":" ","price":16.76},{"type":"B","date":"2018-04-20T06:40:31.000Z","volume":500,"label":" ","price":16.76},{"type":"B","date":"2018-04-20T06:40:33.000Z","volume":500,"label":" ","price":16.76},{"type":"B","date":"2018-04-20T06:40:33.000Z","volume":500,"label":" ","price":16.76},{"type":"B","date":"2018-04-20T06:40:33.000Z","volume":2500,"label":" ","price":16.76},{"type":"B","date":"2018-04-20T06:40:35.000Z","volume":500,"label":" ","price":16.76},{"type":"A","date":"2018-04-20T06:40:41.000Z","volume":500,"label":" ","price":16.78},{"type":"A","date":"2018-04-20T06:41:21.000Z","volume":5000,"label":" ","price":16.78},{"type":"A","date":"2018-04-20T06:41:23.000Z","volume":10000,"label":"Y","price":16.78},{"type":"A","date":"2018-04-20T06:41:23.000Z","volume":79500,"label":" ","price":16.78},{"type":"B","date":"2018-04-20T06:41:23.000Z","volume":500,"label":" ","price":16.78},{"type":"A","date":"2018-04-20T06:41:45.000Z","volume":35000,"label":" ","price":16.8},{"type":"A","date":"2018-04-20T06:41:45.000Z","volume":4500,"label":" ","price":16.82},{"type":"A","date":"2018-04-20T06:41:45.000Z","volume":16000,"label":" ","price":16.82},{"type":"B","date":"2018-04-20T06:41:45.000Z","volume":2000,"label":" ","price":16.8},{"type":"B","date":"2018-04-20T06:41:45.000Z","volume":7000,"label":" ","price":16.8},{"type":"B","date":"2018-04-20T06:41:47.000Z","volume":500,"label":" ","price":16.8},{"type":"A","date":"2018-04-20T06:41:53.000Z","volume":500,"label":" ","price":16.84},{"type":"A","date":"2018-04-20T06:42:07.000Z","volume":1500,"label":" ","price":16.84},{"type":"B","date":"2018-04-20T06:42:08.000Z","volume":500,"label":" ","price":16.8},{"type":"B","date":"2018-04-20T06:42:08.000Z","volume":5000,"label":" ","price":16.8},{"type":"B","date":"2018-04-20T06:42:09.000Z","volume":500,"label":" ","price":16.8},{"type":"B","date":"2018-04-20T06:42:12.000Z","volume":53000,"label":" ","price":16.8},{"type":"U","date":"2018-04-20T06:42:12.000Z","volume":37000,"label":" ","price":16.8},{"type":"B","date":"2018-04-20T06:42:13.000Z","volume":2000,"label":" ","price":16.78},{"type":"B","date":"2018-04-20T06:42:13.000Z","volume":4000,"label":" ","price":16.78},{"type":"B","date":"2018-04-20T06:42:15.000Z","volume":23500,"label":" ","price":16.78},{"type":"B","date":"2018-04-20T06:42:15.000Z","volume":1500,"label":" ","price":16.78},{"type":"B","date":"2018-04-20T06:42:28.000Z","volume":21000,"label":" ","price":16.78},{"type":"B","date":"2018-04-20T06:42:30.000Z","volume":1000,"label":" ","price":16.78},{"type":"U","date":"2018-04-20T06:42:31.000Z","volume":500,"label":"X","price":16.78},{"type":"U","date":"2018-04-20T06:42:34.000Z","volume":5500,"label":"X","price":16.78},{"type":"B","date":"2018-04-20T06:42:40.000Z","volume":1500,"label":" ","price":16.78},{"type":"B","date":"2018-04-20T06:42:58.000Z","volume":9000,"label":" ","price":16.78},{"type":"A","date":"2018-04-20T06:42:58.000Z","volume":500,"label":" ","price":16.8},{"type":"B","date":"2018-04-20T06:42:59.000Z","volume":500,"label":" ","price":16.78},{"type":"B","date":"2018-04-20T06:43:00.000Z","volume":500,"label":" ","price":16.78},{"type":"U","date":"2018-04-20T06:43:01.000Z","volume":500,"label":"X","price":16.78},{"type":"B","date":"2018-04-20T06:43:02.000Z","volume":9000,"label":" ","price":16.78},{"type":"B","date":"2018-04-20T06:43:02.000Z","volume":500,"label":" ","price":16.76},{"type":"B","date":"2018-04-20T06:43:04.000Z","volume":22500,"label":" ","price":16.76},{"type":"B","date":"2018-04-20T06:43:06.000Z","volume":1000,"label":" ","price":16.76},{"type":"U","date":"2018-04-20T06:43:07.000Z","volume":2500,"label":"X","price":16.76},{"type":"U","date":"2018-04-20T06:43:13.000Z","volume":500,"label":"X","price":16.76},{"type":"B","date":"2018-04-20T06:43:13.000Z","volume":5000,"label":" ","price":16.76},{"type":"B","date":"2018-04-20T06:43:28.000Z","volume":1500,"label":" ","price":16.76},{"type":"B","date":"2018-04-20T06:43:53.000Z","volume":500,"label":" ","price":16.76},{"type":"B","date":"2018-04-20T06:43:58.000Z","volume":6000,"label":" ","price":16.76},{"type":"B","date":"2018-04-20T06:44:00.000Z","volume":500,"label":" ","price":16.76},{"type":"B","date":"2018-04-20T06:44:01.000Z","volume":500,"label":" ","price":16.76},{"type":"B","date":"2018-04-20T06:44:01.000Z","volume":4500,"label":" ","price":16.76},{"type":"B","date":"2018-04-20T06:44:04.000Z","volume":32500,"label":" ","price":16.74},{"type":"B","date":"2018-04-20T06:44:06.000Z","volume":1500,"label":" ","price":16.74},{"type":"B","date":"2018-04-20T06:44:28.000Z","volume":29500,"label":" ","price":16.74},{"type":"B","date":"2018-04-20T06:44:28.000Z","volume":1500,"label":" ","price":16.74},{"type":"A","date":"2018-04-20T06:44:40.000Z","volume":155000,"label":" ","price":16.76},{"type":"A","date":"2018-04-20T06:44:40.000Z","volume":4500,"label":" ","price":16.76},{"type":"U","date":"2018-04-20T06:44:42.000Z","volume":5500,"label":"X","price":16.76},{"type":"B","date":"2018-04-20T06:44:51.000Z","volume":500,"label":" ","price":16.76},{"type":"B","date":"2018-04-20T06:44:58.000Z","volume":6000,"label":" ","price":16.76},{"type":"U","date":"2018-04-20T06:45:01.000Z","volume":500,"label":"X","price":16.76},{"type":"B","date":"2018-04-20T06:45:04.000Z","volume":6000,"label":" ","price":16.76},{"type":"B","date":"2018-04-20T06:45:04.000Z","volume":3000,"label":" ","price":16.74},{"type":"B","date":"2018-04-20T06:45:16.000Z","volume":1000,"label":" ","price":16.76},{"type":"B","date":"2018-04-20T06:45:28.000Z","volume":1000,"label":" ","price":16.74},{"type":"B","date":"2018-04-20T06:45:58.000Z","volume":500,"label":" ","price":16.74},{"type":"B","date":"2018-04-20T06:45:58.000Z","volume":500,"label":" ","price":16.74},{"type":"B","date":"2018-04-20T06:45:58.000Z","volume":500,"label":" ","price":16.72},{"type":"B","date":"2018-04-20T06:46:28.000Z","volume":44500,"label":" ","price":16.72},{"type":"A","date":"2018-04-20T06:46:31.000Z","volume":1000,"label":" ","price":16.78},{"type":"B","date":"2018-04-20T06:46:58.000Z","volume":23000,"label":" ","price":16.72},{"type":"B","date":"2018-04-20T06:46:58.000Z","volume":500,"label":" ","price":16.74},{"type":"B","date":"2018-04-20T06:47:29.000Z","volume":3000,"label":" ","price":16.74},{"type":"B","date":"2018-04-20T06:47:38.000Z","volume":500,"label":" ","price":16.74},{"type":"A","date":"2018-04-20T06:47:39.000Z","volume":1000,"label":" ","price":16.76},{"type":"B","date":"2018-04-20T06:47:40.000Z","volume":2000,"label":" ","price":16.74},{"type":"B","date":"2018-04-20T06:47:58.000Z","volume":28000,"label":" ","price":16.72},{"type":"B","date":"2018-04-20T06:48:00.000Z","volume":1000,"label":" ","price":16.72},{"type":"B","date":"2018-04-20T06:48:01.000Z","volume":17000,"label":" ","price":16.72},{"type":"B","date":"2018-04-20T06:48:01.000Z","volume":10000,"label":" ","price":16.72},{"type":"B","date":"2018-04-20T06:48:02.000Z","volume":1000,"label":" ","price":16.7},{"type":"B","date":"2018-04-20T06:48:28.000Z","volume":100000,"label":" ","price":16.72},{"type":"B","date":"2018-04-20T06:48:30.000Z","volume":5000,"label":" ","price":16.72},{"type":"A","date":"2018-04-20T06:48:32.000Z","volume":500,"label":" ","price":16.74},{"type":"B","date":"2018-04-20T06:48:58.000Z","volume":99500,"label":" ","price":16.72},{"type":"B","date":"2018-04-20T06:48:58.000Z","volume":4500,"label":" ","price":16.72},{"type":"B","date":"2018-04-20T06:49:00.000Z","volume":67000,"label":" ","price":16.72},{"type":"B","date":"2018-04-20T06:49:00.000Z","volume":500,"label":" ","price":16.72},{"type":"B","date":"2018-04-20T06:49:00.000Z","volume":3000,"label":" ","price":16.72},{"type":"B","date":"2018-04-20T06:49:28.000Z","volume":56000,"label":" ","price":16.72},{"type":"B","date":"2018-04-20T06:49:29.000Z","volume":3000,"label":" ","price":16.72},{"type":"B","date":"2018-04-20T06:49:58.000Z","volume":41000,"label":" ","price":16.72},{"type":"B","date":"2018-04-20T06:49:58.000Z","volume":17000,"label":" ","price":16.72},{"type":"B","date":"2018-04-20T06:49:59.000Z","volume":2500,"label":" ","price":16.7},{"type":"A","date":"2018-04-20T06:50:05.000Z","volume":12000,"label":" ","price":16.72},{"type":"B","date":"2018-04-20T06:50:05.000Z","volume":500,"label":" ","price":16.7},{"type":"B","date":"2018-04-20T06:50:12.000Z","volume":1500,"label":" ","price":16.7},{"type":"A","date":"2018-04-20T06:50:21.000Z","volume":9500,"label":" ","price":16.72},{"type":"B","date":"2018-04-20T06:50:23.000Z","volume":500,"label":" ","price":16.7},{"type":"B","date":"2018-04-20T06:50:28.000Z","volume":80500,"label":" ","price":16.7},{"type":"B","date":"2018-04-20T06:50:28.000Z","volume":2000,"label":" ","price":16.7},{"type":"B","date":"2018-04-20T06:50:30.000Z","volume":2000,"label":" ","price":16.7},{"type":"B","date":"2018-04-20T06:50:58.000Z","volume":38500,"label":" ","price":16.7},{"type":"B","date":"2018-04-20T06:51:00.000Z","volume":1500,"label":" ","price":16.7},{"type":"B","date":"2018-04-20T06:51:28.000Z","volume":1500,"label":"Y","price":16.7},{"type":"B","date":"2018-04-20T06:51:28.000Z","volume":17000,"label":" ","price":16.7},{"type":"B","date":"2018-04-20T06:51:29.000Z","volume":1000,"label":" ","price":16.68},{"type":"B","date":"2018-04-20T06:51:58.000Z","volume":1000,"label":"Y","price":16.68},{"type":"B","date":"2018-04-20T06:51:58.000Z","volume":17000,"label":" ","price":16.68},{"type":"B","date":"2018-04-20T06:51:59.000Z","volume":1000,"label":" ","price":16.68},{"type":"B","date":"2018-04-20T06:52:13.000Z","volume":17500,"label":" ","price":16.68},{"type":"B","date":"2018-04-20T06:52:13.000Z","volume":1000,"label":" ","price":16.66},{"type":"A","date":"2018-04-20T06:52:13.000Z","volume":500,"label":" ","price":16.68},{"type":"B","date":"2018-04-20T06:52:28.000Z","volume":15000,"label":" ","price":16.66},{"type":"B","date":"2018-04-20T06:52:29.000Z","volume":500,"label":" ","price":16.66},{"type":"B","date":"2018-04-20T06:52:58.000Z","volume":7500,"label":" ","price":16.66},{"type":"B","date":"2018-04-20T06:52:58.000Z","volume":500,"label":" ","price":16.66},{"type":"B","date":"2018-04-20T06:53:03.000Z","volume":500,"label":" ","price":16.66},{"type":"B","date":"2018-04-20T06:53:29.000Z","volume":20500,"label":" ","price":16.66},{"type":"B","date":"2018-04-20T06:53:29.000Z","volume":1000,"label":" ","price":16.66},{"type":"A","date":"2018-04-20T06:53:53.000Z","volume":500,"label":" ","price":16.68},{"type":"B","date":"2018-04-20T06:53:54.000Z","volume":500,"label":" ","price":16.66},{"type":"B","date":"2018-04-20T06:53:59.000Z","volume":10000,"label":" ","price":16.66},{"type":"B","date":"2018-04-20T06:53:59.000Z","volume":500,"label":" ","price":16.66},{"type":"B","date":"2018-04-20T06:54:22.000Z","volume":1500,"label":" ","price":16.66},{"type":"B","date":"2018-04-20T06:54:29.000Z","volume":6000,"label":" ","price":16.66},{"type":"B","date":"2018-04-20T06:54:33.000Z","volume":500,"label":" ","price":16.66},{"type":"B","date":"2018-04-20T06:54:35.000Z","volume":500,"label":" ","price":16.66},{"type":"B","date":"2018-04-20T06:54:58.000Z","volume":27500,"label":" ","price":16.66},{"type":"B","date":"2018-04-20T06:55:01.000Z","volume":1000,"label":" ","price":16.66},{"type":"B","date":"2018-04-20T06:55:28.000Z","volume":16000,"label":" ","price":16.66},{"type":"A","date":"2018-04-20T06:55:30.000Z","volume":1500,"label":" ","price":16.68},{"type":"B","date":"2018-04-20T06:55:30.000Z","volume":1000,"label":" ","price":16.66},{"type":"B","date":"2018-04-20T06:55:58.000Z","volume":8000,"label":" ","price":16.66},{"type":"B","date":"2018-04-20T06:55:58.000Z","volume":500,"label":" ","price":16.66},{"type":"B","date":"2018-04-20T06:56:28.000Z","volume":6000,"label":" ","price":16.66},{"type":"B","date":"2018-04-20T06:56:29.000Z","volume":5500,"label":" ","price":16.66},{"type":"B","date":"2018-04-20T06:56:30.000Z","volume":500,"label":" ","price":16.64},{"type":"A","date":"2018-04-20T06:56:57.000Z","volume":500,"label":" ","price":16.68},{"type":"A","date":"2018-04-20T06:57:17.000Z","volume":5000,"label":" ","price":16.68},{"type":"A","date":"2018-04-20T06:57:17.000Z","volume":10500,"label":" ","price":16.68},{"type":"B","date":"2018-04-20T06:57:20.000Z","volume":6000,"label":" ","price":16.66},{"type":"A","date":"2018-04-20T06:57:20.000Z","volume":500,"label":" ","price":16.66},{"type":"B","date":"2018-04-20T06:57:21.000Z","volume":500,"label":" ","price":16.64},{"type":"B","date":"2018-04-20T06:57:28.000Z","volume":5500,"label":"Y","price":16.64},{"type":"B","date":"2018-04-20T06:57:28.000Z","volume":22000,"label":" ","price":16.64},{"type":"B","date":"2018-04-20T06:57:29.000Z","volume":1000,"label":" ","price":16.64},{"type":"A","date":"2018-04-20T06:57:54.000Z","volume":6500,"label":"Y","price":16.66},{"type":"B","date":"2018-04-20T06:57:54.000Z","volume":500,"label":" ","price":16.64},{"type":"B","date":"2018-04-20T06:57:58.000Z","volume":8000,"label":" ","price":16.64},{"type":"B","date":"2018-04-20T06:58:00.000Z","volume":500,"label":" ","price":16.64},{"type":"A","date":"2018-04-20T06:58:22.000Z","volume":9000,"label":" ","price":16.66},{"type":"B","date":"2018-04-20T06:58:28.000Z","volume":1500,"label":" ","price":16.66},{"type":"B","date":"2018-04-20T06:58:28.000Z","volume":500,"label":" ","price":16.66},{"type":"B","date":"2018-04-20T06:58:30.000Z","volume":1000,"label":" ","price":16.66},{"type":"B","date":"2018-04-20T06:58:30.000Z","volume":3000,"label":"Y","price":16.64},{"type":"B","date":"2018-04-20T06:58:30.000Z","volume":22500,"label":" ","price":16.64},{"type":"B","date":"2018-04-20T06:58:32.000Z","volume":1000,"label":" ","price":16.64},{"type":"B","date":"2018-04-20T06:58:58.000Z","volume":17500,"label":" ","price":16.64},{"type":"B","date":"2018-04-20T06:58:58.000Z","volume":1000,"label":" ","price":16.64},{"type":"B","date":"2018-04-20T06:59:29.000Z","volume":9500,"label":" ","price":16.64},{"type":"B","date":"2018-04-20T06:59:30.000Z","volume":500,"label":" ","price":16.64},{"type":"B","date":"2018-04-20T06:59:48.000Z","volume":500,"label":" ","price":16.66},{"type":"B","date":"2018-04-20T06:59:59.000Z","volume":500,"label":" ","price":16.66},{"type":"A","date":"2018-04-20T07:00:02.000Z","volume":2500,"label":" ","price":16.68},{"type":"B","date":"2018-04-20T07:00:29.000Z","volume":10500,"label":" ","price":16.66},{"type":"B","date":"2018-04-20T07:00:31.000Z","volume":500,"label":" ","price":16.66},{"type":"B","date":"2018-04-20T07:00:59.000Z","volume":8000,"label":" ","price":16.66},{"type":"B","date":"2018-04-20T07:01:00.000Z","volume":500,"label":" ","price":16.66},{"type":"B","date":"2018-04-20T07:01:29.000Z","volume":4000,"label":" ","price":16.66},{"type":"A","date":"2018-04-20T07:01:40.000Z","volume":500,"label":" ","price":16.68},{"type":"A","date":"2018-04-20T07:01:56.000Z","volume":3000,"label":" ","price":16.68},{"type":"B","date":"2018-04-20T07:01:59.000Z","volume":12500,"label":" ","price":16.66},{"type":"B","date":"2018-04-20T07:01:59.000Z","volume":500,"label":" ","price":16.66},{"type":"B","date":"2018-04-20T07:02:28.000Z","volume":6500,"label":" ","price":16.66},{"type":"A","date":"2018-04-20T07:02:34.000Z","volume":1500,"label":" ","price":16.68},{"type":"B","date":"2018-04-20T07:02:54.000Z","volume":1500,"label":" ","price":16.66},{"type":"A","date":"2018-04-20T07:02:57.000Z","volume":3000,"label":" ","price":16.68},{"type":"B","date":"2018-04-20T07:02:58.000Z","volume":500,"label":" ","price":16.66},{"type":"B","date":"2018-04-20T07:02:58.000Z","volume":3000,"label":" ","price":16.66},{"type":"B","date":"2018-04-20T07:03:28.000Z","volume":1500,"label":" ","price":16.66},{"type":"B","date":"2018-04-20T07:03:58.000Z","volume":5000,"label":" ","price":16.66},{"type":"B","date":"2018-04-20T07:04:00.000Z","volume":500,"label":" ","price":16.66},{"type":"B","date":"2018-04-20T07:04:28.000Z","volume":5500,"label":" ","price":16.66},{"type":"A","date":"2018-04-20T07:04:30.000Z","volume":500,"label":" ","price":16.68},{"type":"B","date":"2018-04-20T07:04:58.000Z","volume":3000,"label":" ","price":16.66},{"type":"B","date":"2018-04-20T07:05:28.000Z","volume":2500,"label":" ","price":16.66},{"type":"B","date":"2018-04-20T07:05:28.000Z","volume":500,"label":" ","price":16.66},{"type":"B","date":"2018-04-20T07:05:58.000Z","volume":500,"label":" ","price":16.66},{"type":"B","date":"2018-04-20T07:05:59.000Z","volume":500,"label":" ","price":16.66},{"type":"B","date":"2018-04-20T07:06:29.000Z","volume":1000,"label":" ","price":16.66},{"type":"B","date":"2018-04-20T07:07:14.000Z","volume":1500,"label":" ","price":16.66},{"type":"B","date":"2018-04-20T07:07:29.000Z","volume":1500,"label":" ","price":16.66},{"type":"B","date":"2018-04-20T07:07:59.000Z","volume":8000,"label":" ","price":16.66},{"type":"B","date":"2018-04-20T07:08:01.000Z","volume":5000,"label":" ","price":16.66},{"type":"B","date":"2018-04-20T07:08:01.000Z","volume":500,"label":" ","price":16.66},{"type":"B","date":"2018-04-20T07:08:29.000Z","volume":3000,"label":" ","price":16.66},{"type":"B","date":"2018-04-20T07:08:29.000Z","volume":500,"label":" ","price":16.66},{"type":"B","date":"2018-04-20T07:08:59.000Z","volume":1500,"label":" ","price":16.66},{"type":"B","date":"2018-04-20T07:09:29.000Z","volume":4000,"label":" ","price":16.66},{"type":"A","date":"2018-04-20T07:09:42.000Z","volume":500,"label":" ","price":16.68},{"type":"B","date":"2018-04-20T07:09:58.000Z","volume":12000,"label":" ","price":16.66},{"type":"B","date":"2018-04-20T07:09:59.000Z","volume":500,"label":" ","price":16.66},{"type":"B","date":"2018-04-20T07:10:28.000Z","volume":11000,"label":" ","price":16.66},{"type":"B","date":"2018-04-20T07:10:28.000Z","volume":500,"label":" ","price":16.66},{"type":"B","date":"2018-04-20T07:10:59.000Z","volume":5000,"label":" ","price":16.66},{"type":"B","date":"2018-04-20T07:11:01.000Z","volume":500,"label":" ","price":16.66},{"type":"B","date":"2018-04-20T07:11:03.000Z","volume":500,"label":" ","price":16.66},{"type":"B","date":"2018-04-20T07:11:25.000Z","volume":1000,"label":" ","price":16.66},{"type":"B","date":"2018-04-20T07:11:25.000Z","volume":500,"label":" ","price":16.64},{"type":"B","date":"2018-04-20T07:11:28.000Z","volume":2000,"label":"Y","price":16.64},{"type":"B","date":"2018-04-20T07:11:28.000Z","volume":21500,"label":" ","price":16.64},{"type":"B","date":"2018-04-20T07:11:29.000Z","volume":1000,"label":" ","price":16.64},{"type":"B","date":"2018-04-20T07:11:44.000Z","volume":10500,"label":" ","price":16.64},{"type":"B","date":"2018-04-20T07:11:45.000Z","volume":500,"label":" ","price":16.64},{"type":"A","date":"2018-04-20T07:11:45.000Z","volume":5000,"label":" ","price":16.66},{"type":"B","date":"2018-04-20T07:11:47.000Z","volume":500,"label":" ","price":16.64},{"type":"B","date":"2018-04-20T07:11:58.000Z","volume":6000,"label":" ","price":16.64},{"type":"B","date":"2018-04-20T07:12:29.000Z","volume":3500,"label":" ","price":16.64},{"type":"B","date":"2018-04-20T07:12:29.000Z","volume":500,"label":" ","price":16.64},{"type":"B","date":"2018-04-20T07:12:29.000Z","volume":2500,"label":" ","price":16.64},{"type":"B","date":"2018-04-20T07:12:59.000Z","volume":71500,"label":" ","price":16.62},{"type":"B","date":"2018-04-20T07:13:00.000Z","volume":3500,"label":" ","price":16.62},{"type":"B","date":"2018-04-20T07:13:00.000Z","volume":500,"label":" ","price":16.64},{"type":"B","date":"2018-04-20T07:13:29.000Z","volume":23000,"label":" ","price":16.64},{"type":"A","date":"2018-04-20T07:13:31.000Z","volume":500,"label":" ","price":16.66},{"type":"B","date":"2018-04-20T07:13:31.000Z","volume":1000,"label":" ","price":16.64},{"type":"B","date":"2018-04-20T07:13:59.000Z","volume":11500,"label":" ","price":16.64},{"type":"B","date":"2018-04-20T07:13:59.000Z","volume":500,"label":" ","price":16.64},{"type":"B","date":"2018-04-20T07:14:26.000Z","volume":7000,"label":" ","price":16.64},{"type":"B","date":"2018-04-20T07:14:26.000Z","volume":500,"label":" ","price":16.64},{"type":"B","date":"2018-04-20T07:14:28.000Z","volume":500,"label":" ","price":16.64},{"type":"B","date":"2018-04-20T07:14:29.000Z","volume":500,"label":" ","price":16.64},{"type":"A","date":"2018-04-20T07:14:30.000Z","volume":9000,"label":" ","price":16.64},{"type":"B","date":"2018-04-20T07:14:30.000Z","volume":500,"label":" ","price":16.64},{"type":"B","date":"2018-04-20T07:14:59.000Z","volume":13500,"label":" ","price":16.64},{"type":"B","date":"2018-04-20T07:14:59.000Z","volume":500,"label":" ","price":16.64},{"type":"U","date":"2018-04-20T07:15:06.000Z","volume":240,"label":"D","price":16.56},{"type":"A","date":"2018-04-20T07:15:12.000Z","volume":500,"label":" ","price":16.66},{"type":"A","date":"2018-04-20T07:15:15.000Z","volume":2000,"label":" ","price":16.66},{"type":"B","date":"2018-04-20T07:15:29.000Z","volume":7500,"label":" ","price":16.64},{"type":"B","date":"2018-04-20T07:15:29.000Z","volume":500,"label":" ","price":16.64},{"type":"A","date":"2018-04-20T07:15:29.000Z","volume":500,"label":" ","price":16.66},{"type":"B","date":"2018-04-20T07:15:36.000Z","volume":1500,"label":" ","price":16.64},{"type":"B","date":"2018-04-20T07:15:59.000Z","volume":27000,"label":" ","price":16.64},{"type":"B","date":"2018-04-20T07:16:00.000Z","volume":500,"label":" ","price":16.64},{"type":"B","date":"2018-04-20T07:16:01.000Z","volume":1500,"label":" ","price":16.64},{"type":"B","date":"2018-04-20T07:16:29.000Z","volume":19500,"label":" ","price":16.64},{"type":"B","date":"2018-04-20T07:16:29.000Z","volume":500,"label":" ","price":16.64},{"type":"B","date":"2018-04-20T07:16:59.000Z","volume":9500,"label":" ","price":16.64},{"type":"B","date":"2018-04-20T07:16:59.000Z","volume":500,"label":" ","price":16.64},{"type":"B","date":"2018-04-20T07:17:03.000Z","volume":500,"label":" ","price":16.64},{"type":"B","date":"2018-04-20T07:17:28.000Z","volume":4000,"label":" ","price":16.64},{"type":"B","date":"2018-04-20T07:17:30.000Z","volume":500,"label":" ","price":16.64},{"type":"B","date":"2018-04-20T07:17:37.000Z","volume":500,"label":" ","price":16.64},{"type":"B","date":"2018-04-20T07:17:59.000Z","volume":5500,"label":" ","price":16.64},{"type":"B","date":"2018-04-20T07:18:13.000Z","volume":2000,"label":" ","price":16.64},{"type":"A","date":"2018-04-20T07:18:24.000Z","volume":1000,"label":" ","price":16.66},{"type":"B","date":"2018-04-20T07:18:24.000Z","volume":500,"label":" ","price":16.64},{"type":"B","date":"2018-04-20T07:18:28.000Z","volume":5500,"label":" ","price":16.64},{"type":"B","date":"2018-04-20T07:18:44.000Z","volume":2000,"label":" ","price":16.64},{"type":"B","date":"2018-04-20T07:18:45.000Z","volume":500,"label":" ","price":16.64},{"type":"A","date":"2018-04-20T07:18:45.000Z","volume":2000,"label":"Y","price":16.66},{"type":"B","date":"2018-04-20T07:18:46.000Z","volume":500,"label":" ","price":16.64},{"type":"B","date":"2018-04-20T07:18:58.000Z","volume":1500,"label":" ","price":16.64},{"type":"B","date":"2018-04-20T07:19:17.000Z","volume":2000,"label":" ","price":16.64},{"type":"B","date":"2018-04-20T07:19:29.000Z","volume":2500,"label":" ","price":16.64},{"type":"B","date":"2018-04-20T07:19:46.000Z","volume":1500,"label":" ","price":16.64},{"type":"B","date":"2018-04-20T07:19:48.000Z","volume":500,"label":" ","price":16.64},{"type":"A","date":"2018-04-20T07:19:51.000Z","volume":10000,"label":" ","price":16.66},{"type":"B","date":"2018-04-20T07:19:59.000Z","volume":4500,"label":" ","price":16.64},{"type":"B","date":"2018-04-20T07:20:22.000Z","volume":500,"label":"Y","price":16.64},{"type":"B","date":"2018-04-20T07:20:24.000Z","volume":500,"label":" ","price":16.64},{"type":"B","date":"2018-04-20T07:20:29.000Z","volume":500,"label":" ","price":16.64},{"type":"A","date":"2018-04-20T07:20:46.000Z","volume":500,"label":" ","price":16.66},{"type":"B","date":"2018-04-20T07:20:59.000Z","volume":20000,"label":" ","price":16.64},{"type":"B","date":"2018-04-20T07:21:00.000Z","volume":1000,"label":" ","price":16.64},{"type":"B","date":"2018-04-20T07:21:24.000Z","volume":4000,"label":" ","price":16.64},{"type":"B","date":"2018-04-20T07:21:29.000Z","volume":17000,"label":" ","price":16.64},{"type":"B","date":"2018-04-20T07:21:29.000Z","volume":500,"label":" ","price":16.64},{"type":"B","date":"2018-04-20T07:21:31.000Z","volume":500,"label":" ","price":16.64},{"type":"B","date":"2018-04-20T07:21:59.000Z","volume":25500,"label":" ","price":16.64},{"type":"B","date":"2018-04-20T07:21:59.000Z","volume":1000,"label":" ","price":16.64},{"type":"B","date":"2018-04-20T07:22:29.000Z","volume":12000,"label":" ","price":16.64},{"type":"B","date":"2018-04-20T07:22:29.000Z","volume":500,"label":" ","price":16.64},{"type":"B","date":"2018-04-20T07:22:37.000Z","volume":21500,"label":" ","price":16.64},{"type":"B","date":"2018-04-20T07:22:37.000Z","volume":1000,"label":" ","price":16.62},{"type":"A","date":"2018-04-20T07:22:43.000Z","volume":10000,"label":" ","price":16.64},{"type":"B","date":"2018-04-20T07:22:45.000Z","volume":500,"label":" ","price":16.62},{"type":"A","date":"2018-04-20T07:22:56.000Z","volume":10000,"label":" ","price":16.64},{"type":"B","date":"2018-04-20T07:22:56.000Z","volume":500,"label":" ","price":16.62},{"type":"A","date":"2018-04-20T07:23:18.000Z","volume":85500,"label":" ","price":16.64},{"type":"A","date":"2018-04-20T07:23:30.000Z","volume":500,"label":"Y","price":16.66},{"type":"A","date":"2018-04-20T07:23:30.000Z","volume":8000,"label":" ","price":16.66},{"type":"B","date":"2018-04-20T07:24:07.000Z","volume":1000,"label":" ","price":16.62},{"type":"B","date":"2018-04-20T07:24:07.000Z","volume":1500,"label":" ","price":16.62},{"type":"U","date":"2018-04-20T07:24:18.000Z","volume":500,"label":"X","price":16.65},{"type":"B","date":"2018-04-20T07:25:07.000Z","volume":500,"label":" ","price":16.64},{"type":"A","date":"2018-04-20T07:25:42.000Z","volume":2000,"label":" ","price":16.66},{"type":"A","date":"2018-04-20T07:26:14.000Z","volume":13500,"label":" ","price":16.66},{"type":"B","date":"2018-04-20T07:26:15.000Z","volume":500,"label":" ","price":16.64},{"type":"A","date":"2018-04-20T07:26:52.000Z","volume":16000,"label":" ","price":16.68},{"type":"A","date":"2018-04-20T07:26:52.000Z","volume":35000,"label":" ","price":16.7},{"type":"A","date":"2018-04-20T07:26:52.000Z","volume":6000,"label":" ","price":16.72},{"type":"A","date":"2018-04-20T07:26:52.000Z","volume":10000,"label":" ","price":16.74},{"type":"A","date":"2018-04-20T07:26:52.000Z","volume":20000,"label":" ","price":16.76},{"type":"A","date":"2018-04-20T07:26:52.000Z","volume":113000,"label":" ","price":16.78},{"type":"U","date":"2018-04-20T07:26:52.000Z","volume":6500,"label":" ","price":16.68},{"type":"U","date":"2018-04-20T07:26:52.000Z","volume":1000,"label":" ","price":16.68},{"type":"B","date":"2018-04-20T07:26:54.000Z","volume":6500,"label":" ","price":16.66},{"type":"B","date":"2018-04-20T07:26:56.000Z","volume":1000,"label":" ","price":16.64},{"type":"B","date":"2018-04-20T07:27:00.000Z","volume":500,"label":" ","price":16.64},{"type":"A","date":"2018-04-20T07:27:28.000Z","volume":25000,"label":" ","price":16.7},{"type":"B","date":"2018-04-20T07:27:29.000Z","volume":1000,"label":" ","price":16.66},{"type":"A","date":"2018-04-20T07:28:29.000Z","volume":1000,"label":" ","price":16.7},{"type":"A","date":"2018-04-20T07:28:38.000Z","volume":500,"label":" ","price":16.7},{"type":"A","date":"2018-04-20T07:29:03.000Z","volume":500,"label":" ","price":16.7},{"type":"A","date":"2018-04-20T07:29:19.000Z","volume":3000,"label":" ","price":16.7},{"type":"A","date":"2018-04-20T07:29:59.000Z","volume":500,"label":" ","price":16.7},{"type":"A","date":"2018-04-20T07:30:02.000Z","volume":500,"label":" ","price":16.7},{"type":"A","date":"2018-04-20T07:30:02.000Z","volume":500,"label":" ","price":16.7},{"type":"B","date":"2018-04-20T07:30:03.000Z","volume":500,"label":" ","price":16.68},{"type":"A","date":"2018-04-20T07:30:09.000Z","volume":10000,"label":" ","price":16.7},{"type":"A","date":"2018-04-20T07:30:09.000Z","volume":500,"label":" ","price":16.7},{"type":"B","date":"2018-04-20T07:30:18.000Z","volume":500,"label":" ","price":16.68},{"type":"A","date":"2018-04-20T07:30:18.000Z","volume":3000,"label":" ","price":16.7},{"type":"A","date":"2018-04-20T07:30:18.000Z","volume":500,"label":"Y","price":16.7},{"type":"A","date":"2018-04-20T07:30:23.000Z","volume":5000,"label":" ","price":16.7},{"type":"A","date":"2018-04-20T07:30:31.000Z","volume":4500,"label":" ","price":16.7},{"type":"B","date":"2018-04-20T07:30:33.000Z","volume":500,"label":"Y","price":16.7},{"type":"A","date":"2018-04-20T07:30:46.000Z","volume":5500,"label":" ","price":16.72}