[{"type":"A","date":"2018-03-16T07:56:20.000Z","volume":50000,"price":3.38,"category":"ubbull"},{"type":"A","date":"2018-03-16T07:50:56.000Z","volume":24000,"price":3.39,"category":"ubbull"},{"type":"A","date":"2018-03-16T07:50:56.000Z","volume":18000,"price":3.37,"category":"ubbull"},{"type":"A","date":"2018-03-16T07:50:38.000Z","volume":60000,"price":3.37,"category":"ubbull"},{"type":"A","date":"2018-03-16T07:50:33.000Z","volume":84000,"price":3.37,"category":"ubbull"},{"type":"A","date":"2018-03-16T07:50:33.000Z","volume":40000,"price":3.37,"category":"ubbull"},{"type":"A","date":"2018-03-16T07:37:38.000Z","volume":32000,"price":3.38,"category":"ubbull"},{"type":"A","date":"2018-03-16T07:37:00.000Z","volume":200000,"price":3.38,"category":"ubbull"},{"type":"A","date":"2018-03-16T06:55:14.000Z","volume":20000,"price":3.38,"category":"ubbull"},{"type":"A","date":"2018-03-16T06:47:57.000Z","volume":20000,"price":3.38,"category":"ubbull"},{"type":"A","date":"2018-03-16T06:24:37.000Z","volume":18000,"price":3.39,"category":"ubbull"},{"type":"A","date":"2018-03-16T06:20:32.000Z","volume":16000,"price":3.39,"category":"ubbull"},{"type":"A","date":"2018-03-16T06:13:55.000Z","volume":20000,"price":3.39,"category":"ubbull"},{"type":"A","date":"2018-03-16T05:23:23.000Z","volume":30000,"price":3.4,"category":"ubbull"},{"type":"A","date":"2018-03-16T05:19:32.000Z","volume":42000,"price":3.4,"category":"ubbull"},{"type":"A","date":"2018-03-16T05:19:32.000Z","volume":36000,"price":3.39,"category":"ubbull"},{"type":"A","date":"2018-03-16T05:19:18.000Z","volume":22000,"price":3.39,"category":"ubbull"},{"type":"A","date":"2018-03-16T05:19:13.000Z","volume":32000,"price":3.39,"category":"ubbull"},{"type":"A","date":"2018-03-16T05:19:13.000Z","volume":30000,"price":3.39,"category":"ubbull"},{"type":"A","date":"2018-03-16T05:19:13.000Z","volume":80000,"price":3.39,"category":"ubbull"},{"type":"A","date":"2018-03-16T05:19:09.000Z","volume":34000,"price":3.39,"category":"ubbull"},{"type":"A","date":"2018-03-16T05:05:13.000Z","volume":20000,"price":3.38,"category":"ubbull"},{"type":"A","date":"2018-03-16T05:04:26.000Z","volume":18000,"price":3.38,"category":"ubbull"},{"type":"A","date":"2018-03-16T05:04:11.000Z","volume":24000,"price":3.38,"category":"ubbull"},{"type":"A","date":"2018-03-16T05:03:29.000Z","volume":20000,"price":3.38,"category":"ubbull"},{"type":"A","date":"2018-03-16T03:58:34.000Z","volume":18000,"price":3.38,"category":"ubbull"},{"type":"A","date":"2018-03-16T03:30:24.000Z","volume":22000,"price":3.39,"category":"ubbull"},{"type":"A","date":"2018-03-16T03:29:55.000Z","volume":30000,"price":3.39,"category":"ubbull"},{"type":"A","date":"2018-03-16T03:00:50.000Z","volume":16000,"price":3.38,"category":"ubbull"},{"type":"A","date":"2018-03-16T02:52:51.000Z","volume":18000,"price":3.38,"category":"ubbull"},{"type":"A","date":"2018-03-16T02:33:01.000Z","volume":24000,"price":3.39,"category":"ubbull"},{"type":"A","date":"2018-03-16T02:16:02.000Z","volume":46000,"price":3.38,"category":"ubbull"},{"type":"A","date":"2018-03-16T02:16:02.000Z","volume":22000,"price":3.38,"category":"ubbull"},{"type":"A","date":"2018-03-16T02:13:34.000Z","volume":100000,"price":3.39,"category":"ubbull"},{"type":"A","date":"2018-03-16T01:59:35.000Z","volume":20000,"price":3.39,"category":"ubbull"},{"type":"A","date":"2018-03-16T01:58:27.000Z","volume":16000,"price":3.39,"category":"ubbull"},{"type":"A","date":"2018-03-16T01:58:27.000Z","volume":68000,"price":3.39,"category":"ubbull"},{"type":"A","date":"2018-03-16T01:57:55.000Z","volume":64000,"price":3.39,"category":"ubbull"},{"type":"A","date":"2018-03-16T01:57:55.000Z","volume":70000,"price":3.39,"category":"ubbull"},{"type":"A","date":"2018-03-16T01:53:38.000Z","volume":24000,"price":3.41,"category":"ubbull"},{"type":"A","date":"2018-03-16T01:53:25.000Z","volume":140000,"price":3.41,"category":"ubbull"},{"type":"A","date":"2018-03-16T01:49:43.000Z","volume":100000,"price":3.39,"category":"ubbull"},{"type":"A","date":"2018-03-16T01:48:21.000Z","volume":22000,"price":3.39,"category":"ubbull"},{"type":"A","date":"2018-03-16T01:47:34.000Z","volume":200000,"price":3.4,"category":"ubbull"},{"type":"A","date":"2018-03-16T01:45:43.000Z","volume":50000,"price":3.38,"category":"ubbull"},{"type":"A","date":"2018-03-16T01:35:38.000Z","volume":34000,"price":3.38,"category":"ubbull"},{"type":"A","date":"2018-03-16T07:58:56.000Z","volume":14000,"price":3.39,"category":"bbull"},{"type":"A","date":"2018-03-16T07:58:50.000Z","volume":6000,"price":3.39,"category":"bbull"},{"type":"A","date":"2018-03-16T07:58:38.000Z","volume":6000,"price":3.39,"category":"bbull"},{"type":"A","date":"2018-03-16T07:51:43.000Z","volume":6000,"price":3.39,"category":"bbull"},{"type":"A","date":"2018-03-16T07:50:33.000Z","volume":8000,"price":3.37,"category":"bbull"},{"type":"A","date":"2018-03-16T07:39:17.000Z","volume":8000,"price":3.38,"category":"bbull"},{"type":"A","date":"2018-03-16T07:25:26.000Z","volume":8000,"price":3.38,"category":"bbull"},{"type":"A","date":"2018-03-16T06:15:42.000Z","volume":12000,"price":3.39,"category":"bbull"},{"type":"A","date":"2018-03-16T06:13:19.000Z","volume":6000,"price":3.39,"category":"bbull"},{"type":"A","date":"2018-03-16T06:05:09.000Z","volume":12000,"price":3.39,"category":"bbull"},{"type":"A","date":"2018-03-16T05:59:00.000Z","volume":10000,"price":3.4,"category":"bbull"},{"type":"A","date":"2018-03-16T05:50:31.000Z","volume":14000,"price":3.4,"category":"bbull"},{"type":"A","date":"2018-03-16T05:05:12.000Z","volume":8000,"price":3.38,"category":"bbull"},{"type":"A","date":"2018-03-16T05:05:12.000Z","volume":14000,"price":3.38,"category":"bbull"},{"type":"A","date":"2018-03-16T05:00:02.000Z","volume":6000,"price":3.38,"category":"bbull"},{"type":"A","date":"2018-03-16T03:33:22.000Z","volume":8000,"price":3.38,"category":"bbull"},{"type":"A","date":"2018-03-16T03:11:19.000Z","volume":10000,"price":3.39,"category":"bbull"},{"type":"A","date":"2018-03-16T03:08:18.000Z","volume":6000,"price":3.38,"category":"bbull"},{"type":"A","date":"2018-03-16T03:00:50.000Z","volume":10000,"price":3.38,"category":"bbull"},{"type":"A","date":"2018-03-16T03:00:15.000Z","volume":6000,"price":3.38,"category":"bbull"},{"type":"A","date":"2018-03-16T02:55:20.000Z","volume":8000,"price":3.38,"category":"bbull"},{"type":"A","date":"2018-03-16T02:50:22.000Z","volume":14000,"price":3.37,"category":"bbull"},{"type":"A","date":"2018-03-16T02:49:55.000Z","volume":10000,"price":3.37,"category":"bbull"},{"type":"A","date":"2018-03-16T02:49:28.000Z","volume":8000,"price":3.37,"category":"bbull"},{"type":"A","date":"2018-03-16T02:47:47.000Z","volume":6000,"price":3.38,"category":"bbull"},{"type":"A","date":"2018-03-16T02:13:34.000Z","volume":12000,"price":3.39,"category":"bbull"},{"type":"A","date":"2018-03-16T02:01:55.000Z","volume":10000,"price":3.39,"category":"bbull"},{"type":"A","date":"2018-03-16T02:00:24.000Z","volume":10000,"price":3.39,"category":"bbull"},{"type":"A","date":"2018-03-16T01:53:38.000Z","volume":6000,"price":3.41,"category":"bbull"},{"type":"A","date":"2018-03-16T01:53:28.000Z","volume":12000,"price":3.41,"category":"bbull"},{"type":"A","date":"2018-03-16T01:53:25.000Z","volume":10000,"price":3.41,"category":"bbull"},{"type":"A","date":"2018-03-16T01:51:22.000Z","volume":6000,"price":3.4,"category":"bbull"},{"type":"A","date":"2018-03-16T01:47:17.000Z","volume":14000,"price":3.39,"category":"bbull"},{"type":"A","date":"2018-03-16T01:45:45.000Z","volume":8000,"price":3.38,"category":"bbull"},{"type":"A","date":"2018-03-16T01:45:43.000Z","volume":12000,"price":3.38,"category":"bbull"},{"type":"A","date":"2018-03-16T07:59:35.000Z","volume":2000,"price":3.39,"category":"rbull"},{"type":"A","date":"2018-03-16T07:58:08.000Z","volume":2000,"price":3.39,"category":"rbull"},{"type":"A","date":"2018-03-16T07:55:18.000Z","volume":2000,"price":3.38,"category":"rbull"},{"type":"A","date":"2018-03-16T07:50:39.000Z","volume":2000,"price":3.37,"category":"rbull"},{"type":"A","date":"2018-03-16T07:50:33.000Z","volume":2000,"price":3.37,"category":"rbull"},{"type":"A","date":"2018-03-16T07:48:12.000Z","volume":2000,"price":3.37,"category":"rbull"},{"type":"A","date":"2018-03-16T07:47:11.000Z","volume":2000,"price":3.38,"category":"rbull"},{"type":"A","date":"2018-03-16T07:46:21.000Z","volume":2000,"price":3.38,"category":"rbull"},{"type":"A","date":"2018-03-16T07:45:21.000Z","volume":2000,"price":3.38,"category":"rbull"},{"type":"A","date":"2018-03-16T07:44:10.000Z","volume":2000,"price":3.38,"category":"rbull"},{"type":"A","date":"2018-03-16T07:43:39.000Z","volume":2000,"price":3.38,"category":"rbull"},{"type":"A","date":"2018-03-16T07:37:53.000Z","volume":2000,"price":3.38,"category":"rbull"},{"type":"A","date":"2018-03-16T07:34:50.000Z","volume":2000,"price":3.38,"category":"rbull"},{"type":"A","date":"2018-03-16T07:29:18.000Z","volume":2000,"price":3.38,"category":"rbull"},{"type":"A","date":"2018-03-16T07:25:22.000Z","volume":2000,"price":3.38,"category":"rbull"},{"type":"A","date":"2018-03-16T07:20:19.000Z","volume":2000,"price":3.38,"category":"rbull"},{"type":"A","date":"2018-03-16T07:19:06.000Z","volume":2000,"price":3.38,"category":"rbull"},{"type":"A","date":"2018-03-16T07:14:39.000Z","volume":2000,"price":3.38,"category":"rbull"},{"type":"A","date":"2018-03-16T07:12:48.000Z","volume":2000,"price":3.38,"category":"rbull"},{"type":"A","date":"2018-03-16T07:09:42.000Z","volume":2000,"price":3.38,"category":"rbull"},{"type":"A","date":"2018-03-16T07:05:24.000Z","volume":2000,"price":3.38,"category":"rbull"},{"type":"A","date":"2018-03-16T07:05:11.000Z","volume":2000,"price":3.38,"category":"rbull"},{"type":"A","date":"2018-03-16T06:58:04.000Z","volume":2000,"price":3.38,"category":"rbull"},{"type":"A","date":"2018-03-16T06:55:22.000Z","volume":2000,"price":3.38,"category":"rbull"},{"type":"A","date":"2018-03-16T06:54:23.000Z","volume":2000,"price":3.38,"category":"rbull"},{"type":"A","date":"2018-03-16T06:48:09.000Z","volume":2000,"price":3.38,"category":"rbull"},{"type":"A","date":"2018-03-16T06:47:22.000Z","volume":2000,"price":3.38,"category":"rbull"},{"type":"A","date":"2018-03-16T06:47:22.000Z","volume":2000,"price":3.38,"category":"rbull"},{"type":"A","date":"2018-03-16T06:38:12.000Z","volume":2000,"price":3.39,"category":"rbull"},{"type":"A","date":"2018-03-16T06:36:03.000Z","volume":2000,"price":3.39,"category":"rbull"},{"type":"A","date":"2018-03-16T06:35:19.000Z","volume":2000,"price":3.39,"category":"rbull"},{"type":"A","date":"2018-03-16T06:28:08.000Z","volume":2000,"price":3.39,"category":"rbull"},{"type":"A","date":"2018-03-16T06:25:31.000Z","volume":2000,"price":3.39,"category":"rbull"},{"type":"A","date":"2018-03-16T06:25:18.000Z","volume":2000,"price":3.39,"category":"rbull"},{"type":"A","date":"2018-03-16T06:21:08.000Z","volume":2000,"price":3.39,"category":"rbull"},{"type":"A","date":"2018-03-16T06:14:54.000Z","volume":2000,"price":3.39,"category":"rbull"},{"type":"A","date":"2018-03-16T06:14:38.000Z","volume":2000,"price":3.39,"category":"rbull"},{"type":"A","date":"2018-03-16T06:14:07.000Z","volume":2000,"price":3.39,"category":"rbull"},{"type":"A","date":"2018-03-16T06:13:58.000Z","volume":2000,"price":3.39,"category":"rbull"},{"type":"A","date":"2018-03-16T06:03:37.000Z","volume":2000,"price":3.39,"category":"rbull"},{"type":"A","date":"2018-03-16T06:03:37.000Z","volume":2000,"price":3.39,"category":"rbull"},{"type":"A","date":"2018-03-16T06:03:34.000Z","volume":2000,"price":3.39,"category":"rbull"},{"type":"A","date":"2018-03-16T06:03:32.000Z","volume":2000,"price":3.39,"category":"rbull"},{"type":"A","date":"2018-03-16T05:58:26.000Z","volume":2000,"price":3.4,"category":"rbull"},{"type":"A","date":"2018-03-16T05:55:17.000Z","volume":2000,"price":3.4,"category":"rbull"},{"type":"A","date":"2018-03-16T05:45:23.000Z","volume":2000,"price":3.4,"category":"rbull"},{"type":"A","date":"2018-03-16T05:44:28.000Z","volume":2000,"price":3.4,"category":"rbull"},{"type":"A","date":"2018-03-16T05:40:19.000Z","volume":2000,"price":3.4,"category":"rbull"},{"type":"A","date":"2018-03-16T05:30:57.000Z","volume":2000,"price":3.4,"category":"rbull"},{"type":"A","date":"2018-03-16T05:30:24.000Z","volume":2000,"price":3.4,"category":"rbull"},{"type":"A","date":"2018-03-16T05:23:23.000Z","volume":2000,"price":3.4,"category":"rbull"},{"type":"A","date":"2018-03-16T05:20:18.000Z","volume":2000,"price":3.4,"category":"rbull"},{"type":"A","date":"2018-03-16T05:19:57.000Z","volume":2000,"price":3.4,"category":"rbull"},{"type":"A","date":"2018-03-16T05:19:32.000Z","volume":2000,"price":3.39,"category":"rbull"},{"type":"A","date":"2018-03-16T05:19:16.000Z","volume":2000,"price":3.39,"category":"rbull"},{"type":"A","date":"2018-03-16T05:19:13.000Z","volume":2000,"price":3.39,"category":"rbull"},{"type":"A","date":"2018-03-16T05:19:13.000Z","volume":2000,"price":3.39,"category":"rbull"},{"type":"A","date":"2018-03-16T05:11:12.000Z","volume":2000,"price":3.39,"category":"rbull"},{"type":"A","date":"2018-03-16T05:10:22.000Z","volume":2000,"price":3.39,"category":"rbull"},{"type":"A","date":"2018-03-16T05:05:21.000Z","volume":2000,"price":3.39,"category":"rbull"},{"type":"A","date":"2018-03-16T05:05:14.000Z","volume":2000,"price":3.39,"category":"rbull"},{"type":"A","date":"2018-03-16T05:04:05.000Z","volume":2000,"price":3.38,"category":"rbull"},{"type":"A","date":"2018-03-16T05:03:30.000Z","volume":2000,"price":3.38,"category":"rbull"},{"type":"A","date":"2018-03-16T05:03:29.000Z","volume":2000,"price":3.38,"category":"rbull"},{"type":"A","date":"2018-03-16T05:00:00.000Z","volume":2000,"price":3.38,"category":"rbull"},{"type":"A","date":"2018-03-16T03:57:24.000Z","volume":2000,"price":3.38,"category":"rbull"},{"type":"A","date":"2018-03-16T03:41:10.000Z","volume":2000,"price":3.38,"category":"rbull"},{"type":"A","date":"2018-03-16T03:40:12.000Z","volume":2000,"price":3.38,"category":"rbull"},{"type":"A","date":"2018-03-16T03:39:14.000Z","volume":2000,"price":3.38,"category":"rbull"},{"type":"A","date":"2018-03-16T03:33:22.000Z","volume":2000,"price":3.38,"category":"rbull"},{"type":"A","date":"2018-03-16T03:23:36.000Z","volume":2000,"price":3.39,"category":"rbull"},{"type":"A","date":"2018-03-16T03:20:16.000Z","volume":2000,"price":3.39,"category":"rbull"},{"type":"A","date":"2018-03-16T03:10:34.000Z","volume":2000,"price":3.39,"category":"rbull"},{"type":"A","date":"2018-03-16T03:08:18.000Z","volume":2000,"price":3.38,"category":"rbull"},{"type":"A","date":"2018-03-16T03:05:19.000Z","volume":2000,"price":3.39,"category":"rbull"},{"type":"A","date":"2018-03-16T03:00:52.000Z","volume":2000,"price":3.39,"category":"rbull"},{"type":"A","date":"2018-03-16T03:00:15.000Z","volume":2000,"price":3.38,"category":"rbull"},{"type":"A","date":"2018-03-16T03:00:14.000Z","volume":2000,"price":3.38,"category":"rbull"},{"type":"A","date":"2018-03-16T02:55:20.000Z","volume":2000,"price":3.38,"category":"rbull"},{"type":"A","date":"2018-03-16T02:52:55.000Z","volume":2000,"price":3.38,"category":"rbull"},{"type":"A","date":"2018-03-16T02:50:22.000Z","volume":2000,"price":3.37,"category":"rbull"},{"type":"A","date":"2018-03-16T02:50:19.000Z","volume":2000,"price":3.37,"category":"rbull"},{"type":"A","date":"2018-03-16T02:50:02.000Z","volume":2000,"price":3.37,"category":"rbull"},{"type":"A","date":"2018-03-16T02:47:47.000Z","volume":2000,"price":3.38,"category":"rbull"},{"type":"A","date":"2018-03-16T02:40:14.000Z","volume":2000,"price":3.39,"category":"rbull"},{"type":"A","date":"2018-03-16T02:35:10.000Z","volume":2000,"price":3.39,"category":"rbull"},{"type":"A","date":"2018-03-16T02:34:43.000Z","volume":2000,"price":3.39,"category":"rbull"},{"type":"A","date":"2018-03-16T02:20:14.000Z","volume":2000,"price":3.39,"category":"rbull"},{"type":"A","date":"2018-03-16T02:16:30.000Z","volume":2000,"price":3.39,"category":"rbull"},{"type":"A","date":"2018-03-16T02:16:02.000Z","volume":2000,"price":3.38,"category":"rbull"},{"type":"A","date":"2018-03-16T02:15:18.000Z","volume":2000,"price":3.38,"category":"rbull"},{"type":"A","date":"2018-03-16T02:13:34.000Z","volume":2000,"price":3.39,"category":"rbull"},{"type":"A","date":"2018-03-16T02:11:34.000Z","volume":2000,"price":3.39,"category":"rbull"},{"type":"A","date":"2018-03-16T02:06:12.000Z","volume":2000,"price":3.39,"category":"rbull"},{"type":"A","date":"2018-03-16T02:00:50.000Z","volume":2000,"price":3.39,"category":"rbull"},{"type":"A","date":"2018-03-16T01:53:30.000Z","volume":2000,"price":3.41,"category":"rbull"},{"type":"A","date":"2018-03-16T01:51:42.000Z","volume":2000,"price":3.41,"category":"rbull"},{"type":"A","date":"2018-03-16T01:51:22.000Z","volume":2000,"price":3.4,"category":"rbull"},{"type":"A","date":"2018-03-16T01:47:46.000Z","volume":2000,"price":3.4,"category":"rbull"},{"type":"A","date":"2018-03-16T01:46:32.000Z","volume":2000,"price":3.39,"category":"rbull"},{"type":"A","date":"2018-03-16T01:38:09.000Z","volume":2000,"price":3.38,"category":"rbull"},{"type":"A","date":"2018-03-16T01:30:00.000Z","volume":2000,"price":3.39,"category":"rbull"},{"type":"B","date":"2018-03-16T07:59:25.000Z","volume":2000,"price":3.38,"category":"rbear"},{"type":"B","date":"2018-03-16T07:59:25.000Z","volume":2000,"price":3.38,"category":"rbear"},{"type":"B","date":"2018-03-16T07:59:25.000Z","volume":2000,"price":3.38,"category":"rbear"},{"type":"B","date":"2018-03-16T07:59:21.000Z","volume":2000,"price":3.38,"category":"rbear"},{"type":"B","date":"2018-03-16T07:59:02.000Z","volume":2000,"price":3.38,"category":"rbear"},{"type":"B","date":"2018-03-16T07:58:50.000Z","volume":2000,"price":3.38,"category":"rbear"},{"type":"B","date":"2018-03-16T07:58:50.000Z","volume":2000,"price":3.38,"category":"rbear"},{"type":"B","date":"2018-03-16T07:57:41.000Z","volume":2000,"price":3.38,"category":"rbear"},{"type":"B","date":"2018-03-16T07:56:21.000Z","volume":2000,"price":3.38,"category":"rbear"},{"type":"B","date":"2018-03-16T07:53:28.000Z","volume":2000,"price":3.38,"category":"rbear"},{"type":"B","date":"2018-03-16T07:53:11.000Z","volume":2000,"price":3.38,"category":"rbear"},{"type":"B","date":"2018-03-16T07:53:11.000Z","volume":2000,"price":3.38,"category":"rbear"},{"type":"B","date":"2018-03-16T07:49:14.000Z","volume":2000,"price":3.36,"category":"rbear"},{"type":"B","date":"2018-03-16T07:48:12.000Z","volume":2000,"price":3.37,"category":"rbear"},{"type":"B","date":"2018-03-16T07:44:56.000Z","volume":2000,"price":3.37,"category":"rbear"},{"type":"B","date":"2018-03-16T07:43:17.000Z","volume":2000,"price":3.37,"category":"rbear"},{"type":"B","date":"2018-03-16T07:43:17.000Z","volume":2000,"price":3.37,"category":"rbear"},{"type":"B","date":"2018-03-16T07:43:17.000Z","volume":2000,"price":3.37,"category":"rbear"},{"type":"B","date":"2018-03-16T07:43:17.000Z","volume":2000,"price":3.37,"category":"rbear"},{"type":"B","date":"2018-03-16T07:42:35.000Z","volume":2000,"price":3.37,"category":"rbear"},{"type":"B","date":"2018-03-16T07:39:10.000Z","volume":2000,"price":3.37,"category":"rbear"},{"type":"B","date":"2018-03-16T07:35:17.000Z","volume":2000,"price":3.37,"category":"rbear"},{"type":"B","date":"2018-03-16T07:34:10.000Z","volume":2000,"price":3.37,"category":"rbear"},{"type":"B","date":"2018-03-16T07:33:56.000Z","volume":2000,"price":3.37,"category":"rbear"},{"type":"B","date":"2018-03-16T07:31:10.000Z","volume":2000,"price":3.37,"category":"rbear"},{"type":"B","date":"2018-03-16T07:30:17.000Z","volume":2000,"price":3.37,"category":"rbear"},{"type":"B","date":"2018-03-16T07:28:36.000Z","volume":2000,"price":3.37,"category":"rbear"},{"type":"B","date":"2018-03-16T07:27:48.000Z","volume":2000,"price":3.37,"category":"rbear"},{"type":"B","date":"2018-03-16T07:26:32.000Z","volume":2000,"price":3.37,"category":"rbear"},{"type":"B","date":"2018-03-16T07:25:21.000Z","volume":2000,"price":3.37,"category":"rbear"},{"type":"B","date":"2018-03-16T07:22:47.000Z","volume":2000,"price":3.37,"category":"rbear"},{"type":"B","date":"2018-03-16T07:19:40.000Z","volume":2000,"price":3.37,"category":"rbear"},{"type":"B","date":"2018-03-16T07:19:40.000Z","volume":2000,"price":3.37,"category":"rbear"},{"type":"B","date":"2018-03-16T07:19:32.000Z","volume":2000,"price":3.37,"category":"rbear"},{"type":"B","date":"2018-03-16T07:19:23.000Z","volume":2000,"price":3.37,"category":"rbear"},{"type":"B","date":"2018-03-16T07:18:03.000Z","volume":2000,"price":3.37,"category":"rbear"},{"type":"B","date":"2018-03-16T07:16:17.000Z","volume":2000,"price":3.37,"category":"rbear"},{"type":"B","date":"2018-03-16T07:15:47.000Z","volume":2000,"price":3.37,"category":"rbear"},{"type":"B","date":"2018-03-16T07:11:17.000Z","volume":2000,"price":3.37,"category":"rbear"},{"type":"B","date":"2018-03-16T07:10:23.000Z","volume":2000,"price":3.37,"category":"rbear"},{"type":"B","date":"2018-03-16T07:08:00.000Z","volume":2000,"price":3.37,"category":"rbear"},{"type":"B","date":"2018-03-16T07:04:00.000Z","volume":2000,"price":3.37,"category":"rbear"},{"type":"B","date":"2018-03-16T06:59:01.000Z","volume":2000,"price":3.37,"category":"rbear"},{"type":"B","date":"2018-03-16T06:59:01.000Z","volume":2000,"price":3.37,"category":"rbear"},{"type":"B","date":"2018-03-16T06:57:33.000Z","volume":2000,"price":3.37,"category":"rbear"},{"type":"B","date":"2018-03-16T06:57:27.000Z","volume":2000,"price":3.37,"category":"rbear"},{"type":"B","date":"2018-03-16T06:57:18.000Z","volume":2000,"price":3.37,"category":"rbear"},{"type":"B","date":"2018-03-16T06:57:18.000Z","volume":2000,"price":3.37,"category":"rbear"},{"type":"B","date":"2018-03-16T06:56:48.000Z","volume":2000,"price":3.37,"category":"rbear"},{"type":"B","date":"2018-03-16T06:55:03.000Z","volume":2000,"price":3.37,"category":"rbear"},{"type":"B","date":"2018-03-16T06:54:33.000Z","volume":2000,"price":3.37,"category":"rbear"},{"type":"B","date":"2018-03-16T06:46:55.000Z","volume":2000,"price":3.37,"category":"rbear"},{"type":"B","date":"2018-03-16T06:46:38.000Z","volume":2000,"price":3.38,"category":"rbear"},{"type":"B","date":"2018-03-16T06:46:38.000Z","volume":2000,"price":3.38,"category":"rbear"},{"type":"B","date":"2018-03-16T06:46:02.000Z","volume":2000,"price":3.38,"category":"rbear"},{"type":"B","date":"2018-03-16T06:46:02.000Z","volume":2000,"price":3.38,"category":"rbear"},{"type":"B","date":"2018-03-16T06:43:56.000Z","volume":2000,"price":3.38,"category":"rbear"},{"type":"B","date":"2018-03-16T06:39:03.000Z","volume":2000,"price":3.38,"category":"rbear"},{"type":"B","date":"2018-03-16T06:36:22.000Z","volume":2000,"price":3.38,"category":"rbear"},{"type":"B","date":"2018-03-16T06:26:19.000Z","volume":2000,"price":3.38,"category":"rbear"},{"type":"B","date":"2018-03-16T06:15:46.000Z","volume":2000,"price":3.38,"category":"rbear"},{"type":"B","date":"2018-03-16T06:13:12.000Z","volume":2000,"price":3.38,"category":"rbear"},{"type":"B","date":"2018-03-16T06:05:02.000Z","volume":2000,"price":3.39,"category":"rbear"},{"type":"B","date":"2018-03-16T06:05:02.000Z","volume":2000,"price":3.39,"category":"rbear"},{"type":"B","date":"2018-03-16T06:03:32.000Z","volume":2000,"price":3.39,"category":"rbear"},{"type":"B","date":"2018-03-16T06:03:32.000Z","volume":2000,"price":3.39,"category":"rbear"},{"type":"B","date":"2018-03-16T06:03:32.000Z","volume":2000,"price":3.39,"category":"rbear"},{"type":"B","date":"2018-03-16T06:03:26.000Z","volume":2000,"price":3.39,"category":"rbear"},{"type":"B","date":"2018-03-16T06:01:32.000Z","volume":2000,"price":3.39,"category":"rbear"},{"type":"B","date":"2018-03-16T05:55:11.000Z","volume":2000,"price":3.39,"category":"rbear"},{"type":"B","date":"2018-03-16T05:44:38.000Z","volume":2000,"price":3.39,"category":"rbear"},{"type":"B","date":"2018-03-16T05:40:03.000Z","volume":2000,"price":3.39,"category":"rbear"},{"type":"B","date":"2018-03-16T05:40:03.000Z","volume":2000,"price":3.39,"category":"rbear"},{"type":"B","date":"2018-03-16T05:40:03.000Z","volume":2000,"price":3.39,"category":"rbear"},{"type":"B","date":"2018-03-16T05:40:03.000Z","volume":2000,"price":3.39,"category":"rbear"},{"type":"B","date":"2018-03-16T05:40:03.000Z","volume":2000,"price":3.39,"category":"rbear"},{"type":"B","date":"2018-03-16T05:40:03.000Z","volume":2000,"price":3.39,"category":"rbear"},{"type":"B","date":"2018-03-16T05:40:02.000Z","volume":2000,"price":3.39,"category":"rbear"},{"type":"B","date":"2018-03-16T05:40:02.000Z","volume":2000,"price":3.39,"category":"rbear"},{"type":"B","date":"2018-03-16T05:40:02.000Z","volume":2000,"price":3.39,"category":"rbear"},{"type":"B","date":"2018-03-16T05:34:05.000Z","volume":2000,"price":3.39,"category":"rbear"},{"type":"B","date":"2018-03-16T05:30:45.000Z","volume":2000,"price":3.39,"category":"rbear"},{"type":"B","date":"2018-03-16T05:23:31.000Z","volume":2000,"price":3.39,"category":"rbear"},{"type":"B","date":"2018-03-16T05:19:33.000Z","volume":2000,"price":3.39,"category":"rbear"},{"type":"B","date":"2018-03-16T05:15:39.000Z","volume":2000,"price":3.38,"category":"rbear"},{"type":"B","date":"2018-03-16T05:13:28.000Z","volume":2000,"price":3.38,"category":"rbear"},{"type":"B","date":"2018-03-16T05:07:02.000Z","volume":2000,"price":3.38,"category":"rbear"},{"type":"B","date":"2018-03-16T05:02:55.000Z","volume":2000,"price":3.37,"category":"rbear"},{"type":"B","date":"2018-03-16T03:59:55.000Z","volume":2000,"price":3.37,"category":"rbear"},{"type":"B","date":"2018-03-16T03:59:36.000Z","volume":2000,"price":3.37,"category":"rbear"},{"type":"B","date":"2018-03-16T03:59:33.000Z","volume":2000,"price":3.37,"category":"rbear"},{"type":"B","date":"2018-03-16T03:59:17.000Z","volume":2000,"price":3.37,"category":"rbear"},{"type":"B","date":"2018-03-16T03:58:58.000Z","volume":2000,"price":3.37,"category":"rbear"},{"type":"B","date":"2018-03-16T03:58:30.000Z","volume":2000,"price":3.37,"category":"rbear"},{"type":"B","date":"2018-03-16T03:57:46.000Z","volume":2000,"price":3.37,"category":"rbear"},{"type":"B","date":"2018-03-16T03:53:02.000Z","volume":2000,"price":3.37,"category":"rbear"},{"type":"B","date":"2018-03-16T03:52:23.000Z","volume":2000,"price":3.37,"category":"rbear"},{"type":"B","date":"2018-03-16T03:42:20.000Z","volume":2000,"price":3.37,"category":"rbear"},{"type":"B","date":"2018-03-16T03:31:47.000Z","volume":2000,"price":3.38,"category":"rbear"},{"type":"B","date":"2018-03-16T03:31:32.000Z","volume":2000,"price":3.38,"category":"rbear"},{"type":"B","date":"2018-03-16T03:31:32.000Z","volume":2000,"price":3.38,"category":"rbear"},{"type":"B","date":"2018-03-16T03:30:24.000Z","volume":2000,"price":3.37,"category":"rbear"},{"type":"B","date":"2018-03-16T03:30:24.000Z","volume":2000,"price":3.37,"category":"rbear"},{"type":"B","date":"2018-03-16T03:30:24.000Z","volume":2000,"price":3.38,"category":"rbear"},{"type":"B","date":"2018-03-16T03:21:14.000Z","volume":2000,"price":3.38,"category":"rbear"},{"type":"B","date":"2018-03-16T03:17:40.000Z","volume":2000,"price":3.38,"category":"rbear"},{"type":"B","date":"2018-03-16T03:15:02.000Z","volume":2000,"price":3.38,"category":"rbear"},{"type":"B","date":"2018-03-16T03:04:25.000Z","volume":2000,"price":3.38,"category":"rbear"},{"type":"B","date":"2018-03-16T03:00:39.000Z","volume":2000,"price":3.37,"category":"rbear"},{"type":"B","date":"2018-03-16T02:59:33.000Z","volume":2000,"price":3.38,"category":"rbear"},{"type":"B","date":"2018-03-16T02:58:07.000Z","volume":2000,"price":3.38,"category":"rbear"},{"type":"B","date":"2018-03-16T02:57:17.000Z","volume":2000,"price":3.38,"category":"rbear"},{"type":"B","date":"2018-03-16T02:56:02.000Z","volume":2000,"price":3.38,"category":"rbear"},{"type":"B","date":"2018-03-16T02:42:32.000Z","volume":2000,"price":3.38,"category":"rbear"},{"type":"B","date":"2018-03-16T02:41:58.000Z","volume":2000,"price":3.38,"category":"rbear"},{"type":"B","date":"2018-03-16T02:41:57.000Z","volume":2000,"price":3.38,"category":"rbear"},{"type":"B","date":"2018-03-16T02:38:17.000Z","volume":2000,"price":3.38,"category":"rbear"},{"type":"B","date":"2018-03-16T02:30:10.000Z","volume":2000,"price":3.38,"category":"rbear"},{"type":"B","date":"2018-03-16T02:25:47.000Z","volume":2000,"price":3.38,"category":"rbear"},{"type":"B","date":"2018-03-16T02:25:47.000Z","volume":2000,"price":3.38,"category":"rbear"},{"type":"B","date":"2018-03-16T02:25:47.000Z","volume":2000,"price":3.38,"category":"rbear"},{"type":"B","date":"2018-03-16T02:24:18.000Z","volume":2000,"price":3.37,"category":"rbear"},{"type":"B","date":"2018-03-16T02:24:18.000Z","volume":2000,"price":3.38,"category":"rbear"},{"type":"B","date":"2018-03-16T02:16:17.000Z","volume":2000,"price":3.38,"category":"rbear"},{"type":"B","date":"2018-03-16T02:14:17.000Z","volume":2000,"price":3.37,"category":"rbear"},{"type":"B","date":"2018-03-16T01:57:10.000Z","volume":2000,"price":3.4,"category":"rbear"},{"type":"B","date":"2018-03-16T01:42:17.000Z","volume":2000,"price":3.37,"category":"rbear"},{"type":"B","date":"2018-03-16T01:42:17.000Z","volume":2000,"price":3.37,"category":"rbear"},{"type":"B","date":"2018-03-16T01:41:11.000Z","volume":2000,"price":3.37,"category":"rbear"},{"type":"B","date":"2018-03-16T01:34:43.000Z","volume":2000,"price":3.37,"category":"rbear"},{"type":"B","date":"2018-03-16T01:34:17.000Z","volume":2000,"price":3.37,"category":"rbear"},{"type":"B","date":"2018-03-16T01:34:13.000Z","volume":2000,"price":3.37,"category":"rbear"},{"type":"B","date":"2018-03-16T01:33:48.000Z","volume":2000,"price":3.37,"category":"rbear"},{"type":"B","date":"2018-03-16T01:33:18.000Z","volume":2000,"price":3.37,"category":"rbear"},{"type":"B","date":"2018-03-16T01:32:48.000Z","volume":2000,"price":3.37,"category":"rbear"},{"type":"B","date":"2018-03-16T01:32:19.000Z","volume":2000,"price":3.37,"category":"rbear"},{"type":"B","date":"2018-03-16T01:31:55.000Z","volume":2000,"price":3.37,"category":"rbear"},{"type":"B","date":"2018-03-16T01:31:25.000Z","volume":2000,"price":3.36,"category":"rbear"},{"type":"B","date":"2018-03-16T01:30:25.000Z","volume":2000,"price":3.38,"category":"rbear"},{"type":"B","date":"2018-03-16T07:59:46.000Z","volume":14000,"price":3.37,"category":"bbear"},{"type":"B","date":"2018-03-16T07:50:11.000Z","volume":8000,"price":3.36,"category":"bbear"},{"type":"B","date":"2018-03-16T07:49:41.000Z","volume":6000,"price":3.36,"category":"bbear"},{"type":"B","date":"2018-03-16T07:49:11.000Z","volume":6000,"price":3.36,"category":"bbear"},{"type":"B","date":"2018-03-16T07:48:05.000Z","volume":10000,"price":3.37,"category":"bbear"},{"type":"B","date":"2018-03-16T07:48:05.000Z","volume":6000,"price":3.37,"category":"bbear"},{"type":"B","date":"2018-03-16T07:47:59.000Z","volume":10000,"price":3.37,"category":"bbear"},{"type":"B","date":"2018-03-16T07:47:08.000Z","volume":10000,"price":3.37,"category":"bbear"},{"type":"B","date":"2018-03-16T07:42:35.000Z","volume":10000,"price":3.37,"category":"bbear"},{"type":"B","date":"2018-03-16T07:39:32.000Z","volume":8000,"price":3.37,"category":"bbear"},{"type":"B","date":"2018-03-16T07:34:44.000Z","volume":6000,"price":3.37,"category":"bbear"},{"type":"B","date":"2018-03-16T07:34:42.000Z","volume":8000,"price":3.37,"category":"bbear"},{"type":"B","date":"2018-03-16T07:33:20.000Z","volume":6000,"price":3.37,"category":"bbear"},{"type":"B","date":"2018-03-16T07:32:40.000Z","volume":6000,"price":3.37,"category":"bbear"},{"type":"B","date":"2018-03-16T07:29:10.000Z","volume":6000,"price":3.37,"category":"bbear"},{"type":"B","date":"2018-03-16T07:26:10.000Z","volume":6000,"price":3.37,"category":"bbear"},{"type":"B","date":"2018-03-16T07:24:33.000Z","volume":6000,"price":3.37,"category":"bbear"},{"type":"B","date":"2018-03-16T07:24:32.000Z","volume":6000,"price":3.37,"category":"bbear"},{"type":"B","date":"2018-03-16T07:24:10.000Z","volume":6000,"price":3.37,"category":"bbear"},{"type":"B","date":"2018-03-16T07:23:04.000Z","volume":12000,"price":3.37,"category":"bbear"},{"type":"B","date":"2018-03-16T07:21:10.000Z","volume":6000,"price":3.37,"category":"bbear"},{"type":"B","date":"2018-03-16T07:19:44.000Z","volume":10000,"price":3.37,"category":"bbear"},{"type":"B","date":"2018-03-16T07:17:39.000Z","volume":6000,"price":3.37,"category":"bbear"},{"type":"B","date":"2018-03-16T07:15:39.000Z","volume":6000,"price":3.37,"category":"bbear"},{"type":"B","date":"2018-03-16T07:11:39.000Z","volume":6000,"price":3.37,"category":"bbear"},{"type":"B","date":"2018-03-16T06:58:03.000Z","volume":8000,"price":3.37,"category":"bbear"},{"type":"B","date":"2018-03-16T06:54:34.000Z","volume":12000,"price":3.37,"category":"bbear"},{"type":"B","date":"2018-03-16T06:51:33.000Z","volume":6000,"price":3.37,"category":"bbear"},{"type":"B","date":"2018-03-16T06:49:33.000Z","volume":6000,"price":3.37,"category":"bbear"},{"type":"B","date":"2018-03-16T06:48:48.000Z","volume":6000,"price":3.37,"category":"bbear"},{"type":"B","date":"2018-03-16T06:44:48.000Z","volume":8000,"price":3.38,"category":"bbear"},{"type":"B","date":"2018-03-16T06:44:48.000Z","volume":6000,"price":3.38,"category":"bbear"},{"type":"B","date":"2018-03-16T06:39:48.000Z","volume":6000,"price":3.38,"category":"bbear"},{"type":"B","date":"2018-03-16T06:39:03.000Z","volume":10000,"price":3.38,"category":"bbear"},{"type":"B","date":"2018-03-16T06:37:18.000Z","volume":6000,"price":3.38,"category":"bbear"},{"type":"B","date":"2018-03-16T06:37:18.000Z","volume":6000,"price":3.38,"category":"bbear"},{"type":"B","date":"2018-03-16T06:35:17.000Z","volume":6000,"price":3.38,"category":"bbear"},{"type":"B","date":"2018-03-16T06:33:32.000Z","volume":8000,"price":3.38,"category":"bbear"},{"type":"B","date":"2018-03-16T06:30:32.000Z","volume":6000,"price":3.38,"category":"bbear"},{"type":"B","date":"2018-03-16T06:30:32.000Z","volume":6000,"price":3.38,"category":"bbear"},{"type":"B","date":"2018-03-16T06:27:47.000Z","volume":6000,"price":3.38,"category":"bbear"},{"type":"B","date":"2018-03-16T06:27:47.000Z","volume":8000,"price":3.38,"category":"bbear"},{"type":"B","date":"2018-03-16T06:24:32.000Z","volume":6000,"price":3.38,"category":"bbear"},{"type":"B","date":"2018-03-16T06:24:32.000Z","volume":6000,"price":3.38,"category":"bbear"},{"type":"B","date":"2018-03-16T06:22:02.000Z","volume":6000,"price":3.38,"category":"bbear"},{"type":"B","date":"2018-03-16T06:22:02.000Z","volume":6000,"price":3.38,"category":"bbear"},{"type":"B","date":"2018-03-16T06:19:02.000Z","volume":6000,"price":3.38,"category":"bbear"},{"type":"B","date":"2018-03-16T06:19:02.000Z","volume":6000,"price":3.38,"category":"bbear"},{"type":"B","date":"2018-03-16T06:18:19.000Z","volume":10000,"price":3.38,"category":"bbear"},{"type":"B","date":"2018-03-16T06:16:32.000Z","volume":6000,"price":3.38,"category":"bbear"},{"type":"B","date":"2018-03-16T06:16:32.000Z","volume":6000,"price":3.38,"category":"bbear"},{"type":"B","date":"2018-03-16T06:13:32.000Z","volume":6000,"price":3.38,"category":"bbear"},{"type":"B","date":"2018-03-16T06:13:32.000Z","volume":6000,"price":3.38,"category":"bbear"},{"type":"B","date":"2018-03-16T06:10:33.000Z","volume":6000,"price":3.38,"category":"bbear"},{"type":"B","date":"2018-03-16T06:10:33.000Z","volume":6000,"price":3.38,"category":"bbear"},{"type":"B","date":"2018-03-16T06:03:27.000Z","volume":6000,"price":3.39,"category":"bbear"},{"type":"B","date":"2018-03-16T06:03:17.000Z","volume":6000,"price":3.39,"category":"bbear"},{"type":"B","date":"2018-03-16T06:03:17.000Z","volume":6000,"price":3.39,"category":"bbear"},{"type":"B","date":"2018-03-16T06:02:02.000Z","volume":14000,"price":3.39,"category":"bbear"},{"type":"B","date":"2018-03-16T06:01:32.000Z","volume":10000,"price":3.39,"category":"bbear"},{"type":"B","date":"2018-03-16T06:00:47.000Z","volume":6000,"price":3.39,"category":"bbear"},{"type":"B","date":"2018-03-16T06:00:47.000Z","volume":6000,"price":3.39,"category":"bbear"},{"type":"B","date":"2018-03-16T05:57:47.000Z","volume":6000,"price":3.39,"category":"bbear"},{"type":"B","date":"2018-03-16T05:57:47.000Z","volume":6000,"price":3.39,"category":"bbear"},{"type":"B","date":"2018-03-16T05:54:47.000Z","volume":6000,"price":3.39,"category":"bbear"},{"type":"B","date":"2018-03-16T05:54:47.000Z","volume":6000,"price":3.39,"category":"bbear"},{"type":"B","date":"2018-03-16T05:52:17.000Z","volume":6000,"price":3.39,"category":"bbear"},{"type":"B","date":"2018-03-16T05:52:17.000Z","volume":6000,"price":3.39,"category":"bbear"},{"type":"B","date":"2018-03-16T05:49:32.000Z","volume":6000,"price":3.39,"category":"bbear"},{"type":"B","date":"2018-03-16T05:49:32.000Z","volume":6000,"price":3.39,"category":"bbear"},{"type":"B","date":"2018-03-16T05:46:47.000Z","volume":6000,"price":3.39,"category":"bbear"},{"type":"B","date":"2018-03-16T05:46:47.000Z","volume":6000,"price":3.39,"category":"bbear"},{"type":"B","date":"2018-03-16T05:45:31.000Z","volume":12000,"price":3.39,"category":"bbear"},{"type":"B","date":"2018-03-16T05:40:02.000Z","volume":6000,"price":3.39,"category":"bbear"},{"type":"B","date":"2018-03-16T05:40:02.000Z","volume":6000,"price":3.39,"category":"bbear"},{"type":"B","date":"2018-03-16T05:40:02.000Z","volume":6000,"price":3.39,"category":"bbear"},{"type":"B","date":"2018-03-16T05:40:02.000Z","volume":6000,"price":3.39,"category":"bbear"},{"type":"B","date":"2018-03-16T05:38:32.000Z","volume":6000,"price":3.39,"category":"bbear"},{"type":"B","date":"2018-03-16T05:38:32.000Z","volume":6000,"price":3.39,"category":"bbear"},{"type":"B","date":"2018-03-16T05:35:32.000Z","volume":6000,"price":3.39,"category":"bbear"},{"type":"B","date":"2018-03-16T05:35:32.000Z","volume":6000,"price":3.39,"category":"bbear"},{"type":"B","date":"2018-03-16T05:33:02.000Z","volume":6000,"price":3.39,"category":"bbear"},{"type":"B","date":"2018-03-16T05:33:02.000Z","volume":6000,"price":3.39,"category":"bbear"},{"type":"B","date":"2018-03-16T05:30:02.000Z","volume":6000,"price":3.39,"category":"bbear"},{"type":"B","date":"2018-03-16T05:30:02.000Z","volume":6000,"price":3.39,"category":"bbear"},{"type":"B","date":"2018-03-16T05:27:02.000Z","volume":6000,"price":3.39,"category":"bbear"},{"type":"B","date":"2018-03-16T05:27:02.000Z","volume":8000,"price":3.39,"category":"bbear"},{"type":"B","date":"2018-03-16T05:19:33.000Z","volume":6000,"price":3.39,"category":"bbear"},{"type":"B","date":"2018-03-16T05:18:32.000Z","volume":6000,"price":3.38,"category":"bbear"},{"type":"B","date":"2018-03-16T05:18:32.000Z","volume":6000,"price":3.38,"category":"bbear"},{"type":"B","date":"2018-03-16T05:15:32.000Z","volume":6000,"price":3.38,"category":"bbear"},{"type":"B","date":"2018-03-16T05:15:32.000Z","volume":6000,"price":3.38,"category":"bbear"},{"type":"B","date":"2018-03-16T05:08:18.000Z","volume":6000,"price":3.38,"category":"bbear"},{"type":"B","date":"2018-03-16T05:06:48.000Z","volume":6000,"price":3.38,"category":"bbear"},{"type":"B","date":"2018-03-16T05:05:22.000Z","volume":6000,"price":3.38,"category":"bbear"},{"type":"B","date":"2018-03-16T05:03:32.000Z","volume":6000,"price":3.37,"category":"bbear"},{"type":"B","date":"2018-03-16T05:03:32.000Z","volume":6000,"price":3.37,"category":"bbear"},{"type":"B","date":"2018-03-16T03:59:00.000Z","volume":8000,"price":3.37,"category":"bbear"},{"type":"B","date":"2018-03-16T03:58:06.000Z","volume":6000,"price":3.37,"category":"bbear"},{"type":"B","date":"2018-03-16T03:33:22.000Z","volume":10000,"price":3.38,"category":"bbear"},{"type":"B","date":"2018-03-16T03:32:59.000Z","volume":12000,"price":3.38,"category":"bbear"},{"type":"B","date":"2018-03-16T03:30:24.000Z","volume":6000,"price":3.38,"category":"bbear"},{"type":"B","date":"2018-03-16T03:19:00.000Z","volume":12000,"price":3.38,"category":"bbear"},{"type":"B","date":"2018-03-16T02:58:41.000Z","volume":10000,"price":3.38,"category":"bbear"},{"type":"B","date":"2018-03-16T02:43:44.000Z","volume":6000,"price":3.38,"category":"bbear"},{"type":"B","date":"2018-03-16T02:22:00.000Z","volume":6000,"price":3.38,"category":"bbear"},{"type":"B","date":"2018-03-16T01:58:20.000Z","volume":12000,"price":3.39,"category":"bbear"},{"type":"B","date":"2018-03-16T01:53:55.000Z","volume":14000,"price":3.4,"category":"bbear"},{"type":"B","date":"2018-03-16T07:55:04.000Z","volume":30000,"price":3.37,"category":"ubbear"},{"type":"B","date":"2018-03-16T07:49:29.000Z","volume":18000,"price":3.36,"category":"ubbear"},{"type":"B","date":"2018-03-16T07:48:12.000Z","volume":38000,"price":3.37,"category":"ubbear"},{"type":"B","date":"2018-03-16T07:35:59.000Z","volume":30000,"price":3.37,"category":"ubbear"},{"type":"B","date":"2018-03-16T07:31:31.000Z","volume":18000,"price":3.37,"category":"ubbear"},{"type":"B","date":"2018-03-16T07:22:21.000Z","volume":20000,"price":3.37,"category":"ubbear"},{"type":"B","date":"2018-03-16T07:08:30.000Z","volume":20000,"price":3.37,"category":"ubbear"},{"type":"B","date":"2018-03-16T07:00:23.000Z","volume":30000,"price":3.37,"category":"ubbear"},{"type":"B","date":"2018-03-16T06:58:35.000Z","volume":30000,"price":3.37,"category":"ubbear"},{"type":"B","date":"2018-03-16T06:46:37.000Z","volume":56000,"price":3.38,"category":"ubbear"},{"type":"B","date":"2018-03-16T06:46:37.000Z","volume":80000,"price":3.38,"category":"ubbear"},{"type":"B","date":"2018-03-16T06:24:20.000Z","volume":100000,"price":3.38,"category":"ubbear"},{"type":"B","date":"2018-03-16T05:43:59.000Z","volume":20000,"price":3.39,"category":"ubbear"},{"type":"B","date":"2018-03-16T03:57:57.000Z","volume":56000,"price":3.37,"category":"ubbear"},{"type":"B","date":"2018-03-16T03:57:57.000Z","volume":30000,"price":3.37,"category":"ubbear"},{"type":"B","date":"2018-03-16T03:39:14.000Z","volume":114000,"price":3.38,"category":"ubbear"},{"type":"B","date":"2018-03-16T03:30:24.000Z","volume":102000,"price":3.38,"category":"ubbear"},{"type":"B","date":"2018-03-16T03:07:47.000Z","volume":20000,"price":3.38,"category":"ubbear"},{"type":"B","date":"2018-03-16T02:59:33.000Z","volume":26000,"price":3.38,"category":"ubbear"},{"type":"B","date":"2018-03-16T02:49:28.000Z","volume":186000,"price":3.37,"category":"ubbear"},{"type":"B","date":"2018-03-16T02:43:44.000Z","volume":20000,"price":3.38,"category":"ubbear"},{"type":"B","date":"2018-03-16T02:41:57.000Z","volume":18000,"price":3.38,"category":"ubbear"},{"type":"B","date":"2018-03-16T02:40:57.000Z","volume":50000,"price":3.38,"category":"ubbear"},{"type":"B","date":"2018-03-16T02:38:29.000Z","volume":50000,"price":3.38,"category":"ubbear"},{"type":"B","date":"2018-03-16T02:38:12.000Z","volume":50000,"price":3.38,"category":"ubbear"},{"type":"B","date":"2018-03-16T02:22:00.000Z","volume":150000,"price":3.38,"category":"ubbear"},{"type":"B","date":"2018-03-16T02:13:55.000Z","volume":154000,"price":3.38,"category":"ubbear"},{"type":"B","date":"2018-03-16T02:07:54.000Z","volume":16000,"price":3.38,"category":"ubbear"},{"type":"B","date":"2018-03-16T01:59:12.000Z","volume":30000,"price":3.39,"category":"ubbear"},{"type":"B","date":"2018-03-16T01:57:47.000Z","volume":74000,"price":3.39,"category":"ubbear"},{"type":"B","date":"2018-03-16T01:57:47.000Z","volume":18000,"price":3.4,"category":"ubbear"},{"type":"B","date":"2018-03-16T01:53:55.000Z","volume":100000,"price":3.4,"category":"ubbear"},{"type":"B","date":"2018-03-16T01:48:09.000Z","volume":20000,"price":3.39,"category":"ubbear"},{"type":"B","date":"2018-03-16T01:41:42.000Z","volume":20000,"price":3.37,"category":"ubbear"},{"type":"B","date":"2018-03-16T01:37:16.000Z","volume":26000,"price":3.37,"category":"ubbear"}]