[{"type":"U","date":"2018-04-03T01:20:00.000Z","volume":2000,"label":"U","price":3.31},{"type":"B","date":"2018-04-03T01:30:23.000Z","volume":8000,"label":" ","price":3.3},{"type":"A","date":"2018-04-03T01:30:23.000Z","volume":2000,"label":" ","price":3.31},{"type":"B","date":"2018-04-03T01:30:24.000Z","volume":2000,"label":" ","price":3.3},{"type":"B","date":"2018-04-03T01:30:53.000Z","volume":8000,"label":" ","price":3.3},{"type":"A","date":"2018-04-03T01:30:58.000Z","volume":2000,"label":" ","price":3.31},{"type":"B","date":"2018-04-03T01:31:23.000Z","volume":8000,"label":" ","price":3.3},{"type":"B","date":"2018-04-03T01:31:23.000Z","volume":48000,"label":" ","price":3.3},{"type":"A","date":"2018-04-03T01:31:23.000Z","volume":4000,"label":" ","price":3.31},{"type":"B","date":"2018-04-03T01:31:23.000Z","volume":2000,"label":" ","price":3.3},{"type":"A","date":"2018-04-03T01:31:23.000Z","volume":2000,"label":" ","price":3.31},{"type":"B","date":"2018-04-03T01:32:23.000Z","volume":8000,"label":" ","price":3.28},{"type":"A","date":"2018-04-03T01:32:23.000Z","volume":2000,"label":" ","price":3.3},{"type":"B","date":"2018-04-03T01:33:23.000Z","volume":6000,"label":" ","price":3.28},{"type":"A","date":"2018-04-03T01:33:33.000Z","volume":2000,"label":" ","price":3.3},{"type":"A","date":"2018-04-03T01:34:16.000Z","volume":2000,"label":" ","price":3.3},{"type":"B","date":"2018-04-03T01:34:24.000Z","volume":8000,"label":" ","price":3.28},{"type":"A","date":"2018-04-03T01:34:30.000Z","volume":2000,"label":" ","price":3.3},{"type":"B","date":"2018-04-03T01:35:52.000Z","volume":10000,"label":" ","price":3.27},{"type":"B","date":"2018-04-03T01:35:55.000Z","volume":6000,"label":" ","price":3.28},{"type":"U","date":"2018-04-03T01:36:02.000Z","volume":12000,"label":"X","price":3.29},{"type":"A","date":"2018-04-03T01:36:02.000Z","volume":14000,"label":" ","price":3.3},{"type":"A","date":"2018-04-03T01:36:03.000Z","volume":2000,"label":" ","price":3.3},{"type":"B","date":"2018-04-03T01:36:06.000Z","volume":16000,"label":" ","price":3.29},{"type":"A","date":"2018-04-03T01:36:08.000Z","volume":4000,"label":" ","price":3.3},{"type":"U","date":"2018-04-03T01:36:24.000Z","volume":4000,"label":"X","price":3.29},{"type":"U","date":"2018-04-03T01:36:24.000Z","volume":4000,"label":"X","price":3.29},{"type":"U","date":"2018-04-03T01:36:24.000Z","volume":2000,"label":"X","price":3.29},{"type":"B","date":"2018-04-03T01:36:53.000Z","volume":4000,"label":" ","price":3.29},{"type":"B","date":"2018-04-03T01:36:53.000Z","volume":12000,"label":" ","price":3.29},{"type":"U","date":"2018-04-03T01:37:56.000Z","volume":2000,"label":"X","price":3.28},{"type":"B","date":"2018-04-03T01:37:59.000Z","volume":6000,"label":" ","price":3.28},{"type":"B","date":"2018-04-03T01:37:59.000Z","volume":130000,"label":" ","price":3.27},{"type":"B","date":"2018-04-03T01:37:59.000Z","volume":14000,"label":" ","price":3.27},{"type":"A","date":"2018-04-03T01:37:59.000Z","volume":6000,"label":" ","price":3.3},{"type":"A","date":"2018-04-03T01:38:05.000Z","volume":16000,"label":" ","price":3.3},{"type":"U","date":"2018-04-03T01:38:05.000Z","volume":14000,"label":" ","price":3.29},{"type":"U","date":"2018-04-03T01:38:26.000Z","volume":2000,"label":"X","price":3.28},{"type":"U","date":"2018-04-03T01:39:26.000Z","volume":2000,"label":"X","price":3.28},{"type":"B","date":"2018-04-03T01:40:23.000Z","volume":4000,"label":" ","price":3.28},{"type":"B","date":"2018-04-03T01:40:23.000Z","volume":6000,"label":" ","price":3.27},{"type":"U","date":"2018-04-03T01:40:26.000Z","volume":2000,"label":"X","price":3.27},{"type":"U","date":"2018-04-03T01:40:56.000Z","volume":2000,"label":"X","price":3.27},{"type":"B","date":"2018-04-03T01:41:53.000Z","volume":6000,"label":" ","price":3.27},{"type":"U","date":"2018-04-03T01:44:57.000Z","volume":2000,"label":"X","price":3.27},{"type":"A","date":"2018-04-03T01:45:12.000Z","volume":8000,"label":" ","price":3.29},{"type":"U","date":"2018-04-03T01:45:27.000Z","volume":2000,"label":"X","price":3.27},{"type":"B","date":"2018-04-03T01:45:32.000Z","volume":2000,"label":" ","price":3.27},{"type":"B","date":"2018-04-03T01:47:45.000Z","volume":52000,"label":" ","price":3.27},{"type":"A","date":"2018-04-03T01:48:31.000Z","volume":4000,"label":" ","price":3.29},{"type":"B","date":"2018-04-03T01:48:50.000Z","volume":16000,"label":" ","price":3.28},{"type":"B","date":"2018-04-03T01:48:50.000Z","volume":28000,"label":" ","price":3.28},{"type":"B","date":"2018-04-03T01:49:10.000Z","volume":4000,"label":" ","price":3.28},{"type":"A","date":"2018-04-03T01:49:11.000Z","volume":10000,"label":" ","price":3.29},{"type":"A","date":"2018-04-03T01:50:48.000Z","volume":6000,"label":" ","price":3.29},{"type":"A","date":"2018-04-03T01:53:50.000Z","volume":8000,"label":" ","price":3.29},{"type":"A","date":"2018-04-03T01:55:15.000Z","volume":4000,"label":" ","price":3.29},{"type":"B","date":"2018-04-03T01:55:51.000Z","volume":20000,"label":" ","price":3.28},{"type":"A","date":"2018-04-03T01:55:54.000Z","volume":4000,"label":" ","price":3.29},{"type":"A","date":"2018-04-03T01:56:18.000Z","volume":2000,"label":" ","price":3.29},{"type":"A","date":"2018-04-03T01:57:15.000Z","volume":2000,"label":" ","price":3.29},{"type":"B","date":"2018-04-03T01:57:59.000Z","volume":10000,"label":" ","price":3.28},{"type":"B","date":"2018-04-03T01:58:58.000Z","volume":6000,"label":" ","price":3.28},{"type":"B","date":"2018-04-03T01:59:25.000Z","volume":50000,"label":" ","price":3.28},{"type":"B","date":"2018-04-03T01:59:25.000Z","volume":2000,"label":" ","price":3.28},{"type":"B","date":"2018-04-03T01:59:26.000Z","volume":4000,"label":" ","price":3.28},{"type":"B","date":"2018-04-03T01:59:52.000Z","volume":4000,"label":" ","price":3.27},{"type":"B","date":"2018-04-03T01:59:57.000Z","volume":12000,"label":" ","price":3.27},{"type":"A","date":"2018-04-03T02:01:56.000Z","volume":2000,"label":" ","price":3.28},{"type":"B","date":"2018-04-03T02:02:58.000Z","volume":10000,"label":" ","price":3.27},{"type":"A","date":"2018-04-03T02:04:20.000Z","volume":6000,"label":" ","price":3.28},{"type":"B","date":"2018-04-03T02:05:18.000Z","volume":4000,"label":" ","price":3.27},{"type":"A","date":"2018-04-03T02:07:01.000Z","volume":6000,"label":" ","price":3.28},{"type":"A","date":"2018-04-03T02:07:46.000Z","volume":2000,"label":" ","price":3.28},{"type":"B","date":"2018-04-03T02:07:51.000Z","volume":2000,"label":" ","price":3.27},{"type":"A","date":"2018-04-03T02:07:52.000Z","volume":4000,"label":" ","price":3.28},{"type":"A","date":"2018-04-03T02:09:17.000Z","volume":4000,"label":" ","price":3.28},{"type":"A","date":"2018-04-03T02:09:33.000Z","volume":6000,"label":" ","price":3.28},{"type":"B","date":"2018-04-03T02:09:58.000Z","volume":4000,"label":" ","price":3.27},{"type":"B","date":"2018-04-03T02:09:58.000Z","volume":6000,"label":" ","price":3.27},{"type":"B","date":"2018-04-03T02:10:08.000Z","volume":138000,"label":" ","price":3.27},{"type":"B","date":"2018-04-03T02:10:22.000Z","volume":6000,"label":" ","price":3.27},{"type":"B","date":"2018-04-03T02:11:56.000Z","volume":14000,"label":" ","price":3.27},{"type":"B","date":"2018-04-03T02:11:56.000Z","volume":40000,"label":" ","price":3.26},{"type":"A","date":"2018-04-03T02:11:56.000Z","volume":4000,"label":" ","price":3.27},{"type":"A","date":"2018-04-03T02:11:58.000Z","volume":4000,"label":" ","price":3.27},{"type":"B","date":"2018-04-03T02:12:07.000Z","volume":12000,"label":" ","price":3.26},{"type":"B","date":"2018-04-03T02:12:22.000Z","volume":4000,"label":" ","price":3.26},{"type":"A","date":"2018-04-03T02:13:13.000Z","volume":14000,"label":"Y","price":3.27},{"type":"A","date":"2018-04-03T02:13:17.000Z","volume":4000,"label":" ","price":3.27},{"type":"A","date":"2018-04-03T02:15:56.000Z","volume":8000,"label":" ","price":3.27},{"type":"A","date":"2018-04-03T02:15:57.000Z","volume":18000,"label":" ","price":3.27},{"type":"A","date":"2018-04-03T02:17:09.000Z","volume":6000,"label":" ","price":3.27},{"type":"A","date":"2018-04-03T02:18:51.000Z","volume":2000,"label":" ","price":3.27},{"type":"A","date":"2018-04-03T02:19:19.000Z","volume":50000,"label":" ","price":3.27},{"type":"A","date":"2018-04-03T02:19:23.000Z","volume":8000,"label":" ","price":3.27},{"type":"A","date":"2018-04-03T02:19:41.000Z","volume":4000,"label":" ","price":3.27},{"type":"A","date":"2018-04-03T02:20:21.000Z","volume":8000,"label":" ","price":3.27},{"type":"A","date":"2018-04-03T02:21:42.000Z","volume":4000,"label":" ","price":3.27},{"type":"A","date":"2018-04-03T02:21:56.000Z","volume":40000,"label":" ","price":3.27},{"type":"A","date":"2018-04-03T02:21:57.000Z","volume":6000,"label":" ","price":3.27},{"type":"A","date":"2018-04-03T02:23:44.000Z","volume":4000,"label":" ","price":3.27},{"type":"A","date":"2018-04-03T02:24:23.000Z","volume":2000,"label":" ","price":3.27},{"type":"A","date":"2018-04-03T02:24:56.000Z","volume":4000,"label":" ","price":3.27},{"type":"A","date":"2018-04-03T02:25:04.000Z","volume":6000,"label":" ","price":3.27},{"type":"A","date":"2018-04-03T02:25:04.000Z","volume":8000,"label":" ","price":3.27},{"type":"A","date":"2018-04-03T02:25:08.000Z","volume":4000,"label":" ","price":3.27},{"type":"A","date":"2018-04-03T02:25:46.000Z","volume":4000,"label":" ","price":3.27},{"type":"A","date":"2018-04-03T02:26:02.000Z","volume":2000,"label":" ","price":3.27},{"type":"A","date":"2018-04-03T02:27:17.000Z","volume":2000,"label":" ","price":3.27},{"type":"A","date":"2018-04-03T02:27:17.000Z","volume":2000,"label":" ","price":3.27},{"type":"A","date":"2018-04-03T02:27:17.000Z","volume":2000,"label":"Y","price":3.27},{"type":"A","date":"2018-04-03T02:28:18.000Z","volume":4000,"label":" ","price":3.27},{"type":"B","date":"2018-04-03T02:28:22.000Z","volume":4000,"label":" ","price":3.26},{"type":"A","date":"2018-04-03T02:28:26.000Z","volume":2000,"label":" ","price":3.27},{"type":"B","date":"2018-04-03T02:28:26.000Z","volume":10000,"label":" ","price":3.26},{"type":"B","date":"2018-04-03T02:29:42.000Z","volume":4000,"label":" ","price":3.26},{"type":"A","date":"2018-04-03T02:29:43.000Z","volume":4000,"label":" ","price":3.27},{"type":"A","date":"2018-04-03T02:30:19.000Z","volume":2000,"label":" ","price":3.27},{"type":"A","date":"2018-04-03T02:30:26.000Z","volume":2000,"label":" ","price":3.27},{"type":"B","date":"2018-04-03T02:34:23.000Z","volume":2000,"label":" ","price":3.26},{"type":"A","date":"2018-04-03T02:35:33.000Z","volume":2000,"label":" ","price":3.27},{"type":"A","date":"2018-04-03T02:36:03.000Z","volume":2000,"label":" ","price":3.27},{"type":"A","date":"2018-04-03T02:37:34.000Z","volume":8000,"label":" ","price":3.27},{"type":"A","date":"2018-04-03T02:37:34.000Z","volume":6000,"label":"Y","price":3.27},{"type":"A","date":"2018-04-03T02:37:34.000Z","volume":4000,"label":" ","price":3.27},{"type":"A","date":"2018-04-03T02:37:34.000Z","volume":2000,"label":" ","price":3.27},{"type":"A","date":"2018-04-03T02:37:37.000Z","volume":2000,"label":" ","price":3.27},{"type":"B","date":"2018-04-03T02:38:09.000Z","volume":14000,"label":" ","price":3.26},{"type":"A","date":"2018-04-03T02:38:11.000Z","volume":2000,"label":" ","price":3.27},{"type":"B","date":"2018-04-03T02:38:23.000Z","volume":6000,"label":" ","price":3.26},{"type":"A","date":"2018-04-03T02:38:24.000Z","volume":24000,"label":" ","price":3.27},{"type":"A","date":"2018-04-03T02:38:24.000Z","volume":4000,"label":" ","price":3.27},{"type":"A","date":"2018-04-03T02:38:26.000Z","volume":4000,"label":" ","price":3.27},{"type":"B","date":"2018-04-03T02:39:24.000Z","volume":12000,"label":" ","price":3.26},{"type":"B","date":"2018-04-03T02:39:26.000Z","volume":4000,"label":" ","price":3.26},{"type":"A","date":"2018-04-03T02:39:26.000Z","volume":2000,"label":" ","price":3.27},{"type":"A","date":"2018-04-03T02:39:27.000Z","volume":2000,"label":" ","price":3.27},{"type":"A","date":"2018-04-03T02:41:08.000Z","volume":2000,"label":" ","price":3.27},{"type":"A","date":"2018-04-03T02:41:45.000Z","volume":2000,"label":" ","price":3.27},{"type":"B","date":"2018-04-03T02:43:42.000Z","volume":22000,"label":" ","price":3.26},{"type":"A","date":"2018-04-03T02:43:47.000Z","volume":2000,"label":" ","price":3.27},{"type":"A","date":"2018-04-03T02:43:47.000Z","volume":2000,"label":" ","price":3.27},{"type":"A","date":"2018-04-03T02:43:51.000Z","volume":2000,"label":" ","price":3.27},{"type":"B","date":"2018-04-03T02:45:32.000Z","volume":20000,"label":" ","price":3.26},{"type":"A","date":"2018-04-03T02:45:35.000Z","volume":2000,"label":" ","price":3.27},{"type":"A","date":"2018-04-03T02:45:35.000Z","volume":2000,"label":" ","price":3.27},{"type":"A","date":"2018-04-03T02:45:57.000Z","volume":300000,"label":" ","price":3.27},{"type":"A","date":"2018-04-03T02:45:57.000Z","volume":68000,"label":"Y","price":3.27},{"type":"A","date":"2018-04-03T02:45:57.000Z","volume":90000,"label":" ","price":3.27},{"type":"A","date":"2018-04-03T02:45:57.000Z","volume":6000,"label":" ","price":3.28},{"type":"U","date":"2018-04-03T02:45:57.000Z","volume":2000,"label":" ","price":3.27},{"type":"A","date":"2018-04-03T02:45:58.000Z","volume":30000,"label":" ","price":3.28},{"type":"A","date":"2018-04-03T02:45:58.000Z","volume":52000,"label":" ","price":3.28},{"type":"A","date":"2018-04-03T02:46:05.000Z","volume":8000,"label":" ","price":3.28},{"type":"A","date":"2018-04-03T02:46:05.000Z","volume":2000,"label":" ","price":3.28},{"type":"B","date":"2018-04-03T02:46:15.000Z","volume":16000,"label":" ","price":3.27},{"type":"A","date":"2018-04-03T02:46:17.000Z","volume":2000,"label":" ","price":3.28},{"type":"A","date":"2018-04-03T02:49:49.000Z","volume":12000,"label":" ","price":3.28},{"type":"A","date":"2018-04-03T02:51:37.000Z","volume":2000,"label":" ","price":3.28},{"type":"B","date":"2018-04-03T02:53:00.000Z","volume":2000,"label":" ","price":3.27},{"type":"A","date":"2018-04-03T02:54:17.000Z","volume":28000,"label":" ","price":3.28},{"type":"A","date":"2018-04-03T02:54:18.000Z","volume":4000,"label":" ","price":3.28},{"type":"A","date":"2018-04-03T02:55:19.000Z","volume":2000,"label":"Y","price":3.28},{"type":"A","date":"2018-04-03T02:55:19.000Z","volume":6000,"label":" ","price":3.28},{"type":"A","date":"2018-04-03T02:55:19.000Z","volume":4000,"label":" ","price":3.28},{"type":"A","date":"2018-04-03T02:55:20.000Z","volume":2000,"label":" ","price":3.28},{"type":"A","date":"2018-04-03T02:57:19.000Z","volume":2000,"label":" ","price":3.28},{"type":"A","date":"2018-04-03T02:58:56.000Z","volume":8000,"label":" ","price":3.28},{"type":"B","date":"2018-04-03T03:00:15.000Z","volume":70000,"label":" ","price":3.27},{"type":"B","date":"2018-04-03T03:00:15.000Z","volume":8000,"label":" ","price":3.27},{"type":"A","date":"2018-04-03T03:00:20.000Z","volume":10000,"label":" ","price":3.28},{"type":"B","date":"2018-04-03T03:02:53.000Z","volume":4000,"label":" ","price":3.27},{"type":"A","date":"2018-04-03T03:03:02.000Z","volume":2000,"label":" ","price":3.28},{"type":"B","date":"2018-04-03T03:03:53.000Z","volume":6000,"label":" ","price":3.27},{"type":"A","date":"2018-04-03T03:04:49.000Z","volume":8000,"label":" ","price":3.28},{"type":"A","date":"2018-04-03T03:04:49.000Z","volume":8000,"label":" ","price":3.28},{"type":"A","date":"2018-04-03T03:05:02.000Z","volume":2000,"label":" ","price":3.28},{"type":"A","date":"2018-04-03T03:05:02.000Z","volume":2000,"label":" ","price":3.28},{"type":"B","date":"2018-04-03T03:05:11.000Z","volume":6000,"label":" ","price":3.27},{"type":"A","date":"2018-04-03T03:05:15.000Z","volume":2000,"label":" ","price":3.28},{"type":"A","date":"2018-04-03T03:06:47.000Z","volume":2000,"label":" ","price":3.28},{"type":"A","date":"2018-04-03T03:06:47.000Z","volume":2000,"label":" ","price":3.28},{"type":"A","date":"2018-04-03T03:06:47.000Z","volume":2000,"label":" ","price":3.28},{"type":"U","date":"2018-04-03T03:07:18.000Z","volume":2000,"label":"X","price":3.27},{"type":"U","date":"2018-04-03T03:07:48.000Z","volume":2000,"label":"X","price":3.275},{"type":"B","date":"2018-04-03T03:08:28.000Z","volume":38000,"label":" ","price":3.27},{"type":"B","date":"2018-04-03T03:08:28.000Z","volume":10000,"label":" ","price":3.27},{"type":"U","date":"2018-04-03T03:08:48.000Z","volume":2000,"label":"X","price":3.27},{"type":"B","date":"2018-04-03T03:09:07.000Z","volume":10000,"label":" ","price":3.27},{"type":"U","date":"2018-04-03T03:09:18.000Z","volume":2000,"label":"X","price":3.27},{"type":"B","date":"2018-04-03T03:09:38.000Z","volume":6000,"label":" ","price":3.27},{"type":"U","date":"2018-04-03T03:10:18.000Z","volume":2000,"label":"X","price":3.27},{"type":"A","date":"2018-04-03T03:10:19.000Z","volume":2000,"label":" ","price":3.28},{"type":"B","date":"2018-04-03T03:10:24.000Z","volume":4000,"label":" ","price":3.27},{"type":"U","date":"2018-04-03T03:11:18.000Z","volume":2000,"label":"X","price":3.27},{"type":"A","date":"2018-04-03T03:11:23.000Z","volume":6000,"label":" ","price":3.28},{"type":"U","date":"2018-04-03T03:11:48.000Z","volume":2000,"label":"X","price":3.27},{"type":"A","date":"2018-04-03T03:12:07.000Z","volume":2000,"label":" ","price":3.28},{"type":"U","date":"2018-04-03T03:12:48.000Z","volume":2000,"label":"X","price":3.27},{"type":"U","date":"2018-04-03T03:13:48.000Z","volume":2000,"label":"X","price":3.27},{"type":"U","date":"2018-04-03T03:14:18.000Z","volume":2000,"label":"X","price":3.27},{"type":"B","date":"2018-04-03T03:14:24.000Z","volume":4000,"label":" ","price":3.27},{"type":"U","date":"2018-04-03T03:15:18.000Z","volume":2000,"label":"X","price":3.27},{"type":"A","date":"2018-04-03T03:15:19.000Z","volume":8000,"label":" ","price":3.28},{"type":"A","date":"2018-04-03T03:15:19.000Z","volume":8000,"label":" ","price":3.28},{"type":"A","date":"2018-04-03T03:15:20.000Z","volume":2000,"label":" ","price":3.28},{"type":"A","date":"2018-04-03T03:16:01.000Z","volume":2000,"label":" ","price":3.28},{"type":"U","date":"2018-04-03T03:16:18.000Z","volume":2000,"label":"X","price":3.27},{"type":"U","date":"2018-04-03T03:16:48.000Z","volume":2000,"label":"X","price":3.27},{"type":"A","date":"2018-04-03T03:17:26.000Z","volume":6000,"label":" ","price":3.28},{"type":"U","date":"2018-04-03T03:17:49.000Z","volume":2000,"label":"X","price":3.27},{"type":"A","date":"2018-04-03T03:17:57.000Z","volume":2000,"label":" ","price":3.28},{"type":"A","date":"2018-04-03T03:20:48.000Z","volume":2000,"label":" ","price":3.28},{"type":"A","date":"2018-04-03T03:20:49.000Z","volume":2000,"label":" ","price":3.28},{"type":"B","date":"2018-04-03T03:21:07.000Z","volume":84000,"label":" ","price":3.27},{"type":"B","date":"2018-04-03T03:21:07.000Z","volume":6000,"label":" ","price":3.27},{"type":"A","date":"2018-04-03T03:21:07.000Z","volume":2000,"label":" ","price":3.28},{"type":"B","date":"2018-04-03T03:21:07.000Z","volume":14000,"label":" ","price":3.27},{"type":"B","date":"2018-04-03T03:21:24.000Z","volume":6000,"label":" ","price":3.27},{"type":"B","date":"2018-04-03T03:21:40.000Z","volume":2000,"label":" ","price":3.27},{"type":"A","date":"2018-04-03T03:21:45.000Z","volume":2000,"label":" ","price":3.28},{"type":"B","date":"2018-04-03T03:23:26.000Z","volume":28000,"label":" ","price":3.27},{"type":"A","date":"2018-04-03T03:23:26.000Z","volume":4000,"label":" ","price":3.28},{"type":"B","date":"2018-04-03T03:24:16.000Z","volume":12000,"label":" ","price":3.27},{"type":"A","date":"2018-04-03T03:24:16.000Z","volume":4000,"label":" ","price":3.27},{"type":"A","date":"2018-04-03T03:24:16.000Z","volume":2000,"label":" ","price":3.27},{"type":"A","date":"2018-04-03T03:24:17.000Z","volume":8000,"label":" ","price":3.27},{"type":"B","date":"2018-04-03T03:24:20.000Z","volume":2000,"label":" ","price":3.26},{"type":"B","date":"2018-04-03T03:24:55.000Z","volume":8000,"label":" ","price":3.26},{"type":"A","date":"2018-04-03T03:24:58.000Z","volume":2000,"label":" ","price":3.27},{"type":"B","date":"2018-04-03T03:25:40.000Z","volume":2000,"label":" ","price":3.26},{"type":"B","date":"2018-04-03T03:26:47.000Z","volume":12000,"label":" ","price":3.26},{"type":"A","date":"2018-04-03T03:26:48.000Z","volume":2000,"label":" ","price":3.27},{"type":"B","date":"2018-04-03T03:26:50.000Z","volume":2000,"label":" ","price":3.26},{"type":"A","date":"2018-04-03T03:27:19.000Z","volume":2000,"label":" ","price":3.27},{"type":"B","date":"2018-04-03T03:28:01.000Z","volume":2000,"label":" ","price":3.26},{"type":"B","date":"2018-04-03T03:28:50.000Z","volume":4000,"label":" ","price":3.26},{"type":"B","date":"2018-04-03T03:29:11.000Z","volume":2000,"label":" ","price":3.26},{"type":"A","date":"2018-04-03T03:30:07.000Z","volume":256000,"label":" ","price":3.27},{"type":"A","date":"2018-04-03T03:30:08.000Z","volume":30000,"label":" ","price":3.28},{"type":"A","date":"2018-04-03T03:30:19.000Z","volume":8000,"label":" ","price":3.28},{"type":"A","date":"2018-04-03T03:30:39.000Z","volume":2000,"label":" ","price":3.28},{"type":"B","date":"2018-04-03T03:31:49.000Z","volume":14000,"label":" ","price":3.27},{"type":"A","date":"2018-04-03T03:31:51.000Z","volume":2000,"label":" ","price":3.28},{"type":"A","date":"2018-04-03T03:32:17.000Z","volume":2000,"label":" ","price":3.28},{"type":"B","date":"2018-04-03T03:32:52.000Z","volume":2000,"label":" ","price":3.27},{"type":"A","date":"2018-04-03T03:33:02.000Z","volume":2000,"label":" ","price":3.28},{"type":"B","date":"2018-04-03T03:34:03.000Z","volume":2000,"label":" ","price":3.27},{"type":"A","date":"2018-04-03T03:34:50.000Z","volume":8000,"label":" ","price":3.28},{"type":"A","date":"2018-04-03T03:34:51.000Z","volume":2000,"label":" ","price":3.28},{"type":"B","date":"2018-04-03T03:35:14.000Z","volume":2000,"label":" ","price":3.27},{"type":"B","date":"2018-04-03T03:36:24.000Z","volume":2000,"label":" ","price":3.27},{"type":"B","date":"2018-04-03T03:37:34.000Z","volume":2000,"label":" ","price":3.27},{"type":"A","date":"2018-04-03T03:37:40.000Z","volume":2000,"label":" ","price":3.28},{"type":"A","date":"2018-04-03T03:38:42.000Z","volume":2000,"label":" ","price":3.28},{"type":"B","date":"2018-04-03T03:38:44.000Z","volume":2000,"label":" ","price":3.27},{"type":"B","date":"2018-04-03T03:39:54.000Z","volume":2000,"label":" ","price":3.27},{"type":"A","date":"2018-04-03T03:39:57.000Z","volume":2000,"label":" ","price":3.28},{"type":"B","date":"2018-04-03T03:41:20.000Z","volume":4000,"label":" ","price":3.27},{"type":"B","date":"2018-04-03T03:42:24.000Z","volume":2000,"label":" ","price":3.27},{"type":"A","date":"2018-04-03T03:43:26.000Z","volume":6000,"label":" ","price":3.28},{"type":"B","date":"2018-04-03T03:43:44.000Z","volume":2000,"label":" ","price":3.27},{"type":"A","date":"2018-04-03T03:44:26.000Z","volume":2000,"label":" ","price":3.28},{"type":"B","date":"2018-04-03T03:44:55.000Z","volume":2000,"label":" ","price":3.27},{"type":"A","date":"2018-04-03T03:44:56.000Z","volume":2000,"label":" ","price":3.28},{"type":"A","date":"2018-04-03T03:46:10.000Z","volume":100000,"label":" ","price":3.28},{"type":"A","date":"2018-04-03T03:46:10.000Z","volume":6000,"label":" ","price":3.28},{"type":"A","date":"2018-04-03T03:46:10.000Z","volume":10000,"label":" ","price":3.28},{"type":"A","date":"2018-04-03T03:46:19.000Z","volume":6000,"label":" ","price":3.28},{"type":"A","date":"2018-04-03T03:46:22.000Z","volume":2000,"label":" ","price":3.28},{"type":"B","date":"2018-04-03T03:47:45.000Z","volume":2000,"label":" ","price":3.27},{"type":"A","date":"2018-04-03T03:48:20.000Z","volume":2000,"label":" ","price":3.28},{"type":"B","date":"2018-04-03T03:49:16.000Z","volume":2000,"label":" ","price":3.27},{"type":"A","date":"2018-04-03T03:49:26.000Z","volume":6000,"label":" ","price":3.28},{"type":"A","date":"2018-04-03T03:50:07.000Z","volume":2000,"label":" ","price":3.28},{"type":"A","date":"2018-04-03T03:50:08.000Z","volume":2000,"label":" ","price":3.28},{"type":"B","date":"2018-04-03T03:50:13.000Z","volume":12000,"label":" ","price":3.27},{"type":"B","date":"2018-04-03T03:50:21.000Z","volume":4000,"label":" ","price":3.27},{"type":"B","date":"2018-04-03T03:50:56.000Z","volume":2000,"label":" ","price":3.27},{"type":"A","date":"2018-04-03T03:50:57.000Z","volume":2000,"label":" ","price":3.28},{"type":"A","date":"2018-04-03T03:51:23.000Z","volume":2000,"label":" ","price":3.28},{"type":"A","date":"2018-04-03T03:51:23.000Z","volume":2000,"label":" ","price":3.28},{"type":"B","date":"2018-04-03T03:52:37.000Z","volume":2000,"label":" ","price":3.27},{"type":"B","date":"2018-04-03T03:52:55.000Z","volume":6000,"label":" ","price":3.27},{"type":"A","date":"2018-04-03T03:53:15.000Z","volume":2000,"label":" ","price":3.28},{"type":"A","date":"2018-04-03T03:53:15.000Z","volume":2000,"label":" ","price":3.28},{"type":"B","date":"2018-04-03T03:53:27.000Z","volume":2000,"label":" ","price":3.27},{"type":"A","date":"2018-04-03T03:53:28.000Z","volume":2000,"label":" ","price":3.28},{"type":"A","date":"2018-04-03T03:55:26.000Z","volume":4000,"label":" ","price":3.28},{"type":"B","date":"2018-04-03T03:55:38.000Z","volume":2000,"label":" ","price":3.27},{"type":"A","date":"2018-04-03T03:55:38.000Z","volume":2000,"label":" ","price":3.28},{"type":"A","date":"2018-04-03T03:55:49.000Z","volume":2000,"label":" ","price":3.28},{"type":"A","date":"2018-04-03T03:57:04.000Z","volume":2000,"label":"Y","price":3.28},{"type":"U","date":"2018-04-03T03:57:41.000Z","volume":2000,"label":"X","price":3.27},{"type":"U","date":"2018-04-03T03:58:11.000Z","volume":2000,"label":"X","price":3.27},{"type":"A","date":"2018-04-03T03:58:19.000Z","volume":2000,"label":" ","price":3.28},{"type":"B","date":"2018-04-03T03:59:10.000Z","volume":2000,"label":" ","price":3.27},{"type":"U","date":"2018-04-03T03:59:11.000Z","volume":2000,"label":"X","price":3.27},{"type":"A","date":"2018-04-03T03:59:26.000Z","volume":4000,"label":" ","price":3.28},{"type":"A","date":"2018-04-03T03:59:31.000Z","volume":2000,"label":" ","price":3.28},{"type":"A","date":"2018-04-03T03:59:31.000Z","volume":2000,"label":" ","price":3.28},{"type":"B","date":"2018-04-03T03:59:41.000Z","volume":4000,"label":" ","price":3.27},{"type":"A","date":"2018-04-03T03:59:41.000Z","volume":44000,"label":" ","price":3.28},{"type":"U","date":"2018-04-03T03:59:41.000Z","volume":2000,"label":"X","price":3.27},{"type":"A","date":"2018-04-03T03:59:43.000Z","volume":2000,"label":" ","price":3.28},{"type":"A","date":"2018-04-03T03:59:45.000Z","volume":2000,"label":" ","price":3.29},{"type":"A","date":"2018-04-03T05:00:00.000Z","volume":6000,"label":" ","price":3.29},{"type":"B","date":"2018-04-03T05:00:02.000Z","volume":20000,"label":" ","price":3.28},{"type":"A","date":"2018-04-03T05:00:02.000Z","volume":4000,"label":" ","price":3.29},{"type":"U","date":"2018-04-03T05:00:09.000Z","volume":2000,"label":"X","price":3.28},{"type":"A","date":"2018-04-03T05:00:33.000Z","volume":2000,"label":" ","price":3.29},{"type":"A","date":"2018-04-03T05:01:17.000Z","volume":2000,"label":" ","price":3.29},{"type":"U","date":"2018-04-03T05:01:43.000Z","volume":2000,"label":"X","price":3.28},{"type":"A","date":"2018-04-03T05:02:24.000Z","volume":2000,"label":" ","price":3.29},{"type":"U","date":"2018-04-03T05:02:43.000Z","volume":2000,"label":"X","price":3.28},{"type":"U","date":"2018-04-03T05:03:06.000Z","volume":1772,"label":"D","price":3.33},{"type":"U","date":"2018-04-03T05:03:43.000Z","volume":2000,"label":"X","price":3.28},{"type":"U","date":"2018-04-03T05:04:13.000Z","volume":2000,"label":"X","price":3.28},{"type":"U","date":"2018-04-03T05:04:43.000Z","volume":2000,"label":"X","price":3.28},{"type":"A","date":"2018-04-03T05:05:07.000Z","volume":4000,"label":" ","price":3.29},{"type":"U","date":"2018-04-03T05:05:13.000Z","volume":2000,"label":"X","price":3.28},{"type":"U","date":"2018-04-03T05:05:43.000Z","volume":2000,"label":"X","price":3.28},{"type":"A","date":"2018-04-03T05:07:00.000Z","volume":2000,"label":" ","price":3.29},{"type":"A","date":"2018-04-03T05:07:03.000Z","volume":2000,"label":" ","price":3.29},{"type":"B","date":"2018-04-03T05:09:23.000Z","volume":2000,"label":" ","price":3.28},{"type":"A","date":"2018-04-03T05:10:02.000Z","volume":8000,"label":" ","price":3.29},{"type":"B","date":"2018-04-03T05:10:43.000Z","volume":10000,"label":" ","price":3.28},{"type":"A","date":"2018-04-03T05:10:43.000Z","volume":2000,"label":" ","price":3.29},{"type":"A","date":"2018-04-03T05:10:43.000Z","volume":2000,"label":" ","price":3.29},{"type":"B","date":"2018-04-03T05:11:28.000Z","volume":6000,"label":" ","price":3.28},{"type":"A","date":"2018-04-03T05:12:41.000Z","volume":2000,"label":" ","price":3.29},{"type":"B","date":"2018-04-03T05:13:55.000Z","volume":10000,"label":" ","price":3.28},{"type":"A","date":"2018-04-03T05:13:58.000Z","volume":2000,"label":" ","price":3.29},{"type":"A","date":"2018-04-03T05:14:32.000Z","volume":8000,"label":" ","price":3.29},{"type":"B","date":"2018-04-03T05:14:32.000Z","volume":8000,"label":"Y","price":3.28},{"type":"B","date":"2018-04-03T05:14:32.000Z","volume":18000,"label":" ","price":3.28},{"type":"A","date":"2018-04-03T05:14:34.000Z","volume":4000,"label":" ","price":3.29},{"type":"A","date":"2018-04-03T05:14:34.000Z","volume":4000,"label":" ","price":3.29},{"type":"B","date":"2018-04-03T05:14:37.000Z","volume":4000,"label":" ","price":3.28},{"type":"B","date":"2018-04-03T05:14:40.000Z","volume":22000,"label":" ","price":3.28},{"type":"B","date":"2018-04-03T05:14:40.000Z","volume":4000,"label":" ","price":3.28},{"type":"A","date":"2018-04-03T05:14:41.000Z","volume":4000,"label":" ","price":3.29},{"type":"A","date":"2018-04-03T05:14:41.000Z","volume":4000,"label":" ","price":3.29},{"type":"B","date":"2018-04-03T05:14:54.000Z","volume":10000,"label":" ","price":3.28},{"type":"B","date":"2018-04-03T05:14:56.000Z","volume":4000,"label":" ","price":3.28},{"type":"B","date":"2018-04-03T05:16:04.000Z","volume":6000,"label":" ","price":3.28},{"type":"B","date":"2018-04-03T05:18:16.000Z","volume":10000,"label":" ","price":3.28},{"type":"A","date":"2018-04-03T05:18:23.000Z","volume":2000,"label":" ","price":3.29},{"type":"B","date":"2018-04-03T05:19:22.000Z","volume":2000,"label":" ","price":3.28},{"type":"A","date":"2018-04-03T05:19:22.000Z","volume":2000,"label":" ","price":3.29},{"type":"A","date":"2018-04-03T05:20:30.000Z","volume":4000,"label":" ","price":3.29},{"type":"B","date":"2018-04-03T05:22:53.000Z","volume":8000,"label":" ","price":3.28},{"type":"B","date":"2018-04-03T05:23:07.000Z","volume":2000,"label":" ","price":3.28},{"type":"B","date":"2018-04-03T05:23:07.000Z","volume":2000,"label":" ","price":3.28},{"type":"B","date":"2018-04-03T05:23:07.000Z","volume":6000,"label":" ","price":3.28},{"type":"A","date":"2018-04-03T05:24:06.000Z","volume":2000,"label":" ","price":3.29},{"type":"B","date":"2018-04-03T05:24:41.000Z","volume":4000,"label":" ","price":3.28},{"type":"B","date":"2018-04-03T05:28:19.000Z","volume":10000,"label":" ","price":3.28},{"type":"A","date":"2018-04-03T05:28:30.000Z","volume":2000,"label":" ","price":3.29},{"type":"B","date":"2018-04-03T05:29:24.000Z","volume":2000,"label":" ","price":3.28},{"type":"A","date":"2018-04-03T05:29:47.000Z","volume":2000,"label":" ","price":3.29},{"type":"A","date":"2018-04-03T05:31:30.000Z","volume":2000,"label":" ","price":3.29},{"type":"B","date":"2018-04-03T05:34:09.000Z","volume":2000,"label":" ","price":3.28},{"type":"B","date":"2018-04-03T05:34:09.000Z","volume":8000,"label":" ","price":3.28},{"type":"A","date":"2018-04-03T05:34:11.000Z","volume":2000,"label":" ","price":3.29},{"type":"A","date":"2018-04-03T05:34:12.000Z","volume":2000,"label":" ","price":3.29},{"type":"B","date":"2018-04-03T05:35:11.000Z","volume":4000,"label":" ","price":3.28},{"type":"A","date":"2018-04-03T05:35:23.000Z","volume":2000,"label":" ","price":3.29},{"type":"A","date":"2018-04-03T05:40:17.000Z","volume":4000,"label":" ","price":3.29},{"type":"A","date":"2018-04-03T05:41:00.000Z","volume":2000,"label":" ","price":3.29},{"type":"A","date":"2018-04-03T05:41:02.000Z","volume":6000,"label":" ","price":3.29},{"type":"A","date":"2018-04-03T05:41:02.000Z","volume":2000,"label":" ","price":3.29},{"type":"A","date":"2018-04-03T05:41:02.000Z","volume":2000,"label":" ","price":3.29},{"type":"B","date":"2018-04-03T05:41:11.000Z","volume":4000,"label":" ","price":3.28},{"type":"B","date":"2018-04-03T05:41:11.000Z","volume":2000,"label":" ","price":3.28},{"type":"B","date":"2018-04-03T05:41:11.000Z","volume":4000,"label":" ","price":3.28},{"type":"A","date":"2018-04-03T05:41:15.000Z","volume":2000,"label":" ","price":3.29},{"type":"A","date":"2018-04-03T05:42:00.000Z","volume":2000,"label":" ","price":3.29},{"type":"B","date":"2018-04-03T05:43:27.000Z","volume":4000,"label":" ","price":3.28},{"type":"A","date":"2018-04-03T05:43:29.000Z","volume":2000,"label":" ","price":3.29},{"type":"B","date":"2018-04-03T05:43:29.000Z","volume":20000,"label":" ","price":3.28},{"type":"A","date":"2018-04-03T05:43:32.000Z","volume":6000,"label":" ","price":3.29},{"type":"A","date":"2018-04-03T05:43:32.000Z","volume":2000,"label":" ","price":3.29},{"type":"B","date":"2018-04-03T05:43:58.000Z","volume":4000,"label":" ","price":3.28},{"type":"A","date":"2018-04-03T05:44:08.000Z","volume":20000,"label":" ","price":3.29},{"type":"A","date":"2018-04-03T05:44:09.000Z","volume":2000,"label":" ","price":3.29},{"type":"U","date":"2018-04-03T05:44:10.000Z","volume":794,"label":"D","price":3.23},{"type":"A","date":"2018-04-03T05:44:58.000Z","volume":2000,"label":" ","price":3.29},{"type":"A","date":"2018-04-03T05:45:00.000Z","volume":2000,"label":" ","price":3.29},{"type":"A","date":"2018-04-03T05:46:02.000Z","volume":6000,"label":" ","price":3.29},{"type":"A","date":"2018-04-03T05:46:53.000Z","volume":2000,"label":" ","price":3.29},{"type":"B","date":"2018-04-03T05:48:36.000Z","volume":2000,"label":" ","price":3.28},{"type":"A","date":"2018-04-03T05:48:47.000Z","volume":6000,"label":" ","price":3.29},{"type":"B","date":"2018-04-03T05:49:54.000Z","volume":4000,"label":" ","price":3.28},{"type":"B","date":"2018-04-03T05:49:54.000Z","volume":4000,"label":" ","price":3.28},{"type":"B","date":"2018-04-03T05:49:54.000Z","volume":2000,"label":" ","price":3.28},{"type":"A","date":"2018-04-03T05:49:55.000Z","volume":2000,"label":" ","price":3.29},{"type":"A","date":"2018-04-03T05:51:00.000Z","volume":6000,"label":" ","price":3.29},{"type":"A","date":"2018-04-03T05:51:47.000Z","volume":6000,"label":"Y","price":3.29},{"type":"A","date":"2018-04-03T05:51:47.000Z","volume":2000,"label":" ","price":3.29},{"type":"A","date":"2018-04-03T05:51:47.000Z","volume":2000,"label":" ","price":3.29},{"type":"A","date":"2018-04-03T05:52:30.000Z","volume":4000,"label":"Y","price":3.29},{"type":"A","date":"2018-04-03T05:52:37.000Z","volume":2000,"label":" ","price":3.29},{"type":"B","date":"2018-04-03T05:53:57.000Z","volume":4000,"label":" ","price":3.28},{"type":"A","date":"2018-04-03T05:54:00.000Z","volume":2000,"label":"Y","price":3.29},{"type":"B","date":"2018-04-03T05:55:09.000Z","volume":34000,"label":" ","price":3.28},{"type":"A","date":"2018-04-03T05:55:13.000Z","volume":2000,"label":" ","price":3.29},{"type":"A","date":"2018-04-03T05:55:30.000Z","volume":4000,"label":" ","price":3.29},{"type":"A","date":"2018-04-03T05:55:48.000Z","volume":2000,"label":" ","price":3.29},{"type":"A","date":"2018-04-03T05:55:51.000Z","volume":2000,"label":" ","price":3.29},{"type":"A","date":"2018-04-03T05:56:32.000Z","volume":6000,"label":" ","price":3.29},{"type":"A","date":"2018-04-03T05:58:11.000Z","volume":2000,"label":" ","price":3.29},{"type":"A","date":"2018-04-03T06:00:57.000Z","volume":60000,"label":" ","price":3.29},{"type":"A","date":"2018-04-03T06:00:57.000Z","volume":8000,"label":" ","price":3.29},{"type":"A","date":"2018-04-03T06:00:59.000Z","volume":8000,"label":" ","price":3.29},{"type":"A","date":"2018-04-03T06:01:32.000Z","volume":6000,"label":" ","price":3.29},{"type":"B","date":"2018-04-03T06:03:11.000Z","volume":8000,"label":" ","price":3.28},{"type":"B","date":"2018-04-03T06:03:58.000Z","volume":4000,"label":" ","price":3.28},{"type":"A","date":"2018-04-03T06:03:59.000Z","volume":2000,"label":" ","price":3.29},{"type":"A","date":"2018-04-03T06:04:44.000Z","volume":2000,"label":" ","price":3.29},{"type":"A","date":"2018-04-03T06:05:17.000Z","volume":6000,"label":" ","price":3.29},{"type":"A","date":"2018-04-03T06:06:19.000Z","volume":2000,"label":" ","price":3.29},{"type":"B","date":"2018-04-03T06:07:28.000Z","volume":2000,"label":" ","price":3.28},{"type":"B","date":"2018-04-03T06:07:28.000Z","volume":2000,"label":" ","price":3.28},{"type":"B","date":"2018-04-03T06:07:28.000Z","volume":6000,"label":" ","price":3.28},{"type":"B","date":"2018-04-03T06:08:16.000Z","volume":4000,"label":" ","price":3.28},{"type":"B","date":"2018-04-03T06:08:28.000Z","volume":10000,"label":" ","price":3.28},{"type":"B","date":"2018-04-03T06:08:57.000Z","volume":2000,"label":" ","price":3.28},{"type":"A","date":"2018-04-03T06:09:02.000Z","volume":6000,"label":" ","price":3.29},{"type":"A","date":"2018-04-03T06:09:30.000Z","volume":2000,"label":" ","price":3.29},{"type":"B","date":"2018-04-03T06:11:02.000Z","volume":6000,"label":" ","price":3.28},{"type":"B","date":"2018-04-03T06:12:28.000Z","volume":4000,"label":" ","price":3.28},{"type":"B","date":"2018-04-03T06:12:44.000Z","volume":6000,"label":" ","price":3.28},{"type":"A","date":"2018-04-03T06:12:47.000Z","volume":6000,"label":" ","price":3.29},{"type":"B","date":"2018-04-03T06:13:03.000Z","volume":4000,"label":" ","price":3.28},{"type":"A","date":"2018-04-03T06:13:30.000Z","volume":2000,"label":" ","price":3.29},{"type":"B","date":"2018-04-03T06:14:30.000Z","volume":10000,"label":" ","price":3.28},{"type":"B","date":"2018-04-03T06:14:30.000Z","volume":6000,"label":" ","price":3.28},{"type":"A","date":"2018-04-03T06:15:11.000Z","volume":2000,"label":" ","price":3.29},{"type":"A","date":"2018-04-03T06:15:11.000Z","volume":2000,"label":" ","price":3.29},{"type":"A","date":"2018-04-03T06:16:17.000Z","volume":8000,"label":" ","price":3.29},{"type":"A","date":"2018-04-03T06:17:48.000Z","volume":2000,"label":" ","price":3.29},{"type":"B","date":"2018-04-03T06:18:17.000Z","volume":6000,"label":" ","price":3.28},{"type":"A","date":"2018-04-03T06:20:32.000Z","volume":6000,"label":" ","price":3.29},{"type":"A","date":"2018-04-03T06:20:32.000Z","volume":2000,"label":" ","price":3.29},{"type":"A","date":"2018-04-03T06:20:32.000Z","volume":2000,"label":" ","price":3.29},{"type":"B","date":"2018-04-03T06:20:40.000Z","volume":10000,"label":" ","price":3.28},{"type":"A","date":"2018-04-03T06:20:54.000Z","volume":2000,"label":" ","price":3.29},{"type":"A","date":"2018-04-03T06:21:30.000Z","volume":2000,"label":" ","price":3.29},{"type":"A","date":"2018-04-03T06:23:00.000Z","volume":2000,"label":"Y","price":3.29},{"type":"A","date":"2018-04-03T06:23:04.000Z","volume":2000,"label":" ","price":3.29},{"type":"B","date":"2018-04-03T06:23:34.000Z","volume":8000,"label":" ","price":3.28},{"type":"B","date":"2018-04-03T06:23:58.000Z","volume":4000,"label":" ","price":3.28},{"type":"B","date":"2018-04-03T06:24:02.000Z","volume":4000,"label":" ","price":3.28},{"type":"A","date":"2018-04-03T06:24:32.000Z","volume":6000,"label":" ","price":3.29},{"type":"A","date":"2018-04-03T06:24:36.000Z","volume":2000,"label":" ","price":3.29},{"type":"A","date":"2018-04-03T06:24:56.000Z","volume":6000,"label":" ","price":3.29},{"type":"B","date":"2018-04-03T06:26:13.000Z","volume":6000,"label":"Y","price":3.28},{"type":"B","date":"2018-04-03T06:26:13.000Z","volume":4000,"label":" ","price":3.28},{"type":"A","date":"2018-04-03T06:26:18.000Z","volume":2000,"label":" ","price":3.29},{"type":"A","date":"2018-04-03T06:26:19.000Z","volume":2000,"label":" ","price":3.29},{"type":"A","date":"2018-04-03T06:26:35.000Z","volume":2000,"label":" ","price":3.29},{"type":"B","date":"2018-04-03T06:27:45.000Z","volume":4000,"label":"Y","price":3.28},{"type":"B","date":"2018-04-03T06:28:21.000Z","volume":18000,"label":"Y","price":3.28},{"type":"B","date":"2018-04-03T06:28:21.000Z","volume":32000,"label":" ","price":3.28},{"type":"A","date":"2018-04-03T06:29:15.000Z","volume":2000,"label":" ","price":3.29},{"type":"A","date":"2018-04-03T06:29:17.000Z","volume":6000,"label":" ","price":3.29},{"type":"A","date":"2018-04-03T06:29:47.000Z","volume":4000,"label":" ","price":3.29},{"type":"B","date":"2018-04-03T06:30:07.000Z","volume":8000,"label":" ","price":3.28},{"type":"A","date":"2018-04-03T06:31:00.000Z","volume":2000,"label":" ","price":3.29},{"type":"B","date":"2018-04-03T06:31:32.000Z","volume":12000,"label":" ","price":3.28},{"type":"B","date":"2018-04-03T06:31:35.000Z","volume":10000,"label":" ","price":3.28},{"type":"A","date":"2018-04-03T06:32:00.000Z","volume":2000,"label":" ","price":3.29},{"type":"A","date":"2018-04-03T06:32:29.000Z","volume":2000,"label":" ","price":3.29},{"type":"A","date":"2018-04-03T06:32:50.000Z","volume":30000,"label":" ","price":3.29},{"type":"A","date":"2018-04-03T06:32:50.000Z","volume":2000,"label":"Y","price":3.29},{"type":"A","date":"2018-04-03T06:32:50.000Z","volume":2000,"label":" ","price":3.29},{"type":"A","date":"2018-04-03T06:32:50.000Z","volume":2000,"label":" ","price":3.29},{"type":"B","date":"2018-04-03T06:35:01.000Z","volume":8000,"label":" ","price":3.28},{"type":"A","date":"2018-04-03T06:36:47.000Z","volume":6000,"label":" ","price":3.29},{"type":"A","date":"2018-04-03T06:36:47.000Z","volume":2000,"label":" ","price":3.29},{"type":"A","date":"2018-04-03T06:36:50.000Z","volume":2000,"label":" ","price":3.29},{"type":"B","date":"2018-04-03T06:36:50.000Z","volume":4000,"label":" ","price":3.28},{"type":"A","date":"2018-04-03T06:38:11.000Z","volume":2000,"label":" ","price":3.29},{"type":"A","date":"2018-04-03T06:38:47.000Z","volume":6000,"label":" ","price":3.29},{"type":"A","date":"2018-04-03T06:38:47.000Z","volume":2000,"label":"Y","price":3.29},{"type":"B","date":"2018-04-03T06:40:13.000Z","volume":4000,"label":" ","price":3.28},{"type":"A","date":"2018-04-03T06:40:13.000Z","volume":2000,"label":" ","price":3.29},{"type":"A","date":"2018-04-03T06:40:32.000Z","volume":6000,"label":" ","price":3.29},{"type":"B","date":"2018-04-03T06:41:59.000Z","volume":4000,"label":" ","price":3.28},{"type":"B","date":"2018-04-03T06:42:06.000Z","volume":2000,"label":" ","price":3.28},{"type":"B","date":"2018-04-03T06:42:06.000Z","volume":2000,"label":"Y","price":3.28},{"type":"B","date":"2018-04-03T06:42:06.000Z","volume":4000,"label":"Y","price":3.28},{"type":"B","date":"2018-04-03T06:42:06.000Z","volume":2000,"label":" ","price":3.28},{"type":"B","date":"2018-04-03T06:42:06.000Z","volume":4000,"label":" ","price":3.28},{"type":"A","date":"2018-04-03T06:42:08.000Z","volume":2000,"label":" ","price":3.29},{"type":"B","date":"2018-04-03T06:42:22.000Z","volume":8000,"label":" ","price":3.28},{"type":"A","date":"2018-04-03T06:42:24.000Z","volume":2000,"label":" ","price":3.29},{"type":"A","date":"2018-04-03T06:42:25.000Z","volume":2000,"label":" ","price":3.29},{"type":"A","date":"2018-04-03T06:42:47.000Z","volume":6000,"label":" ","price":3.29},{"type":"A","date":"2018-04-03T06:43:41.000Z","volume":2000,"label":" ","price":3.29},{"type":"A","date":"2018-04-03T06:45:28.000Z","volume":2000,"label":" ","price":3.29},{"type":"A","date":"2018-04-03T06:45:32.000Z","volume":6000,"label":" ","price":3.29},{"type":"B","date":"2018-04-03T06:47:17.000Z","volume":10000,"label":" ","price":3.28},{"type":"A","date":"2018-04-03T06:47:19.000Z","volume":2000,"label":" ","price":3.29},{"type":"B","date":"2018-04-03T06:48:04.000Z","volume":10000,"label":" ","price":3.28},{"type":"A","date":"2018-04-03T06:48:06.000Z","volume":2000,"label":" ","price":3.29},{"type":"A","date":"2018-04-03T06:48:06.000Z","volume":2000,"label":" ","price":3.29},{"type":"A","date":"2018-04-03T06:49:23.000Z","volume":2000,"label":" ","price":3.29},{"type":"A","date":"2018-04-03T06:49:23.000Z","volume":22000,"label":"Y","price":3.29},{"type":"A","date":"2018-04-03T06:49:23.000Z","volume":192000,"label":" ","price":3.29},{"type":"A","date":"2018-04-03T06:49:23.000Z","volume":2000,"label":" ","price":3.29},{"type":"U","date":"2018-04-03T06:49:23.000Z","volume":2000,"label":" ","price":3.29},{"type":"B","date":"2018-04-03T06:49:24.000Z","volume":40000,"label":" ","price":3.29},{"type":"A","date":"2018-04-03T06:49:24.000Z","volume":26000,"label":" ","price":3.3},{"type":"B","date":"2018-04-03T06:49:24.000Z","volume":4000,"label":" ","price":3.29},{"type":"U","date":"2018-04-03T06:50:55.000Z","volume":4000,"label":" ","price":3.29},{"type":"B","date":"2018-04-03T06:50:55.000Z","volume":28000,"label":" ","price":3.28},{"type":"A","date":"2018-04-03T06:50:56.000Z","volume":4000,"label":" ","price":3.3},{"type":"U","date":"2018-04-03T06:50:59.000Z","volume":2000,"label":"X","price":3.29},{"type":"B","date":"2018-04-03T06:51:09.000Z","volume":6000,"label":" ","price":3.29},{"type":"A","date":"2018-04-03T06:52:00.000Z","volume":4000,"label":" ","price":3.3},{"type":"A","date":"2018-04-03T06:52:02.000Z","volume":2000,"label":" ","price":3.3},{"type":"A","date":"2018-04-03T06:52:17.000Z","volume":8000,"label":" ","price":3.3},{"type":"A","date":"2018-04-03T06:55:17.000Z","volume":6000,"label":" ","price":3.3},{"type":"A","date":"2018-04-03T06:55:17.000Z","volume":2000,"label":" ","price":3.3},{"type":"A","date":"2018-04-03T06:57:17.000Z","volume":6000,"label":" ","price":3.3},{"type":"B","date":"2018-04-03T06:57:49.000Z","volume":2000,"label":" ","price":3.29},{"type":"B","date":"2018-04-03T06:57:49.000Z","volume":2000,"label":" ","price":3.29},{"type":"B","date":"2018-04-03T06:57:49.000Z","volume":6000,"label":" ","price":3.29},{"type":"B","date":"2018-04-03T06:59:44.000Z","volume":6000,"label":" ","price":3.29},{"type":"A","date":"2018-04-03T06:59:46.000Z","volume":4000,"label":" ","price":3.3},{"type":"A","date":"2018-04-03T06:59:46.000Z","volume":2000,"label":" ","price":3.3},{"type":"A","date":"2018-04-03T07:00:44.000Z","volume":2000,"label":" ","price":3.3},{"type":"A","date":"2018-04-03T07:00:47.000Z","volume":6000,"label":" ","price":3.3},{"type":"A","date":"2018-04-03T07:01:49.000Z","volume":10000,"label":" ","price":3.3},{"type":"A","date":"2018-04-03T07:01:49.000Z","volume":2000,"label":" ","price":3.3},{"type":"A","date":"2018-04-03T07:02:14.000Z","volume":10000,"label":" ","price":3.3},{"type":"A","date":"2018-04-03T07:02:14.000Z","volume":2000,"label":" ","price":3.3},{"type":"A","date":"2018-04-03T07:02:17.000Z","volume":4000,"label":" ","price":3.3},{"type":"A","date":"2018-04-03T07:02:17.000Z","volume":10000,"label":" ","price":3.3},{"type":"A","date":"2018-04-03T07:02:32.000Z","volume":6000,"label":" ","price":3.3},{"type":"A","date":"2018-04-03T07:02:32.000Z","volume":2000,"label":" ","price":3.3},{"type":"B","date":"2018-04-03T07:02:51.000Z","volume":4000,"label":"Y","price":3.29},{"type":"B","date":"2018-04-03T07:02:51.000Z","volume":6000,"label":" ","price":3.29},{"type":"A","date":"2018-04-03T07:04:03.000Z","volume":2000,"label":" ","price":3.3},{"type":"A","date":"2018-04-03T07:04:17.000Z","volume":6000,"label":" ","price":3.3},{"type":"A","date":"2018-04-03T07:04:19.000Z","volume":4000,"label":" ","price":3.3},{"type":"B","date":"2018-04-03T07:04:52.000Z","volume":10000,"label":" ","price":3.29},{"type":"A","date":"2018-04-03T07:05:09.000Z","volume":2000,"label":" ","price":3.3},{"type":"A","date":"2018-04-03T07:06:16.000Z","volume":2000,"label":" ","price":3.3},{"type":"B","date":"2018-04-03T07:06:44.000Z","volume":6000,"label":" ","price":3.29},{"type":"B","date":"2018-04-03T07:06:52.000Z","volume":4000,"label":" ","price":3.29},{"type":"B","date":"2018-04-03T07:06:58.000Z","volume":6000,"label":"Y","price":3.29},{"type":"B","date":"2018-04-03T07:06:59.000Z","volume":6000,"label":"Y","price":3.29},{"type":"B","date":"2018-04-03T07:06:59.000Z","volume":58000,"label":" ","price":3.29},{"type":"B","date":"2018-04-03T07:07:06.000Z","volume":36000,"label":" ","price":3.29},{"type":"B","date":"2018-04-03T07:07:20.000Z","volume":2000,"label":" ","price":3.29},{"type":"B","date":"2018-04-03T07:07:31.000Z","volume":2000,"label":" ","price":3.29},{"type":"B","date":"2018-04-03T07:07:35.000Z","volume":4000,"label":"Y","price":3.29},{"type":"B","date":"2018-04-03T07:07:35.000Z","volume":6000,"label":" ","price":3.29},{"type":"B","date":"2018-04-03T07:08:32.000Z","volume":2000,"label":" ","price":3.29},{"type":"B","date":"2018-04-03T07:09:29.000Z","volume":10000,"label":" ","price":3.29},{"type":"B","date":"2018-04-03T07:09:29.000Z","volume":64000,"label":" ","price":3.29},{"type":"B","date":"2018-04-03T07:09:58.000Z","volume":14000,"label":" ","price":3.29},{"type":"B","date":"2018-04-03T07:10:02.000Z","volume":6000,"label":" ","price":3.29},{"type":"A","date":"2018-04-03T07:10:04.000Z","volume":4000,"label":" ","price":3.3},{"type":"A","date":"2018-04-03T07:10:16.000Z","volume":2000,"label":"Y","price":3.3},{"type":"B","date":"2018-04-03T07:11:01.000Z","volume":2000,"label":" ","price":3.29},{"type":"A","date":"2018-04-03T07:11:25.000Z","volume":8000,"label":" ","price":3.3},{"type":"A","date":"2018-04-03T07:11:25.000Z","volume":56000,"label":"Y","price":3.3},{"type":"A","date":"2018-04-03T07:11:25.000Z","volume":160000,"label":" ","price":3.3},{"type":"A","date":"2018-04-03T07:11:27.000Z","volume":24000,"label":" ","price":3.31},{"type":"A","date":"2018-04-03T07:11:48.000Z","volume":14000,"label":" ","price":3.31},{"type":"A","date":"2018-04-03T07:12:17.000Z","volume":2000,"label":" ","price":3.31},{"type":"A","date":"2018-04-03T07:12:17.000Z","volume":12000,"label":" ","price":3.31},{"type":"A","date":"2018-04-03T07:12:20.000Z","volume":4000,"label":" ","price":3.31},{"type":"B","date":"2018-04-03T07:12:22.000Z","volume":10000,"label":" ","price":3.3},{"type":"B","date":"2018-04-03T07:12:27.000Z","volume":8000,"label":" ","price":3.3},{"type":"B","date":"2018-04-03T07:12:27.000Z","volume":2000,"label":" ","price":3.3},{"type":"B","date":"2018-04-03T07:12:27.000Z","volume":2000,"label":" ","price":3.3},{"type":"B","date":"2018-04-03T07:13:01.000Z","volume":8000,"label":" ","price":3.3},{"type":"A","date":"2018-04-03T07:13:02.000Z","volume":4000,"label":" ","price":3.31},{"type":"B","date":"2018-04-03T07:14:30.000Z","volume":36000,"label":" ","price":3.3},{"type":"B","date":"2018-04-03T07:14:31.000Z","volume":2000,"label":" ","price":3.3},{"type":"A","date":"2018-04-03T07:14:40.000Z","volume":12000,"label":" ","price":3.31},{"type":"B","date":"2018-04-03T07:14:40.000Z","volume":36000,"label":" ","price":3.3},{"type":"B","date":"2018-04-03T07:16:33.000Z","volume":24000,"label":" ","price":3.3},{"type":"B","date":"2018-04-03T07:17:19.000Z","volume":8000,"label":" ","price":3.3},{"type":"A","date":"2018-04-03T07:17:30.000Z","volume":10000,"label":" ","price":3.31},{"type":"A","date":"2018-04-03T07:18:00.000Z","volume":2000,"label":" ","price":3.31},{"type":"B","date":"2018-04-03T07:18:18.000Z","volume":20000,"label":" ","price":3.3},{"type":"A","date":"2018-04-03T07:18:22.000Z","volume":4000,"label":" ","price":3.31},{"type":"B","date":"2018-04-03T07:18:34.000Z","volume":298000,"label":" ","price":3.3},{"type":"A","date":"2018-04-03T07:18:34.000Z","volume":98000,"label":" ","price":3.3},{"type":"B","date":"2018-04-03T07:18:34.000Z","volume":6000,"label":" ","price":3.29},{"type":"B","date":"2018-04-03T07:18:55.000Z","volume":8000,"label":" ","price":3.29},{"type":"B","date":"2018-04-03T07:19:28.000Z","volume":2000,"label":"Y","price":3.29},{"type":"B","date":"2018-04-03T07:19:28.000Z","volume":8000,"label":"Y","price":3.29},{"type":"B","date":"2018-04-03T07:19:28.000Z","volume":8000,"label":" ","price":3.29},{"type":"A","date":"2018-04-03T07:19:30.000Z","volume":4000,"label":" ","price":3.3},{"type":"B","date":"2018-04-03T07:21:00.000Z","volume":8000,"label":" ","price":3.29},{"type":"B","date":"2018-04-03T07:22:17.000Z","volume":22000,"label":" ","price":3.29},{"type":"A","date":"2018-04-03T07:22:19.000Z","volume":4000,"label":" ","price":3.3},{"type":"B","date":"2018-04-03T07:22:59.000Z","volume":2000,"label":"Y","price":3.29},{"type":"B","date":"2018-04-03T07:22:59.000Z","volume":8000,"label":" ","price":3.29},{"type":"A","date":"2018-04-03T07:23:38.000Z","volume":2000,"label":" ","price":3.3},{"type":"B","date":"2018-04-03T07:24:00.000Z","volume":2000,"label":" ","price":3.29},{"type":"B","date":"2018-04-03T07:24:00.000Z","volume":10000,"label":" ","price":3.29},{"type":"B","date":"2018-04-03T07:24:10.000Z","volume":2000,"label":" ","price":3.29},{"type":"B","date":"2018-04-03T07:24:20.000Z","volume":28000,"label":" ","price":3.29},{"type":"A","date":"2018-04-03T07:24:20.000Z","volume":6000,"label":" ","price":3.3},{"type":"B","date":"2018-04-03T07:24:41.000Z","volume":2000,"label":" ","price":3.29},{"type":"B","date":"2018-04-03T07:24:51.000Z","volume":18000,"label":" ","price":3.29},{"type":"B","date":"2018-04-03T07:25:03.000Z","volume":2000,"label":" ","price":3.29},{"type":"B","date":"2018-04-03T07:25:22.000Z","volume":2000,"label":" ","price":3.29},{"type":"B","date":"2018-04-03T07:25:32.000Z","volume":4000,"label":" ","price":3.29},{"type":"B","date":"2018-04-03T07:26:03.000Z","volume":2000,"label":" ","price":3.29},{"type":"B","date":"2018-04-03T07:26:29.000Z","volume":26000,"label":" ","price":3.29},{"type":"A","date":"2018-04-03T07:26:31.000Z","volume":6000,"label":" ","price":3.3},{"type":"A","date":"2018-04-03T07:26:31.000Z","volume":4000,"label":" ","price":3.3},{"type":"B","date":"2018-04-03T07:26:33.000Z","volume":2000,"label":" ","price":3.29},{"type":"B","date":"2018-04-03T07:26:33.000Z","volume":10000,"label":" ","price":3.29},{"type":"B","date":"2018-04-03T07:26:34.000Z","volume":2000,"label":" ","price":3.29},{"type":"B","date":"2018-04-03T07:27:02.000Z","volume":10000,"label":" ","price":3.29},{"type":"A","date":"2018-04-03T07:27:02.000Z","volume":4000,"label":" ","price":3.3},{"type":"B","date":"2018-04-03T07:27:14.000Z","volume":2000,"label":" ","price":3.29},{"type":"B","date":"2018-04-03T07:27:17.000Z","volume":4000,"label":" ","price":3.29},{"type":"B","date":"2018-04-03T07:27:54.000Z","volume":2000,"label":" ","price":3.29},{"type":"B","date":"2018-04-03T07:28:24.000Z","volume":2000,"label":" ","price":3.29},{"type":"B","date":"2018-04-03T07:29:02.000Z","volume":6000,"label":" ","price":3.29},{"type":"B","date":"2018-04-03T07:29:04.000Z","volume":2000,"label":" ","price":3.29},{"type":"B","date":"2018-04-03T07:29:12.000Z","volume":24000,"label":" ","price":3.29},{"type":"B","date":"2018-04-03T07:29:12.000Z","volume":14000,"label":" ","price":3.29},{"type":"A","date":"2018-04-03T07:29:12.000Z","volume":2000,"label":" ","price":3.3},{"type":"A","date":"2018-04-03T07:29:12.000Z","volume":2000,"label":" ","price":3.3},{"type":"A","date":"2018-04-03T07:29:12.000Z","volume":4000,"label":" ","price":3.3},{"type":"A","date":"2018-04-03T07:29:26.000Z","volume":2000,"label":" ","price":3.3},{"type":"B","date":"2018-04-03T07:29:34.000Z","volume":2000,"label":" ","price":3.29},{"type":"B","date":"2018-04-03T07:29:38.000Z","volume":4000,"label":" ","price":3.29},{"type":"B","date":"2018-04-03T07:30:02.000Z","volume":4000,"label":" ","price":3.29},{"type":"B","date":"2018-04-03T07:30:15.000Z","volume":2000,"label":" ","price":3.29},{"type":"A","date":"2018-04-03T07:30:19.000Z","volume":2000,"label":" ","price":3.3},{"type":"A","date":"2018-04-03T07:30:21.000Z","volume":4000,"label":" ","price":3.3},{"type":"B","date":"2018-04-03T07:30:33.000Z","volume":4000,"label":" ","price":3.29},{"type":"B","date":"2018-04-03T07:30:45.000Z","volume":2000,"label":" ","price":3.29},{"type":"B","date":"2018-04-03T07:31:23.000Z","volume":36000,"label":" ","price":3.29},{"type":"B","date":"2018-04-03T07:31:23.000Z","volume":44000,"label":"Y","price":3.28},{"type":"B","date":"2018-04-03T07:31:23.000Z","volume":154000,"label":" ","price":3.28},{"type":"B","date":"2018-04-03T07:31:23.000Z","volume":26000,"label":" ","price":3.28},{"type":"B","date":"2018-04-03T07:31:23.000Z","volume":4000,"label":" ","price":3.28},{"type":"B","date":"2018-04-03T07:31:23.000Z","volume":24000,"label":" ","price":3.27},{"type":"A","date":"2018-04-03T07:31:24.000Z","volume":6000,"label":" ","price":3.3},{"type":"B","date":"2018-04-03T07:31:25.000Z","volume":2000,"label":"Y","price":3.28},{"type":"B","date":"2018-04-03T07:31:25.000Z","volume":8000,"label":" ","price":3.28},{"type":"A","date":"2018-04-03T07:31:25.000Z","volume":6000,"label":" ","price":3.3},{"type":"B","date":"2018-04-03T07:31:32.000Z","volume":10000,"label":" ","price":3.28},{"type":"B","date":"2018-04-03T07:31:55.000Z","volume":2000,"label":" ","price":3.29},{"type":"A","date":"2018-04-03T07:32:21.000Z","volume":2000,"label":" ","price":3.3},{"type":"B","date":"2018-04-03T07:32:25.000Z","volume":2000,"label":" ","price":3.29},{"type":"B","date":"2018-04-03T07:33:05.000Z","volume":2000,"label":" ","price":3.29},{"type":"A","date":"2018-04-03T07:33:19.000Z","volume":2000,"label":" ","price":3.3},{"type":"A","date":"2018-04-03T07:33:21.000Z","volume":4000,"label":" ","price":3.3},{"type":"A","date":"2018-04-03T07:33:25.000Z","volume":16000,"label":" ","price":3.3},{"type":"A","date":"2018-04-03T07:33:25.000Z","volume":2000,"label":" ","price":3.3},{"type":"B","date":"2018-04-03T07:33:35.000Z","volume":2000,"label":" ","price":3.29},{"type":"B","date":"2018-04-03T07:34:15.000Z","volume":2000,"label":" ","price":3.29},{"type":"A","date":"2018-04-03T07:34:42.000Z","volume":2000,"label":" ","price":3.3},{"type":"B","date":"2018-04-03T07:34:45.000Z","volume":2000,"label":" ","price":3.29},{"type":"B","date":"2018-04-03T07:34:54.000Z","volume":14000,"label":" ","price":3.29},{"type":"A","date":"2018-04-03T07:34:55.000Z","volume":4000,"label":" ","price":3.3},{"type":"A","date":"2018-04-03T07:34:55.000Z","volume":2000,"label":" ","price":3.3},{"type":"A","date":"2018-04-03T07:34:59.000Z","volume":2000,"label":" ","price":3.3},{"type":"B","date":"2018-04-03T07:35:17.000Z","volume":2000,"label":" ","price":3.29},{"type":"B","date":"2018-04-03T07:35:18.000Z","volume":2000,"label":" ","price":3.29},{"type":"B","date":"2018-04-03T07:35:47.000Z","volume":2000,"label":" ","price":3.29},{"type":"A","date":"2018-04-03T07:35:56.000Z","volume":2000,"label":" ","price":3.3},{"type":"B","date":"2018-04-03T07:36:17.000Z","volume":2000,"label":" ","price":3.29},{"type":"B","date":"2018-04-03T07:36:57.000Z","volume":2000,"label":" ","price":3.29},{"type":"A","date":"2018-04-03T07:36:59.000Z","volume":2000,"label":" ","price":3.3},{"type":"B","date":"2018-04-03T07:37:28.000Z","volume":2000,"label":" ","price":3.29},{"type":"A","date":"2018-04-03T07:37:55.000Z","volume":2000,"label":" ","price":3.3},{"type":"B","date":"2018-04-03T07:37:58.000Z","volume":2000,"label":" ","price":3.29},{"type":"B","date":"2018-04-03T07:38:28.000Z","volume":2000,"label":" ","price":3.29},{"type":"B","date":"2018-04-03T07:38:58.000Z","volume":2000,"label":" ","price":3.29},{"type":"B","date":"2018-04-03T07:38:59.000Z","volume":24000,"label":" ","price":3.29},{"type":"B","date":"2018-04-03T07:38:59.000Z","volume":6000,"label":" ","price":3.29},{"type":"B","date":"2018-04-03T07:38:59.000Z","volume":16000,"label":" ","price":3.29},{"type":"B","date":"2018-04-03T07:38:59.000Z","volume":36000,"label":" ","price":3.29},{"type":"B","date":"2018-04-03T07:39:38.000Z","volume":2000,"label":" ","price":3.28},{"type":"B","date":"2018-04-03T07:40:08.000Z","volume":2000,"label":" ","price":3.28},{"type":"B","date":"2018-04-03T07:40:18.000Z","volume":2000,"label":" ","price":3.29},{"type":"B","date":"2018-04-03T07:40:32.000Z","volume":6000,"label":" ","price":3.29},{"type":"A","date":"2018-04-03T07:40:35.000Z","volume":2000,"label":" ","price":3.3},{"type":"B","date":"2018-04-03T07:40:38.000Z","volume":2000,"label":" ","price":3.29},{"type":"B","date":"2018-04-03T07:41:03.000Z","volume":4000,"label":" ","price":3.29},{"type":"B","date":"2018-04-03T07:41:08.000Z","volume":2000,"label":" ","price":3.29},{"type":"A","date":"2018-04-03T07:41:16.000Z","volume":10000,"label":" ","price":3.3},{"type":"B","date":"2018-04-03T07:41:38.000Z","volume":2000,"label":" ","price":3.29},{"type":"B","date":"2018-04-03T07:42:08.000Z","volume":2000,"label":" ","price":3.29},{"type":"B","date":"2018-04-03T07:42:11.000Z","volume":20000,"label":" ","price":3.29},{"type":"A","date":"2018-04-03T07:42:11.000Z","volume":2000,"label":" ","price":3.3},{"type":"B","date":"2018-04-03T07:42:38.000Z","volume":2000,"label":" ","price":3.29},{"type":"B","date":"2018-04-03T07:42:51.000Z","volume":20000,"label":" ","price":3.29},{"type":"A","date":"2018-04-03T07:42:53.000Z","volume":2000,"label":" ","price":3.3},{"type":"B","date":"2018-04-03T07:43:08.000Z","volume":2000,"label":" ","price":3.29},{"type":"A","date":"2018-04-03T07:43:08.000Z","volume":2000,"label":" ","price":3.3},{"type":"A","date":"2018-04-03T07:43:15.000Z","volume":2000,"label":" ","price":3.3},{"type":"B","date":"2018-04-03T07:43:38.000Z","volume":2000,"label":" ","price":3.29},{"type":"B","date":"2018-04-03T07:43:39.000Z","volume":16000,"label":" ","price":3.29},{"type":"B","date":"2018-04-03T07:44:02.000Z","volume":2000,"label":" ","price":3.29},{"type":"B","date":"2018-04-03T07:44:08.000Z","volume":2000,"label":" ","price":3.29},{"type":"B","date":"2018-04-03T07:44:33.000Z","volume":2000,"label":" ","price":3.29},{"type":"B","date":"2018-04-03T07:44:39.000Z","volume":2000,"label":" ","price":3.29},{"type":"B","date":"2018-04-03T07:45:09.000Z","volume":2000,"label":" ","price":3.29},{"type":"B","date":"2018-04-03T07:45:25.000Z","volume":2000,"label":" ","price":3.29},{"type":"B","date":"2018-04-03T07:45:33.000Z","volume":2000,"label":" ","price":3.29},{"type":"B","date":"2018-04-03T07:45:39.000Z","volume":2000,"label":" ","price":3.29},{"type":"B","date":"2018-04-03T07:46:05.000Z","volume":16000,"label":" ","price":3.29},{"type":"A","date":"2018-04-03T07:46:06.000Z","volume":24000,"label":"Y","price":3.29},{"type":"A","date":"2018-04-03T07:46:06.000Z","volume":10000,"label":" ","price":3.29},{"type":"B","date":"2018-04-03T07:46:09.000Z","volume":2000,"label":" ","price":3.28},{"type":"B","date":"2018-04-03T07:46:39.000Z","volume":2000,"label":" ","price":3.28},{"type":"A","date":"2018-04-03T07:46:43.000Z","volume":2000,"label":" ","price":3.3},{"type":"B","date":"2018-04-03T07:46:59.000Z","volume":2000,"label":" ","price":3.28},{"type":"B","date":"2018-04-03T07:47:15.000Z","volume":18000,"label":" ","price":3.28},{"type":"B","date":"2018-04-03T07:47:29.000Z","volume":2000,"label":" ","price":3.29},{"type":"A","date":"2018-04-03T07:47:53.000Z","volume":18000,"label":" ","price":3.3},{"type":"A","date":"2018-04-03T07:49:29.000Z","volume":2000,"label":" ","price":3.3},{"type":"A","date":"2018-04-03T07:49:36.000Z","volume":10000,"label":" ","price":3.3},{"type":"B","date":"2018-04-03T07:50:09.000Z","volume":2000,"label":" ","price":3.29},{"type":"B","date":"2018-04-03T07:50:17.000Z","volume":2000,"label":" ","price":3.29},{"type":"A","date":"2018-04-03T07:50:25.000Z","volume":2000,"label":" ","price":3.3},{"type":"B","date":"2018-04-03T07:50:39.000Z","volume":2000,"label":" ","price":3.29},{"type":"B","date":"2018-04-03T07:51:09.000Z","volume":2000,"label":" ","price":3.29},{"type":"A","date":"2018-04-03T07:51:10.000Z","volume":14000,"label":" ","price":3.3},{"type":"B","date":"2018-04-03T07:51:29.000Z","volume":2000,"label":" ","price":3.29},{"type":"B","date":"2018-04-03T07:51:32.000Z","volume":4000,"label":" ","price":3.29},{"type":"B","date":"2018-04-03T07:51:59.000Z","volume":2000,"label":" ","price":3.29},{"type":"A","date":"2018-04-03T07:52:00.000Z","volume":2000,"label":" ","price":3.3},{"type":"A","date":"2018-04-03T07:52:01.000Z","volume":2000,"label":" ","price":3.3},{"type":"A","date":"2018-04-03T07:52:10.000Z","volume":8000,"label":" ","price":3.3},{"type":"B","date":"2018-04-03T07:52:20.000Z","volume":2000,"label":" ","price":3.29},{"type":"B","date":"2018-04-03T07:52:40.000Z","volume":2000,"label":" ","price":3.29},{"type":"A","date":"2018-04-03T07:52:40.000Z","volume":4000,"label":" ","price":3.3},{"type":"A","date":"2018-04-03T07:52:40.000Z","volume":2000,"label":" ","price":3.3},{"type":"A","date":"2018-04-03T07:52:41.000Z","volume":2000,"label":" ","price":3.3},{"type":"B","date":"2018-04-03T07:53:10.000Z","volume":2000,"label":" ","price":3.29},{"type":"B","date":"2018-04-03T07:53:30.000Z","volume":2000,"label":" ","price":3.29},{"type":"B","date":"2018-04-03T07:53:32.000Z","volume":2000,"label":" ","price":3.29},{"type":"A","date":"2018-04-03T07:53:47.000Z","volume":10000,"label":" ","price":3.3},{"type":"A","date":"2018-04-03T07:53:47.000Z","volume":2000,"label":" ","price":3.3},{"type":"A","date":"2018-04-03T07:53:47.000Z","volume":2000,"label":" ","price":3.3},{"type":"B","date":"2018-04-03T07:53:50.000Z","volume":2000,"label":" ","price":3.29},{"type":"B","date":"2018-04-03T07:54:20.000Z","volume":2000,"label":" ","price":3.29},{"type":"B","date":"2018-04-03T07:54:40.000Z","volume":2000,"label":" ","price":3.29},{"type":"A","date":"2018-04-03T07:54:52.000Z","volume":2000,"label":" ","price":3.3},{"type":"B","date":"2018-04-03T07:55:00.000Z","volume":2000,"label":" ","price":3.29},{"type":"B","date":"2018-04-03T07:55:01.000Z","volume":2000,"label":" ","price":3.29},{"type":"A","date":"2018-04-03T07:55:06.000Z","volume":2000,"label":" ","price":3.3},{"type":"A","date":"2018-04-03T07:55:06.000Z","volume":2000,"label":" ","price":3.3},{"type":"A","date":"2018-04-03T07:55:17.000Z","volume":10000,"label":" ","price":3.3},{"type":"B","date":"2018-04-03T07:55:17.000Z","volume":26000,"label":" ","price":3.29},{"type":"A","date":"2018-04-03T07:55:19.000Z","volume":4000,"label":" ","price":3.3},{"type":"A","date":"2018-04-03T07:55:20.000Z","volume":6000,"label":" ","price":3.3},{"type":"B","date":"2018-04-03T07:55:21.000Z","volume":2000,"label":" ","price":3.29},{"type":"A","date":"2018-04-03T07:55:29.000Z","volume":2000,"label":" ","price":3.3},{"type":"B","date":"2018-04-03T07:55:42.000Z","volume":2000,"label":" ","price":3.29},{"type":"A","date":"2018-04-03T07:56:00.000Z","volume":2000,"label":" ","price":3.3},{"type":"B","date":"2018-04-03T07:56:02.000Z","volume":2000,"label":" ","price":3.29},{"type":"B","date":"2018-04-03T07:56:22.000Z","volume":2000,"label":" ","price":3.29},{"type":"A","date":"2018-04-03T07:56:30.000Z","volume":2000,"label":" ","price":3.3},{"type":"B","date":"2018-04-03T07:56:42.000Z","volume":2000,"label":" ","price":3.29},{"type":"A","date":"2018-04-03T07:56:44.000Z","volume":2000,"label":" ","price":3.3},{"type":"A","date":"2018-04-03T07:56:47.000Z","volume":8000,"label":" ","price":3.3},{"type":"B","date":"2018-04-03T07:57:02.000Z","volume":2000,"label":" ","price":3.29},{"type":"B","date":"2018-04-03T07:57:02.000Z","volume":2000,"label":" ","price":3.29},{"type":"A","date":"2018-04-03T07:57:09.000Z","volume":2000,"label":" ","price":3.3},{"type":"A","date":"2018-04-03T07:57:09.000Z","volume":2000,"label":" ","price":3.3},{"type":"B","date":"2018-04-03T07:57:11.000Z","volume":250000,"label":" ","price":3.29},{"type":"A","date":"2018-04-03T07:57:11.000Z","volume":28000,"label":" ","price":3.3},{"type":"A","date":"2018-04-03T07:57:11.000Z","volume":12000,"label":" ","price":3.3},{"type":"A","date":"2018-04-03T07:57:13.000Z","volume":2000,"label":" ","price":3.3},{"type":"A","date":"2018-04-03T07:57:14.000Z","volume":2000,"label":" ","price":3.3},{"type":"B","date":"2018-04-03T07:57:22.000Z","volume":2000,"label":" ","price":3.29},{"type":"A","date":"2018-04-03T07:57:32.000Z","volume":8000,"label":" ","price":3.3},{"type":"A","date":"2018-04-03T07:57:32.000Z","volume":20000,"label":" ","price":3.3},{"type":"B","date":"2018-04-03T07:57:32.000Z","volume":2000,"label":" ","price":3.29},{"type":"A","date":"2018-04-03T07:57:34.000Z","volume":2000,"label":" ","price":3.3},{"type":"A","date":"2018-04-03T07:57:36.000Z","volume":4000,"label":" ","price":3.3},{"type":"B","date":"2018-04-03T07:57:43.000Z","volume":2000,"label":" ","price":3.29},{"type":"A","date":"2018-04-03T07:57:55.000Z","volume":6000,"label":" ","price":3.3},{"type":"A","date":"2018-04-03T07:57:55.000Z","volume":2000,"label":" ","price":3.3},{"type":"A","date":"2018-04-03T07:57:55.000Z","volume":2000,"label":" ","price":3.3},{"type":"A","date":"2018-04-03T07:58:00.000Z","volume":2000,"label":" ","price":3.3},{"type":"B","date":"2018-04-03T07:58:01.000Z","volume":20000,"label":" ","price":3.29},{"type":"B","date":"2018-04-03T07:58:01.000Z","volume":2000,"label":" ","price":3.29},{"type":"A","date":"2018-04-03T07:58:01.000Z","volume":2000,"label":" ","price":3.3},{"type":"B","date":"2018-04-03T07:58:02.000Z","volume":2000,"label":" ","price":3.29},{"type":"A","date":"2018-04-03T07:58:03.000Z","volume":2000,"label":" ","price":3.3},{"type":"B","date":"2018-04-03T07:58:03.000Z","volume":2000,"label":" ","price":3.29},{"type":"B","date":"2018-04-03T07:58:03.000Z","volume":2000,"label":" ","price":3.29},{"type":"B","date":"2018-04-03T07:58:14.000Z","volume":2000,"label":" ","price":3.29},{"type":"A","date":"2018-04-03T07:58:17.000Z","volume":8000,"label":" ","price":3.3},{"type":"A","date":"2018-04-03T07:58:17.000Z","volume":2000,"label":" ","price":3.3},{"type":"A","date":"2018-04-03T07:58:18.000Z","volume":2000,"label":" ","price":3.3},{"type":"A","date":"2018-04-03T07:58:24.000Z","volume":2000,"label":" ","price":3.3},{"type":"B","date":"2018-04-03T07:58:25.000Z","volume":50000,"label":" ","price":3.29},{"type":"B","date":"2018-04-03T07:58:25.000Z","volume":16000,"label":" ","price":3.29},{"type":"A","date":"2018-04-03T07:58:25.000Z","volume":6000,"label":" ","price":3.3},{"type":"A","date":"2018-04-03T07:58:25.000Z","volume":2000,"label":" ","price":3.3},{"type":"A","date":"2018-04-03T07:58:29.000Z","volume":8000,"label":" ","price":3.3},{"type":"B","date":"2018-04-03T07:58:32.000Z","volume":4000,"label":" ","price":3.29},{"type":"B","date":"2018-04-03T07:58:32.000Z","volume":60000,"label":" ","price":3.29},{"type":"A","date":"2018-04-03T07:58:32.000Z","volume":2000,"label":" ","price":3.3},{"type":"A","date":"2018-04-03T07:58:33.000Z","volume":6000,"label":" ","price":3.3},{"type":"A","date":"2018-04-03T07:58:34.000Z","volume":8000,"label":" ","price":3.3},{"type":"B","date":"2018-04-03T07:58:35.000Z","volume":2000,"label":" ","price":3.29},{"type":"A","date":"2018-04-03T07:58:47.000Z","volume":2000,"label":" ","price":3.3},{"type":"A","date":"2018-04-03T07:58:47.000Z","volume":8000,"label":" ","price":3.3},{"type":"A","date":"2018-04-03T07:58:48.000Z","volume":2000,"label":" ","price":3.3},{"type":"A","date":"2018-04-03T07:58:48.000Z","volume":2000,"label":" ","price":3.3},{"type":"B","date":"2018-04-03T07:58:56.000Z","volume":2000,"label":" ","price":3.29},{"type":"B","date":"2018-04-03T07:59:01.000Z","volume":2000,"label":" ","price":3.29},{"type":"B","date":"2018-04-03T07:59:02.000Z","volume":4000,"label":" ","price":3.29},{"type":"A","date":"2018-04-03T07:59:03.000Z","volume":2000,"label":" ","price":3.3},{"type":"A","date":"2018-04-03T07:59:03.000Z","volume":2000,"label":" ","price":3.3},{"type":"B","date":"2018-04-03T07:59:03.000Z","volume":2000,"label":" ","price":3.29},{"type":"A","date":"2018-04-03T07:59:06.000Z","volume":2000,"label":" ","price":3.3},{"type":"B","date":"2018-04-03T07:59:07.000Z","volume":2000,"label":" ","price":3.29},{"type":"A","date":"2018-04-03T07:59:08.000Z","volume":12000,"label":"Y","price":3.3},{"type":"A","date":"2018-04-03T07:59:08.000Z","volume":334000,"label":" ","price":3.3},{"type":"A","date":"2018-04-03T07:59:08.000Z","volume":20000,"label":" ","price":3.31},{"type":"A","date":"2018-04-03T07:59:08.000Z","volume":18000,"label":" ","price":3.31},{"type":"A","date":"2018-04-03T07:59:10.000Z","volume":42000,"label":" ","price":3.31},{"type":"A","date":"2018-04-03T07:59:10.000Z","volume":6000,"label":" ","price":3.31},{"type":"A","date":"2018-04-03T07:59:14.000Z","volume":2000,"label":" ","price":3.31},{"type":"A","date":"2018-04-03T07:59:17.000Z","volume":8000,"label":" ","price":3.31},{"type":"A","date":"2018-04-03T07:59:17.000Z","volume":2000,"label":" ","price":3.31},{"type":"B","date":"2018-04-03T07:59:29.000Z","volume":250000,"label":" ","price":3.3},{"type":"A","date":"2018-04-03T07:59:29.000Z","volume":28000,"label":" ","price":3.31},{"type":"A","date":"2018-04-03T07:59:29.000Z","volume":28000,"label":" ","price":3.31},{"type":"A","date":"2018-04-03T07:59:29.000Z","volume":4000,"label":" ","price":3.31},{"type":"A","date":"2018-04-03T07:59:30.000Z","volume":4000,"label":" ","price":3.31},{"type":"A","date":"2018-04-03T07:59:32.000Z","volume":2000,"label":" ","price":3.31},{"type":"U","date":"2018-04-03T07:59:32.000Z","volume":953,"label":"D","price":3.26},{"type":"A","date":"2018-04-03T07:59:35.000Z","volume":2000,"label":" ","price":3.31},{"type":"A","date":"2018-04-03T07:59:35.000Z","volume":4000,"label":" ","price":3.31},{"type":"A","date":"2018-04-03T07:59:35.000Z","volume":4000,"label":" ","price":3.31},{"type":"A","date":"2018-04-03T07:59:35.000Z","volume":2000,"label":" ","price":3.31},{"type":"A","date":"2018-04-03T07:59:35.000Z","volume":2000,"label":" ","price":3.31},{"type":"B","date":"2018-04-03T07:59:37.000Z","volume":2000,"label":" ","price":3.3},{"type":"A","date":"2018-04-03T07:59:47.000Z","volume":4000,"label":" ","price":3.31},{"type":"B","date":"2018-04-03T07:59:50.000Z","volume":2000,"label":" ","price":3.3},{"type":"A","date":"2018-04-03T07:59:51.000Z","volume":2000,"label":" ","price":3.31},{"type":"B","date":"2018-04-03T07:59:55.000Z","volume":8000,"label":" ","price":3.3},{"type":"A","date":"2018-04-03T07:59:55.000Z","volume":2000,"label":" ","price":3.31},{"type":"B","date":"2018-04-03T07:59:56.000Z","volume":2000,"label":" ","price":3.3},{"type":"A","date":"2018-04-03T07:59:56.000Z","volume":2000,"label":" ","price":3.31},{"type":"B","date":"2018-04-03T07:59:59.000Z","volume":2000,"label":" ","price":3.3},{"type":"U","date":"2018-04-03T08:08:39.000Z","volume":448000,"label":"U","price":3.31}]