[{"type":"U","date":"2018-04-10T02:41:32.000Z","volume":1000,"label":"D","price":0.217},{"type":"A","date":"2018-04-10T02:46:07.000Z","volume":100000,"label":" ","price":0.23},{"type":"B","date":"2018-04-10T05:17:30.000Z","volume":32000,"label":" ","price":0.223},{"type":"B","date":"2018-04-10T05:29:08.000Z","volume":10000,"label":" ","price":0.228},{"type":"B","date":"2018-04-10T05:45:44.000Z","volume":48000,"label":" ","price":0.223},{"type":"A","date":"2018-04-10T05:45:44.000Z","volume":100000,"label":" ","price":0.223},{"type":"A","date":"2018-04-10T05:45:44.000Z","volume":218000,"label":" ","price":0.223},{"type":"A","date":"2018-04-10T05:45:47.000Z","volume":34000,"label":" ","price":0.223},{"type":"A","date":"2018-04-10T05:45:47.000Z","volume":200000,"label":" ","price":0.223},{"type":"B","date":"2018-04-10T05:47:21.000Z","volume":360000,"label":" ","price":0.222},{"type":"A","date":"2018-04-10T06:32:24.000Z","volume":200000,"label":" ","price":0.223},{"type":"B","date":"2018-04-10T06:32:53.000Z","volume":160000,"label":" ","price":0.224},{"type":"A","date":"2018-04-10T06:36:20.000Z","volume":200000,"label":" ","price":0.225},{"type":"A","date":"2018-04-10T06:37:29.000Z","volume":100000,"label":" ","price":0.226},{"type":"B","date":"2018-04-10T06:42:46.000Z","volume":180000,"label":" ","price":0.224},{"type":"B","date":"2018-04-10T06:50:07.000Z","volume":40000,"label":" ","price":0.224},{"type":"B","date":"2018-04-10T06:57:06.000Z","volume":160000,"label":" ","price":0.224},{"type":"B","date":"2018-04-10T07:03:25.000Z","volume":180000,"label":" ","price":0.224},{"type":"B","date":"2018-04-10T07:08:28.000Z","volume":160000,"label":" ","price":0.224},{"type":"B","date":"2018-04-10T07:09:11.000Z","volume":180000,"label":" ","price":0.224},{"type":"B","date":"2018-04-10T07:21:00.000Z","volume":160000,"label":" ","price":0.224},{"type":"B","date":"2018-04-10T07:24:41.000Z","volume":2000,"label":" ","price":0.224},{"type":"B","date":"2018-04-10T07:24:52.000Z","volume":178000,"label":" ","price":0.224},{"type":"B","date":"2018-04-10T07:28:19.000Z","volume":160000,"label":" ","price":0.224},{"type":"B","date":"2018-04-10T07:29:41.000Z","volume":180000,"label":" ","price":0.224},{"type":"B","date":"2018-04-10T07:59:41.000Z","volume":100000,"label":" ","price":0.226}]