[{"type":"B","date":"2018-03-20T01:58:47.000Z","volume":30000,"label":" ","price":1.42},{"type":"A","date":"2018-03-20T02:00:20.000Z","volume":16000,"label":" ","price":1.42},{"type":"A","date":"2018-03-20T02:01:22.000Z","volume":33000,"label":" ","price":1.42},{"type":"A","date":"2018-03-20T02:04:47.000Z","volume":23000,"label":" ","price":1.42},{"type":"A","date":"2018-03-20T02:08:31.000Z","volume":20000,"label":" ","price":1.42},{"type":"A","date":"2018-03-20T02:11:34.000Z","volume":50000,"label":" ","price":1.42},{"type":"A","date":"2018-03-20T02:12:22.000Z","volume":30000,"label":" ","price":1.42},{"type":"A","date":"2018-03-20T02:21:47.000Z","volume":10000,"label":" ","price":1.42},{"type":"A","date":"2018-03-20T02:22:54.000Z","volume":50000,"label":" ","price":1.42},{"type":"A","date":"2018-03-20T02:27:08.000Z","volume":20000,"label":" ","price":1.42},{"type":"A","date":"2018-03-20T02:27:36.000Z","volume":3000,"label":" ","price":1.42},{"type":"A","date":"2018-03-20T02:29:23.000Z","volume":3000,"label":" ","price":1.42},{"type":"A","date":"2018-03-20T02:32:08.000Z","volume":4000,"label":" ","price":1.42},{"type":"A","date":"2018-03-20T02:32:53.000Z","volume":10000,"label":" ","price":1.42},{"type":"A","date":"2018-03-20T02:33:28.000Z","volume":17000,"label":" ","price":1.43},{"type":"U","date":"2018-03-20T02:33:31.000Z","volume":14000,"label":" ","price":1.45},{"type":"B","date":"2018-03-20T02:33:52.000Z","volume":69000,"label":" ","price":1.45},{"type":"A","date":"2018-03-20T03:20:07.000Z","volume":20000,"label":" ","price":1.45},{"type":"B","date":"2018-03-20T03:25:27.000Z","volume":116000,"label":" ","price":1.43},{"type":"B","date":"2018-03-20T03:42:46.000Z","volume":30000,"label":" ","price":1.43},{"type":"B","date":"2018-03-20T03:52:10.000Z","volume":40000,"label":" ","price":1.43},{"type":"B","date":"2018-03-20T06:58:30.000Z","volume":11000,"label":" ","price":1.43},{"type":"A","date":"2018-03-20T07:48:08.000Z","volume":12000,"label":" ","price":1.45}]