[{"type":"A","date":"2018-03-22T01:33:13.000Z","volume":3000,"label":" ","price":6.84},{"type":"B","date":"2018-03-22T01:38:33.000Z","volume":9000,"label":" ","price":6.84},{"type":"B","date":"2018-03-22T01:38:33.000Z","volume":1000,"label":" ","price":6.84},{"type":"A","date":"2018-03-22T01:38:38.000Z","volume":1000,"label":" ","price":6.84},{"type":"A","date":"2018-03-22T01:40:15.000Z","volume":51000,"label":" ","price":6.84},{"type":"A","date":"2018-03-22T01:40:15.000Z","volume":3000,"label":" ","price":6.85},{"type":"A","date":"2018-03-22T01:40:15.000Z","volume":43000,"label":" ","price":6.85},{"type":"A","date":"2018-03-22T01:40:21.000Z","volume":3000,"label":"Y","price":6.87},{"type":"A","date":"2018-03-22T01:40:24.000Z","volume":2000,"label":"Y","price":6.88},{"type":"A","date":"2018-03-22T01:40:24.000Z","volume":2000,"label":" ","price":6.88},{"type":"A","date":"2018-03-22T01:40:31.000Z","volume":10000,"label":" ","price":6.9},{"type":"A","date":"2018-03-22T01:40:31.000Z","volume":1000,"label":" ","price":6.9},{"type":"A","date":"2018-03-22T01:40:33.000Z","volume":1000,"label":"Y","price":6.92},{"type":"U","date":"2018-03-22T01:40:33.000Z","volume":1000,"label":" ","price":6.92},{"type":"B","date":"2018-03-22T01:40:33.000Z","volume":2000,"label":" ","price":6.92},{"type":"A","date":"2018-03-22T01:40:33.000Z","volume":1000,"label":" ","price":6.93},{"type":"B","date":"2018-03-22T01:40:33.000Z","volume":2000,"label":" ","price":6.92},{"type":"B","date":"2018-03-22T01:40:33.000Z","volume":1000,"label":" ","price":6.92},{"type":"U","date":"2018-03-22T01:40:39.000Z","volume":1000,"label":" ","price":6.91},{"type":"B","date":"2018-03-22T01:41:22.000Z","volume":1000,"label":" ","price":6.88},{"type":"B","date":"2018-03-22T01:43:10.000Z","volume":7000,"label":" ","price":6.88},{"type":"B","date":"2018-03-22T01:43:17.000Z","volume":9000,"label":" ","price":6.88},{"type":"B","date":"2018-03-22T01:45:00.000Z","volume":1000,"label":" ","price":6.88},{"type":"B","date":"2018-03-22T01:45:22.000Z","volume":14000,"label":" ","price":6.88},{"type":"B","date":"2018-03-22T01:45:22.000Z","volume":1000,"label":" ","price":6.88},{"type":"B","date":"2018-03-22T01:45:23.000Z","volume":10000,"label":" ","price":6.88},{"type":"B","date":"2018-03-22T01:45:23.000Z","volume":5000,"label":" ","price":6.88},{"type":"B","date":"2018-03-22T01:45:30.000Z","volume":11000,"label":" ","price":6.88},{"type":"B","date":"2018-03-22T01:45:42.000Z","volume":47000,"label":" ","price":6.88},{"type":"A","date":"2018-03-22T01:47:08.000Z","volume":32000,"label":" ","price":6.88},{"type":"A","date":"2018-03-22T01:50:44.000Z","volume":6000,"label":" ","price":6.9},{"type":"A","date":"2018-03-22T01:50:44.000Z","volume":3000,"label":" ","price":6.91},{"type":"A","date":"2018-03-22T01:50:44.000Z","volume":1000,"label":" ","price":6.92},{"type":"B","date":"2018-03-22T01:51:46.000Z","volume":13000,"label":" ","price":6.9},{"type":"B","date":"2018-03-22T01:52:05.000Z","volume":7000,"label":" ","price":6.89},{"type":"B","date":"2018-03-22T01:52:46.000Z","volume":1000,"label":" ","price":6.89},{"type":"A","date":"2018-03-22T01:52:47.000Z","volume":1000,"label":" ","price":6.89},{"type":"A","date":"2018-03-22T01:53:23.000Z","volume":1000,"label":" ","price":6.89},{"type":"B","date":"2018-03-22T01:59:12.000Z","volume":1000,"label":" ","price":6.88},{"type":"B","date":"2018-03-22T02:04:57.000Z","volume":1000,"label":" ","price":6.88},{"type":"A","date":"2018-03-22T02:05:18.000Z","volume":1000,"label":" ","price":6.89},{"type":"A","date":"2018-03-22T02:08:07.000Z","volume":1000,"label":" ","price":6.89},{"type":"A","date":"2018-03-22T02:10:19.000Z","volume":2000,"label":" ","price":6.89},{"type":"A","date":"2018-03-22T02:10:19.000Z","volume":1000,"label":" ","price":6.89},{"type":"A","date":"2018-03-22T02:10:58.000Z","volume":3000,"label":" ","price":6.89},{"type":"A","date":"2018-03-22T02:11:52.000Z","volume":10000,"label":" ","price":6.89},{"type":"A","date":"2018-03-22T02:11:52.000Z","volume":6000,"label":" ","price":6.89},{"type":"A","date":"2018-03-22T02:13:29.000Z","volume":8000,"label":" ","price":6.9},{"type":"A","date":"2018-03-22T02:13:29.000Z","volume":7000,"label":" ","price":6.9},{"type":"A","date":"2018-03-22T02:13:30.000Z","volume":1000,"label":" ","price":6.92},{"type":"A","date":"2018-03-22T02:13:30.000Z","volume":4000,"label":" ","price":6.92},{"type":"A","date":"2018-03-22T02:13:33.000Z","volume":2000,"label":" ","price":6.92},{"type":"A","date":"2018-03-22T02:14:33.000Z","volume":1000,"label":" ","price":6.93},{"type":"A","date":"2018-03-22T02:15:14.000Z","volume":2000,"label":" ","price":6.93},{"type":"B","date":"2018-03-22T02:16:49.000Z","volume":20000,"label":" ","price":6.92},{"type":"B","date":"2018-03-22T02:16:49.000Z","volume":3000,"label":" ","price":6.92},{"type":"B","date":"2018-03-22T02:16:50.000Z","volume":5000,"label":" ","price":6.92},{"type":"B","date":"2018-03-22T02:16:50.000Z","volume":3000,"label":" ","price":6.92},{"type":"U","date":"2018-03-22T02:16:50.000Z","volume":1000,"label":" ","price":6.92},{"type":"B","date":"2018-03-22T02:17:31.000Z","volume":4000,"label":" ","price":6.91},{"type":"A","date":"2018-03-22T02:20:26.000Z","volume":14000,"label":" ","price":6.91},{"type":"A","date":"2018-03-22T02:21:19.000Z","volume":4000,"label":"Y","price":6.91},{"type":"B","date":"2018-03-22T02:22:19.000Z","volume":1000,"label":" ","price":6.9},{"type":"A","date":"2018-03-22T02:23:46.000Z","volume":1000,"label":"Y","price":6.91},{"type":"A","date":"2018-03-22T02:24:41.000Z","volume":1000,"label":" ","price":6.91},{"type":"B","date":"2018-03-22T02:25:03.000Z","volume":14000,"label":" ","price":6.9},{"type":"A","date":"2018-03-22T02:26:24.000Z","volume":1000,"label":" ","price":6.9},{"type":"A","date":"2018-03-22T02:27:53.000Z","volume":1000,"label":" ","price":6.9},{"type":"A","date":"2018-03-22T02:28:39.000Z","volume":1000,"label":" ","price":6.9},{"type":"A","date":"2018-03-22T02:32:29.000Z","volume":1000,"label":" ","price":6.9},{"type":"A","date":"2018-03-22T02:32:29.000Z","volume":1000,"label":" ","price":6.9},{"type":"B","date":"2018-03-22T02:33:13.000Z","volume":8000,"label":" ","price":6.89},{"type":"B","date":"2018-03-22T02:34:07.000Z","volume":20000,"label":" ","price":6.88},{"type":"B","date":"2018-03-22T02:34:07.000Z","volume":2000,"label":" ","price":6.88},{"type":"B","date":"2018-03-22T02:34:07.000Z","volume":1000,"label":" ","price":6.88},{"type":"B","date":"2018-03-22T02:35:00.000Z","volume":3000,"label":" ","price":6.87},{"type":"B","date":"2018-03-22T02:40:18.000Z","volume":2000,"label":"Y","price":6.87},{"type":"A","date":"2018-03-22T02:40:53.000Z","volume":1000,"label":" ","price":6.88},{"type":"A","date":"2018-03-22T02:41:03.000Z","volume":1000,"label":" ","price":6.88},{"type":"A","date":"2018-03-22T02:41:03.000Z","volume":1000,"label":" ","price":6.88},{"type":"B","date":"2018-03-22T02:42:53.000Z","volume":1000,"label":"Y","price":6.87},{"type":"B","date":"2018-03-22T02:42:53.000Z","volume":39000,"label":" ","price":6.87},{"type":"B","date":"2018-03-22T02:46:05.000Z","volume":3000,"label":" ","price":6.87},{"type":"A","date":"2018-03-22T02:46:19.000Z","volume":2000,"label":" ","price":6.88},{"type":"A","date":"2018-03-22T02:47:20.000Z","volume":1000,"label":" ","price":6.88},{"type":"A","date":"2018-03-22T02:49:25.000Z","volume":1000,"label":" ","price":6.88},{"type":"A","date":"2018-03-22T02:49:25.000Z","volume":1000,"label":" ","price":6.88},{"type":"A","date":"2018-03-22T02:50:03.000Z","volume":1000,"label":" ","price":6.88},{"type":"A","date":"2018-03-22T02:50:03.000Z","volume":1000,"label":" ","price":6.88},{"type":"A","date":"2018-03-22T02:50:03.000Z","volume":1000,"label":" ","price":6.88},{"type":"A","date":"2018-03-22T02:50:37.000Z","volume":3000,"label":" ","price":6.88},{"type":"A","date":"2018-03-22T02:50:37.000Z","volume":1000,"label":"Y","price":6.88},{"type":"B","date":"2018-03-22T02:52:39.000Z","volume":21000,"label":" ","price":6.87},{"type":"A","date":"2018-03-22T02:52:50.000Z","volume":1000,"label":"Y","price":6.88},{"type":"A","date":"2018-03-22T02:52:50.000Z","volume":1000,"label":" ","price":6.88},{"type":"B","date":"2018-03-22T02:53:47.000Z","volume":9000,"label":" ","price":6.87},{"type":"B","date":"2018-03-22T02:53:47.000Z","volume":9000,"label":" ","price":6.86},{"type":"A","date":"2018-03-22T03:06:16.000Z","volume":1000,"label":" ","price":6.86},{"type":"A","date":"2018-03-22T03:12:53.000Z","volume":5000,"label":" ","price":6.86},{"type":"A","date":"2018-03-22T03:13:11.000Z","volume":13000,"label":" ","price":6.86},{"type":"A","date":"2018-03-22T03:13:11.000Z","volume":1000,"label":" ","price":6.88},{"type":"A","date":"2018-03-22T03:15:30.000Z","volume":1000,"label":"Y","price":6.88},{"type":"B","date":"2018-03-22T03:16:02.000Z","volume":14000,"label":" ","price":6.86},{"type":"A","date":"2018-03-22T03:16:03.000Z","volume":1000,"label":" ","price":6.86},{"type":"B","date":"2018-03-22T03:18:04.000Z","volume":5000,"label":" ","price":6.85},{"type":"A","date":"2018-03-22T03:32:13.000Z","volume":1000,"label":" ","price":6.86},{"type":"A","date":"2018-03-22T03:34:48.000Z","volume":2000,"label":" ","price":6.86},{"type":"A","date":"2018-03-22T03:34:48.000Z","volume":1000,"label":" ","price":6.86},{"type":"A","date":"2018-03-22T03:35:44.000Z","volume":1000,"label":" ","price":6.86},{"type":"A","date":"2018-03-22T03:38:55.000Z","volume":1000,"label":" ","price":6.86},{"type":"A","date":"2018-03-22T03:38:55.000Z","volume":1000,"label":" ","price":6.86},{"type":"A","date":"2018-03-22T03:39:13.000Z","volume":1000,"label":" ","price":6.86},{"type":"A","date":"2018-03-22T03:39:14.000Z","volume":1000,"label":" ","price":6.86},{"type":"A","date":"2018-03-22T03:39:14.000Z","volume":1000,"label":" ","price":6.86},{"type":"A","date":"2018-03-22T03:40:03.000Z","volume":1000,"label":" ","price":6.86},{"type":"A","date":"2018-03-22T03:40:03.000Z","volume":1000,"label":" ","price":6.86},{"type":"A","date":"2018-03-22T03:41:42.000Z","volume":1000,"label":" ","price":6.86},{"type":"A","date":"2018-03-22T03:41:54.000Z","volume":1000,"label":" ","price":6.86},{"type":"A","date":"2018-03-22T03:46:14.000Z","volume":1000,"label":" ","price":6.86},{"type":"A","date":"2018-03-22T03:46:44.000Z","volume":1000,"label":" ","price":6.86},{"type":"A","date":"2018-03-22T03:47:18.000Z","volume":1000,"label":" ","price":6.86},{"type":"A","date":"2018-03-22T03:49:07.000Z","volume":2000,"label":" ","price":6.86},{"type":"A","date":"2018-03-22T03:49:57.000Z","volume":1000,"label":" ","price":6.86},{"type":"A","date":"2018-03-22T03:50:42.000Z","volume":1000,"label":" ","price":6.86},{"type":"A","date":"2018-03-22T03:50:42.000Z","volume":2000,"label":" ","price":6.86},{"type":"A","date":"2018-03-22T03:52:04.000Z","volume":1000,"label":" ","price":6.86},{"type":"A","date":"2018-03-22T03:52:11.000Z","volume":1000,"label":" ","price":6.86},{"type":"A","date":"2018-03-22T03:52:33.000Z","volume":1000,"label":" ","price":6.86},{"type":"A","date":"2018-03-22T03:52:33.000Z","volume":1000,"label":" ","price":6.86},{"type":"A","date":"2018-03-22T03:53:34.000Z","volume":1000,"label":" ","price":6.86},{"type":"A","date":"2018-03-22T03:53:34.000Z","volume":1000,"label":" ","price":6.86},{"type":"A","date":"2018-03-22T03:54:14.000Z","volume":1000,"label":" ","price":6.86},{"type":"A","date":"2018-03-22T03:54:41.000Z","volume":1000,"label":" ","price":6.86},{"type":"A","date":"2018-03-22T03:57:45.000Z","volume":1000,"label":" ","price":6.86},{"type":"A","date":"2018-03-22T03:58:56.000Z","volume":1000,"label":" ","price":6.86},{"type":"A","date":"2018-03-22T03:58:56.000Z","volume":1000,"label":" ","price":6.86},{"type":"A","date":"2018-03-22T03:59:24.000Z","volume":1000,"label":" ","price":6.86},{"type":"A","date":"2018-03-22T05:00:00.000Z","volume":1000,"label":" ","price":6.86},{"type":"A","date":"2018-03-22T05:00:00.000Z","volume":1000,"label":" ","price":6.86},{"type":"A","date":"2018-03-22T05:00:01.000Z","volume":1000,"label":" ","price":6.86},{"type":"A","date":"2018-03-22T05:00:04.000Z","volume":60000,"label":" ","price":6.86},{"type":"A","date":"2018-03-22T05:00:04.000Z","volume":6000,"label":" ","price":6.86},{"type":"A","date":"2018-03-22T05:00:04.000Z","volume":50000,"label":" ","price":6.86},{"type":"A","date":"2018-03-22T05:00:05.000Z","volume":8000,"label":" ","price":6.89},{"type":"U","date":"2018-03-22T05:00:06.000Z","volume":1000,"label":" ","price":6.86},{"type":"A","date":"2018-03-22T05:00:06.000Z","volume":2000,"label":" ","price":6.89},{"type":"A","date":"2018-03-22T05:00:08.000Z","volume":1000,"label":" ","price":6.89},{"type":"A","date":"2018-03-22T05:03:35.000Z","volume":1000,"label":" ","price":6.89},{"type":"A","date":"2018-03-22T05:04:16.000Z","volume":1000,"label":" ","price":6.89},{"type":"A","date":"2018-03-22T05:04:43.000Z","volume":1000,"label":" ","price":6.89},{"type":"A","date":"2018-03-22T05:05:41.000Z","volume":13000,"label":" ","price":6.89},{"type":"A","date":"2018-03-22T05:05:42.000Z","volume":1000,"label":" ","price":6.89},{"type":"A","date":"2018-03-22T05:05:46.000Z","volume":1000,"label":" ","price":6.89},{"type":"A","date":"2018-03-22T05:11:11.000Z","volume":12000,"label":" ","price":6.89},{"type":"A","date":"2018-03-22T05:11:12.000Z","volume":1000,"label":" ","price":6.89},{"type":"A","date":"2018-03-22T05:16:41.000Z","volume":13000,"label":" ","price":6.89},{"type":"A","date":"2018-03-22T05:16:47.000Z","volume":1000,"label":" ","price":6.89},{"type":"A","date":"2018-03-22T05:16:47.000Z","volume":1000,"label":" ","price":6.89},{"type":"A","date":"2018-03-22T05:16:48.000Z","volume":1000,"label":" ","price":6.89},{"type":"A","date":"2018-03-22T05:18:36.000Z","volume":1000,"label":" ","price":6.89},{"type":"B","date":"2018-03-22T05:18:39.000Z","volume":20000,"label":" ","price":6.88},{"type":"B","date":"2018-03-22T05:19:02.000Z","volume":1000,"label":" ","price":6.88},{"type":"B","date":"2018-03-22T05:19:06.000Z","volume":20000,"label":" ","price":6.88},{"type":"B","date":"2018-03-22T05:19:06.000Z","volume":4000,"label":" ","price":6.88},{"type":"B","date":"2018-03-22T05:19:06.000Z","volume":1000,"label":" ","price":6.88},{"type":"A","date":"2018-03-22T05:23:32.000Z","volume":1000,"label":" ","price":6.88},{"type":"A","date":"2018-03-22T05:26:11.000Z","volume":1000,"label":" ","price":6.88},{"type":"A","date":"2018-03-22T05:27:11.000Z","volume":3000,"label":" ","price":6.88},{"type":"A","date":"2018-03-22T05:27:36.000Z","volume":1000,"label":" ","price":6.88},{"type":"A","date":"2018-03-22T05:28:06.000Z","volume":2000,"label":" ","price":6.88},{"type":"A","date":"2018-03-22T05:28:06.000Z","volume":4000,"label":" ","price":6.88},{"type":"A","date":"2018-03-22T05:28:10.000Z","volume":2000,"label":" ","price":6.89},{"type":"A","date":"2018-03-22T05:28:10.000Z","volume":7000,"label":" ","price":6.89},{"type":"A","date":"2018-03-22T05:31:11.000Z","volume":7000,"label":" ","price":6.89},{"type":"A","date":"2018-03-22T05:31:12.000Z","volume":1000,"label":" ","price":6.89},{"type":"A","date":"2018-03-22T05:36:41.000Z","volume":1000,"label":" ","price":6.89},{"type":"A","date":"2018-03-22T05:38:11.000Z","volume":2000,"label":" ","price":6.89},{"type":"A","date":"2018-03-22T05:40:11.000Z","volume":2000,"label":" ","price":6.89},{"type":"A","date":"2018-03-22T05:40:29.000Z","volume":5000,"label":" ","price":6.89},{"type":"A","date":"2018-03-22T05:40:29.000Z","volume":3000,"label":" ","price":6.89},{"type":"A","date":"2018-03-22T05:41:18.000Z","volume":22000,"label":" ","price":6.89},{"type":"A","date":"2018-03-22T05:41:19.000Z","volume":2000,"label":" ","price":6.9},{"type":"A","date":"2018-03-22T05:41:19.000Z","volume":4000,"label":" ","price":6.9},{"type":"A","date":"2018-03-22T05:41:20.000Z","volume":7000,"label":" ","price":6.9},{"type":"A","date":"2018-03-22T05:41:47.000Z","volume":68000,"label":" ","price":6.9},{"type":"A","date":"2018-03-22T05:41:48.000Z","volume":1000,"label":" ","price":6.92},{"type":"A","date":"2018-03-22T05:41:48.000Z","volume":3000,"label":"Y","price":6.92},{"type":"A","date":"2018-03-22T05:41:48.000Z","volume":1000,"label":" ","price":6.92},{"type":"A","date":"2018-03-22T05:42:25.000Z","volume":2000,"label":" ","price":6.93},{"type":"B","date":"2018-03-22T05:45:51.000Z","volume":4000,"label":" ","price":6.91},{"type":"A","date":"2018-03-22T05:46:15.000Z","volume":1000,"label":" ","price":6.92},{"type":"A","date":"2018-03-22T05:46:16.000Z","volume":1000,"label":" ","price":6.92},{"type":"A","date":"2018-03-22T05:46:17.000Z","volume":1000,"label":" ","price":6.92},{"type":"A","date":"2018-03-22T05:46:17.000Z","volume":1000,"label":" ","price":6.92},{"type":"A","date":"2018-03-22T05:46:17.000Z","volume":1000,"label":" ","price":6.92},{"type":"A","date":"2018-03-22T05:46:38.000Z","volume":2000,"label":" ","price":6.92},{"type":"A","date":"2018-03-22T05:46:52.000Z","volume":7000,"label":" ","price":6.92},{"type":"A","date":"2018-03-22T05:47:55.000Z","volume":1000,"label":" ","price":6.92},{"type":"A","date":"2018-03-22T05:48:48.000Z","volume":1000,"label":" ","price":6.92},{"type":"A","date":"2018-03-22T05:48:52.000Z","volume":11000,"label":"Y","price":6.92},{"type":"A","date":"2018-03-22T05:48:52.000Z","volume":1000,"label":" ","price":6.92},{"type":"A","date":"2018-03-22T05:48:53.000Z","volume":1000,"label":" ","price":6.93},{"type":"A","date":"2018-03-22T05:51:55.000Z","volume":4000,"label":" ","price":6.93},{"type":"A","date":"2018-03-22T05:52:20.000Z","volume":1000,"label":" ","price":6.93},{"type":"A","date":"2018-03-22T05:52:20.000Z","volume":6000,"label":" ","price":6.93},{"type":"A","date":"2018-03-22T05:54:20.000Z","volume":16000,"label":"Y","price":6.93},{"type":"A","date":"2018-03-22T05:54:20.000Z","volume":65000,"label":" ","price":6.93},{"type":"A","date":"2018-03-22T05:54:21.000Z","volume":4000,"label":" ","price":6.94},{"type":"A","date":"2018-03-22T05:54:21.000Z","volume":3000,"label":" ","price":6.94},{"type":"A","date":"2018-03-22T05:54:32.000Z","volume":1000,"label":" ","price":6.94},{"type":"A","date":"2018-03-22T05:54:32.000Z","volume":1000,"label":" ","price":6.94},{"type":"A","date":"2018-03-22T05:54:45.000Z","volume":1000,"label":" ","price":6.94},{"type":"A","date":"2018-03-22T05:54:48.000Z","volume":3000,"label":" ","price":6.94},{"type":"A","date":"2018-03-22T05:56:18.000Z","volume":1000,"label":" ","price":6.94},{"type":"A","date":"2018-03-22T05:56:46.000Z","volume":15000,"label":" ","price":6.94},{"type":"A","date":"2018-03-22T05:56:47.000Z","volume":1000,"label":" ","price":6.95},{"type":"A","date":"2018-03-22T05:58:07.000Z","volume":20000,"label":" ","price":6.95},{"type":"A","date":"2018-03-22T05:58:08.000Z","volume":1000,"label":" ","price":6.95},{"type":"A","date":"2018-03-22T05:58:08.000Z","volume":5000,"label":" ","price":6.95},{"type":"A","date":"2018-03-22T05:58:09.000Z","volume":1000,"label":" ","price":6.95},{"type":"A","date":"2018-03-22T05:58:39.000Z","volume":1000,"label":" ","price":6.95},{"type":"A","date":"2018-03-22T05:58:39.000Z","volume":1000,"label":" ","price":6.95},{"type":"A","date":"2018-03-22T05:58:42.000Z","volume":5000,"label":" ","price":6.95},{"type":"B","date":"2018-03-22T05:59:39.000Z","volume":30000,"label":" ","price":6.94},{"type":"A","date":"2018-03-22T05:59:40.000Z","volume":1000,"label":" ","price":6.95},{"type":"A","date":"2018-03-22T06:01:24.000Z","volume":1000,"label":" ","price":6.95},{"type":"A","date":"2018-03-22T06:01:43.000Z","volume":10000,"label":" ","price":6.95},{"type":"A","date":"2018-03-22T06:01:44.000Z","volume":1000,"label":" ","price":6.95},{"type":"A","date":"2018-03-22T06:02:20.000Z","volume":1000,"label":" ","price":6.95},{"type":"A","date":"2018-03-22T06:02:50.000Z","volume":1000,"label":" ","price":6.95},{"type":"B","date":"2018-03-22T06:03:04.000Z","volume":2000,"label":" ","price":6.94},{"type":"A","date":"2018-03-22T06:03:15.000Z","volume":1000,"label":" ","price":6.95},{"type":"B","date":"2018-03-22T06:05:46.000Z","volume":10000,"label":" ","price":6.94},{"type":"B","date":"2018-03-22T06:06:18.000Z","volume":11000,"label":" ","price":6.94},{"type":"A","date":"2018-03-22T06:06:26.000Z","volume":3000,"label":" ","price":6.95},{"type":"A","date":"2018-03-22T06:08:06.000Z","volume":10000,"label":" ","price":6.95},{"type":"A","date":"2018-03-22T06:08:11.000Z","volume":7000,"label":" ","price":6.95},{"type":"A","date":"2018-03-22T06:08:12.000Z","volume":1000,"label":" ","price":6.95},{"type":"A","date":"2018-03-22T06:08:16.000Z","volume":15000,"label":" ","price":6.95},{"type":"B","date":"2018-03-22T06:10:09.000Z","volume":5000,"label":" ","price":6.94},{"type":"B","date":"2018-03-22T06:10:45.000Z","volume":25000,"label":" ","price":6.94},{"type":"B","date":"2018-03-22T06:11:23.000Z","volume":1000,"label":" ","price":6.94},{"type":"B","date":"2018-03-22T06:11:29.000Z","volume":2000,"label":" ","price":6.94},{"type":"A","date":"2018-03-22T06:11:47.000Z","volume":1000,"label":" ","price":6.95},{"type":"A","date":"2018-03-22T06:11:48.000Z","volume":1000,"label":" ","price":6.95},{"type":"A","date":"2018-03-22T06:14:45.000Z","volume":1000,"label":" ","price":6.95},{"type":"A","date":"2018-03-22T06:18:14.000Z","volume":10000,"label":" ","price":6.95},{"type":"A","date":"2018-03-22T06:20:31.000Z","volume":1000,"label":" ","price":6.95},{"type":"B","date":"2018-03-22T06:20:38.000Z","volume":10000,"label":" ","price":6.94},{"type":"A","date":"2018-03-22T06:21:41.000Z","volume":3000,"label":" ","price":6.95},{"type":"A","date":"2018-03-22T06:21:42.000Z","volume":1000,"label":" ","price":6.95},{"type":"A","date":"2018-03-22T06:31:11.000Z","volume":9000,"label":" ","price":6.95},{"type":"A","date":"2018-03-22T06:32:17.000Z","volume":1000,"label":" ","price":6.95},{"type":"A","date":"2018-03-22T06:35:24.000Z","volume":1000,"label":" ","price":6.95},{"type":"B","date":"2018-03-22T06:35:25.000Z","volume":1000,"label":" ","price":6.94},{"type":"A","date":"2018-03-22T06:36:02.000Z","volume":1000,"label":" ","price":6.95},{"type":"B","date":"2018-03-22T06:36:29.000Z","volume":1000,"label":" ","price":6.94},{"type":"B","date":"2018-03-22T06:37:52.000Z","volume":50000,"label":" ","price":6.94},{"type":"A","date":"2018-03-22T06:37:52.000Z","volume":1000,"label":" ","price":6.95},{"type":"B","date":"2018-03-22T06:38:07.000Z","volume":13000,"label":" ","price":6.94},{"type":"B","date":"2018-03-22T06:38:07.000Z","volume":16000,"label":" ","price":6.93},{"type":"A","date":"2018-03-22T06:38:07.000Z","volume":1000,"label":" ","price":6.93},{"type":"A","date":"2018-03-22T06:38:08.000Z","volume":1000,"label":" ","price":6.93},{"type":"A","date":"2018-03-22T06:38:16.000Z","volume":1000,"label":" ","price":6.92},{"type":"A","date":"2018-03-22T06:39:34.000Z","volume":3000,"label":" ","price":6.93},{"type":"B","date":"2018-03-22T06:40:18.000Z","volume":1000,"label":" ","price":6.91},{"type":"B","date":"2018-03-22T06:41:46.000Z","volume":1000,"label":" ","price":6.91},{"type":"B","date":"2018-03-22T06:45:18.000Z","volume":2000,"label":" ","price":6.92},{"type":"A","date":"2018-03-22T06:48:08.000Z","volume":1000,"label":" ","price":6.93},{"type":"A","date":"2018-03-22T06:49:32.000Z","volume":46000,"label":" ","price":6.93},{"type":"A","date":"2018-03-22T06:49:32.000Z","volume":6000,"label":" ","price":6.93},{"type":"A","date":"2018-03-22T06:49:33.000Z","volume":3000,"label":" ","price":6.95},{"type":"B","date":"2018-03-22T06:50:15.000Z","volume":3000,"label":" ","price":6.92},{"type":"A","date":"2018-03-22T06:50:35.000Z","volume":500000,"label":" ","price":6.94},{"type":"A","date":"2018-03-22T06:50:35.000Z","volume":3000,"label":" ","price":6.94},{"type":"A","date":"2018-03-22T06:50:36.000Z","volume":23000,"label":" ","price":6.95},{"type":"A","date":"2018-03-22T06:51:41.000Z","volume":3000,"label":" ","price":6.95},{"type":"A","date":"2018-03-22T06:52:39.000Z","volume":1000,"label":" ","price":6.95},{"type":"A","date":"2018-03-22T06:54:28.000Z","volume":3000,"label":" ","price":6.95},{"type":"A","date":"2018-03-22T06:57:02.000Z","volume":1000,"label":" ","price":6.95},{"type":"A","date":"2018-03-22T06:58:11.000Z","volume":25000,"label":" ","price":6.95},{"type":"A","date":"2018-03-22T06:58:11.000Z","volume":2000,"label":" ","price":6.95},{"type":"A","date":"2018-03-22T06:58:12.000Z","volume":44000,"label":" ","price":6.95},{"type":"A","date":"2018-03-22T06:58:17.000Z","volume":1000,"label":" ","price":6.97},{"type":"A","date":"2018-03-22T06:58:17.000Z","volume":1000,"label":" ","price":6.97},{"type":"A","date":"2018-03-22T06:58:17.000Z","volume":1000,"label":" ","price":6.97},{"type":"A","date":"2018-03-22T06:58:17.000Z","volume":1000,"label":" ","price":6.97},{"type":"A","date":"2018-03-22T06:58:17.000Z","volume":1000,"label":" ","price":6.97},{"type":"A","date":"2018-03-22T06:58:17.000Z","volume":1000,"label":" ","price":6.97},{"type":"A","date":"2018-03-22T06:58:48.000Z","volume":2000,"label":" ","price":6.98},{"type":"A","date":"2018-03-22T06:59:06.000Z","volume":1000,"label":" ","price":6.98},{"type":"A","date":"2018-03-22T06:59:17.000Z","volume":1000,"label":" ","price":6.98},{"type":"A","date":"2018-03-22T07:00:23.000Z","volume":2000,"label":"Y","price":6.98},{"type":"A","date":"2018-03-22T07:00:23.000Z","volume":8000,"label":" ","price":6.98},{"type":"A","date":"2018-03-22T07:02:14.000Z","volume":4000,"label":" ","price":6.98},{"type":"A","date":"2018-03-22T07:02:39.000Z","volume":1000,"label":" ","price":6.98},{"type":"A","date":"2018-03-22T07:02:39.000Z","volume":6000,"label":" ","price":6.98},{"type":"A","date":"2018-03-22T07:02:47.000Z","volume":1000,"label":" ","price":6.98},{"type":"A","date":"2018-03-22T07:03:09.000Z","volume":3000,"label":" ","price":6.98},{"type":"A","date":"2018-03-22T07:03:09.000Z","volume":2000,"label":" ","price":6.98},{"type":"A","date":"2018-03-22T07:03:09.000Z","volume":1000,"label":" ","price":6.98},{"type":"U","date":"2018-03-22T07:03:14.000Z","volume":1000,"label":"X","price":6.98},{"type":"A","date":"2018-03-22T07:03:23.000Z","volume":1000,"label":" ","price":6.99},{"type":"A","date":"2018-03-22T07:07:18.000Z","volume":3000,"label":" ","price":6.99},{"type":"A","date":"2018-03-22T07:07:33.000Z","volume":21000,"label":"Y","price":6.99},{"type":"A","date":"2018-03-22T07:07:33.000Z","volume":75000,"label":" ","price":6.99},{"type":"A","date":"2018-03-22T07:08:07.000Z","volume":15000,"label":" ","price":7},{"type":"A","date":"2018-03-22T07:08:07.000Z","volume":9000,"label":" ","price":7},{"type":"A","date":"2018-03-22T07:08:22.000Z","volume":1000,"label":" ","price":7},{"type":"A","date":"2018-03-22T07:08:30.000Z","volume":2000,"label":" ","price":7},{"type":"A","date":"2018-03-22T07:08:43.000Z","volume":30000,"label":" ","price":7},{"type":"A","date":"2018-03-22T07:08:43.000Z","volume":3000,"label":" ","price":7},{"type":"A","date":"2018-03-22T07:08:48.000Z","volume":20000,"label":" ","price":7},{"type":"A","date":"2018-03-22T07:08:48.000Z","volume":1000,"label":"Y","price":7},{"type":"A","date":"2018-03-22T07:08:48.000Z","volume":7000,"label":" ","price":7},{"type":"A","date":"2018-03-22T07:08:49.000Z","volume":5000,"label":" ","price":7.03},{"type":"A","date":"2018-03-22T07:08:49.000Z","volume":5000,"label":" ","price":7.05},{"type":"A","date":"2018-03-22T07:09:31.000Z","volume":10000,"label":"Y","price":7.05},{"type":"A","date":"2018-03-22T07:10:10.000Z","volume":1000,"label":" ","price":7.05},{"type":"A","date":"2018-03-22T07:10:19.000Z","volume":1000,"label":" ","price":7.05},{"type":"A","date":"2018-03-22T07:10:19.000Z","volume":1000,"label":" ","price":7.05},{"type":"A","date":"2018-03-22T07:10:30.000Z","volume":5000,"label":" ","price":7.05},{"type":"U","date":"2018-03-22T07:11:00.000Z","volume":1000,"label":" ","price":7.02},{"type":"U","date":"2018-03-22T07:11:07.000Z","volume":3000,"label":" ","price":7.03},{"type":"A","date":"2018-03-22T07:11:47.000Z","volume":1000,"label":" ","price":7.03},{"type":"A","date":"2018-03-22T07:11:47.000Z","volume":1000,"label":" ","price":7.03},{"type":"B","date":"2018-03-22T07:12:04.000Z","volume":2000,"label":" ","price":7.03},{"type":"B","date":"2018-03-22T07:12:04.000Z","volume":3000,"label":" ","price":7.03},{"type":"A","date":"2018-03-22T07:12:17.000Z","volume":1000,"label":" ","price":7.05},{"type":"B","date":"2018-03-22T07:12:19.000Z","volume":17000,"label":" ","price":7.03},{"type":"B","date":"2018-03-22T07:12:22.000Z","volume":18000,"label":" ","price":7.03},{"type":"A","date":"2018-03-22T07:15:25.000Z","volume":15000,"label":" ","price":7.03},{"type":"B","date":"2018-03-22T07:15:30.000Z","volume":10000,"label":" ","price":7.02},{"type":"B","date":"2018-03-22T07:15:30.000Z","volume":1000,"label":" ","price":7.02},{"type":"B","date":"2018-03-22T07:17:31.000Z","volume":1000,"label":" ","price":7.01},{"type":"B","date":"2018-03-22T07:19:30.000Z","volume":1000,"label":" ","price":7.01},{"type":"A","date":"2018-03-22T07:19:32.000Z","volume":1000,"label":" ","price":7.02},{"type":"B","date":"2018-03-22T07:22:47.000Z","volume":26000,"label":" ","price":7.01},{"type":"A","date":"2018-03-22T07:22:47.000Z","volume":52000,"label":" ","price":7.02},{"type":"A","date":"2018-03-22T07:23:02.000Z","volume":1000,"label":" ","price":7.03},{"type":"A","date":"2018-03-22T07:23:02.000Z","volume":1000,"label":" ","price":7.03},{"type":"A","date":"2018-03-22T07:23:10.000Z","volume":1000,"label":" ","price":7.03},{"type":"A","date":"2018-03-22T07:24:03.000Z","volume":1000,"label":" ","price":7.05},{"type":"A","date":"2018-03-22T07:28:42.000Z","volume":3000,"label":" ","price":7.05},{"type":"A","date":"2018-03-22T07:30:17.000Z","volume":1000,"label":" ","price":7.05},{"type":"B","date":"2018-03-22T07:30:32.000Z","volume":1000,"label":" ","price":7.04},{"type":"B","date":"2018-03-22T07:31:25.000Z","volume":35000,"label":" ","price":7.04},{"type":"B","date":"2018-03-22T07:31:25.000Z","volume":1000,"label":" ","price":7.04},{"type":"A","date":"2018-03-22T07:33:32.000Z","volume":19000,"label":"Y","price":7.05},{"type":"A","date":"2018-03-22T07:33:32.000Z","volume":81000,"label":" ","price":7.05},{"type":"A","date":"2018-03-22T07:33:39.000Z","volume":20000,"label":" ","price":7.05},{"type":"A","date":"2018-03-22T07:33:40.000Z","volume":1000,"label":" ","price":7.05},{"type":"A","date":"2018-03-22T07:33:40.000Z","volume":1000,"label":" ","price":7.05},{"type":"A","date":"2018-03-22T07:33:40.000Z","volume":3000,"label":" ","price":7.05},{"type":"A","date":"2018-03-22T07:33:42.000Z","volume":8000,"label":" ","price":7.05},{"type":"A","date":"2018-03-22T07:33:55.000Z","volume":1000,"label":" ","price":7.06},{"type":"B","date":"2018-03-22T07:34:19.000Z","volume":56000,"label":" ","price":7.05},{"type":"B","date":"2018-03-22T07:35:07.000Z","volume":10000,"label":" ","price":7.04},{"type":"A","date":"2018-03-22T07:36:10.000Z","volume":2000,"label":" ","price":7.04},{"type":"A","date":"2018-03-22T07:36:40.000Z","volume":1000,"label":" ","price":7.04},{"type":"A","date":"2018-03-22T07:36:40.000Z","volume":1000,"label":" ","price":7.04},{"type":"B","date":"2018-03-22T07:37:12.000Z","volume":5000,"label":" ","price":7.03},{"type":"A","date":"2018-03-22T07:37:12.000Z","volume":1000,"label":" ","price":7.03},{"type":"A","date":"2018-03-22T07:38:25.000Z","volume":1000,"label":" ","price":7.04},{"type":"A","date":"2018-03-22T07:38:25.000Z","volume":1000,"label":" ","price":7.04},{"type":"A","date":"2018-03-22T07:38:25.000Z","volume":1000,"label":" ","price":7.04},{"type":"A","date":"2018-03-22T07:38:55.000Z","volume":1000,"label":" ","price":7.04},{"type":"A","date":"2018-03-22T07:38:55.000Z","volume":2000,"label":" ","price":7.04},{"type":"B","date":"2018-03-22T07:39:57.000Z","volume":10000,"label":" ","price":7.03},{"type":"B","date":"2018-03-22T07:40:03.000Z","volume":2000,"label":" ","price":7.03},{"type":"B","date":"2018-03-22T07:40:03.000Z","volume":39000,"label":" ","price":7.02},{"type":"A","date":"2018-03-22T07:40:10.000Z","volume":2000,"label":" ","price":7.04},{"type":"A","date":"2018-03-22T07:40:40.000Z","volume":1000,"label":" ","price":7.04},{"type":"A","date":"2018-03-22T07:42:38.000Z","volume":2000,"label":" ","price":7.03},{"type":"B","date":"2018-03-22T07:43:04.000Z","volume":3000,"label":" ","price":7.02},{"type":"A","date":"2018-03-22T07:43:11.000Z","volume":1000,"label":" ","price":7.03},{"type":"B","date":"2018-03-22T07:43:24.000Z","volume":25000,"label":" ","price":7.02},{"type":"B","date":"2018-03-22T07:43:24.000Z","volume":1000,"label":" ","price":7.02},{"type":"A","date":"2018-03-22T07:44:20.000Z","volume":1000,"label":" ","price":7.02},{"type":"A","date":"2018-03-22T07:46:52.000Z","volume":1000,"label":" ","price":7.02},{"type":"A","date":"2018-03-22T07:47:06.000Z","volume":2000,"label":" ","price":7.02},{"type":"A","date":"2018-03-22T07:49:02.000Z","volume":3000,"label":" ","price":7.02},{"type":"A","date":"2018-03-22T07:49:46.000Z","volume":2000,"label":" ","price":7.02},{"type":"B","date":"2018-03-22T07:49:46.000Z","volume":1000,"label":" ","price":7.01},{"type":"A","date":"2018-03-22T07:49:47.000Z","volume":1000,"label":" ","price":7.02},{"type":"A","date":"2018-03-22T07:49:54.000Z","volume":40000,"label":" ","price":7.02},{"type":"A","date":"2018-03-22T07:49:55.000Z","volume":4000,"label":" ","price":7.02},{"type":"A","date":"2018-03-22T07:49:57.000Z","volume":1000,"label":" ","price":7.02},{"type":"A","date":"2018-03-22T07:51:47.000Z","volume":1000,"label":" ","price":7.02},{"type":"A","date":"2018-03-22T07:52:11.000Z","volume":10000,"label":" ","price":7.02},{"type":"A","date":"2018-03-22T07:52:12.000Z","volume":1000,"label":" ","price":7.02},{"type":"B","date":"2018-03-22T07:52:17.000Z","volume":20000,"label":" ","price":7.01},{"type":"A","date":"2018-03-22T07:52:17.000Z","volume":1000,"label":" ","price":7.02},{"type":"A","date":"2018-03-22T07:53:02.000Z","volume":1000,"label":" ","price":7.02},{"type":"A","date":"2018-03-22T07:54:13.000Z","volume":1000,"label":" ","price":7.02},{"type":"A","date":"2018-03-22T07:54:32.000Z","volume":1000,"label":" ","price":7.02},{"type":"A","date":"2018-03-22T07:55:06.000Z","volume":1000,"label":" ","price":7.02},{"type":"A","date":"2018-03-22T07:55:06.000Z","volume":6000,"label":" ","price":7.02},{"type":"A","date":"2018-03-22T07:55:23.000Z","volume":3000,"label":" ","price":7.02},{"type":"A","date":"2018-03-22T07:56:09.000Z","volume":1000,"label":" ","price":7.02},{"type":"A","date":"2018-03-22T07:56:09.000Z","volume":4000,"label":" ","price":7.02},{"type":"A","date":"2018-03-22T07:56:17.000Z","volume":1000,"label":" ","price":7.02},{"type":"A","date":"2018-03-22T07:57:02.000Z","volume":1000,"label":" ","price":7.02},{"type":"A","date":"2018-03-22T07:57:02.000Z","volume":3000,"label":" ","price":7.02},{"type":"A","date":"2018-03-22T07:57:03.000Z","volume":1000,"label":" ","price":7.02},{"type":"A","date":"2018-03-22T07:57:09.000Z","volume":1000,"label":" ","price":7.02},{"type":"A","date":"2018-03-22T07:57:39.000Z","volume":1000,"label":" ","price":7.02},{"type":"A","date":"2018-03-22T07:57:39.000Z","volume":2000,"label":" ","price":7.02},{"type":"A","date":"2018-03-22T07:57:40.000Z","volume":1000,"label":" ","price":7.02},{"type":"A","date":"2018-03-22T07:57:40.000Z","volume":2000,"label":"Y","price":7.02},{"type":"A","date":"2018-03-22T07:57:40.000Z","volume":1000,"label":" ","price":7.02},{"type":"A","date":"2018-03-22T07:57:59.000Z","volume":2000,"label":" ","price":7.02},{"type":"A","date":"2018-03-22T07:57:59.000Z","volume":2000,"label":" ","price":7.02},{"type":"B","date":"2018-03-22T07:58:02.000Z","volume":29000,"label":" ","price":7.01},{"type":"A","date":"2018-03-22T07:58:02.000Z","volume":1000,"label":" ","price":7.02},{"type":"A","date":"2018-03-22T07:58:02.000Z","volume":1000,"label":" ","price":7.02},{"type":"A","date":"2018-03-22T07:58:02.000Z","volume":1000,"label":" ","price":7.02},{"type":"B","date":"2018-03-22T07:58:32.000Z","volume":1000,"label":" ","price":7.01},{"type":"B","date":"2018-03-22T07:58:33.000Z","volume":1000,"label":" ","price":7.01},{"type":"B","date":"2018-03-22T07:58:37.000Z","volume":1000,"label":" ","price":7.01},{"type":"A","date":"2018-03-22T07:58:46.000Z","volume":1000,"label":" ","price":7.01},{"type":"B","date":"2018-03-22T07:59:10.000Z","volume":28000,"label":" ","price":6.99},{"type":"A","date":"2018-03-22T07:59:10.000Z","volume":2000,"label":" ","price":7.01},{"type":"A","date":"2018-03-22T07:59:17.000Z","volume":1000,"label":" ","price":7.01},{"type":"A","date":"2018-03-22T07:59:21.000Z","volume":1000,"label":" ","price":7.01},{"type":"A","date":"2018-03-22T07:59:27.000Z","volume":1000,"label":" ","price":7.01},{"type":"A","date":"2018-03-22T07:59:27.000Z","volume":1000,"label":" ","price":7.01},{"type":"A","date":"2018-03-22T07:59:37.000Z","volume":1000,"label":" ","price":7.01},{"type":"A","date":"2018-03-22T07:59:37.000Z","volume":1000,"label":" ","price":7.01},{"type":"A","date":"2018-03-22T07:59:38.000Z","volume":1000,"label":" ","price":7.02},{"type":"A","date":"2018-03-22T07:59:45.000Z","volume":1000,"label":" ","price":7.02},{"type":"A","date":"2018-03-22T07:59:52.000Z","volume":1000,"label":" ","price":7.02},{"type":"A","date":"2018-03-22T07:59:55.000Z","volume":2000,"label":" ","price":7.02},{"type":"A","date":"2018-03-22T07:59:55.000Z","volume":1000,"label":" ","price":7.02},{"type":"U","date":"2018-03-22T08:08:15.000Z","volume":66000,"label":"U","price":7.03}]