[{"type":"U","date":"2018-05-03T01:02:07.000Z","volume":125000,"label":"P","price":3.87},{"type":"A","date":"2018-05-03T01:30:02.000Z","volume":2500,"label":" ","price":3.9},{"type":"B","date":"2018-05-03T01:30:21.000Z","volume":7500,"label":" ","price":3.84},{"type":"A","date":"2018-05-03T01:30:27.000Z","volume":2500,"label":" ","price":3.87},{"type":"B","date":"2018-05-03T01:32:20.000Z","volume":5000,"label":" ","price":3.84},{"type":"B","date":"2018-05-03T01:32:20.000Z","volume":2500,"label":" ","price":3.83},{"type":"B","date":"2018-05-03T01:32:20.000Z","volume":40000,"label":" ","price":3.83},{"type":"A","date":"2018-05-03T01:32:20.000Z","volume":2500,"label":" ","price":3.84},{"type":"A","date":"2018-05-03T01:32:30.000Z","volume":7500,"label":" ","price":3.84},{"type":"A","date":"2018-05-03T01:32:39.000Z","volume":15000,"label":"Y","price":3.84},{"type":"A","date":"2018-05-03T01:32:39.000Z","volume":12500,"label":" ","price":3.84},{"type":"B","date":"2018-05-03T01:32:44.000Z","volume":7500,"label":" ","price":3.85},{"type":"B","date":"2018-05-03T01:32:44.000Z","volume":7500,"label":" ","price":3.84},{"type":"B","date":"2018-05-03T01:32:51.000Z","volume":2500,"label":" ","price":3.82},{"type":"A","date":"2018-05-03T01:32:55.000Z","volume":2500,"label":" ","price":3.84},{"type":"A","date":"2018-05-03T01:34:07.000Z","volume":10000,"label":"Y","price":3.84},{"type":"A","date":"2018-05-03T01:34:07.000Z","volume":12500,"label":" ","price":3.84},{"type":"B","date":"2018-05-03T01:34:25.000Z","volume":5000,"label":"Y","price":3.83},{"type":"B","date":"2018-05-03T01:34:25.000Z","volume":2500,"label":" ","price":3.83},{"type":"A","date":"2018-05-03T01:34:45.000Z","volume":7500,"label":"Y","price":3.83},{"type":"A","date":"2018-05-03T01:34:45.000Z","volume":2500,"label":" ","price":3.83},{"type":"A","date":"2018-05-03T01:34:56.000Z","volume":10000,"label":" ","price":3.83},{"type":"A","date":"2018-05-03T01:35:08.000Z","volume":20000,"label":"Y","price":3.83},{"type":"A","date":"2018-05-03T01:35:08.000Z","volume":42500,"label":"Y","price":3.84},{"type":"A","date":"2018-05-03T01:35:15.000Z","volume":2500,"label":" ","price":3.84},{"type":"A","date":"2018-05-03T01:35:45.000Z","volume":130000,"label":"Y","price":3.83},{"type":"A","date":"2018-05-03T01:36:10.000Z","volume":47500,"label":"Y","price":3.83},{"type":"A","date":"2018-05-03T01:36:10.000Z","volume":2500,"label":" ","price":3.83},{"type":"A","date":"2018-05-03T01:36:24.000Z","volume":50000,"label":"Y","price":3.83},{"type":"A","date":"2018-05-03T01:36:29.000Z","volume":2500,"label":" ","price":3.83},{"type":"A","date":"2018-05-03T01:36:32.000Z","volume":15000,"label":" ","price":3.82},{"type":"U","date":"2018-05-03T01:36:32.000Z","volume":2500,"label":" ","price":3.82},{"type":"A","date":"2018-05-03T01:36:34.000Z","volume":15000,"label":" ","price":3.83},{"type":"B","date":"2018-05-03T01:36:37.000Z","volume":15000,"label":" ","price":3.83},{"type":"A","date":"2018-05-03T01:36:46.000Z","volume":50000,"label":"Y","price":3.83},{"type":"B","date":"2018-05-03T01:37:11.000Z","volume":2500,"label":" ","price":3.82},{"type":"A","date":"2018-05-03T01:37:11.000Z","volume":17500,"label":"Y","price":3.82},{"type":"A","date":"2018-05-03T01:37:11.000Z","volume":5000,"label":" ","price":3.82},{"type":"A","date":"2018-05-03T01:37:11.000Z","volume":55000,"label":"Y","price":3.83},{"type":"A","date":"2018-05-03T01:37:11.000Z","volume":22500,"label":" ","price":3.83},{"type":"A","date":"2018-05-03T01:37:23.000Z","volume":50000,"label":" ","price":3.83},{"type":"A","date":"2018-05-03T01:37:58.000Z","volume":25000,"label":" ","price":3.83},{"type":"A","date":"2018-05-03T01:38:56.000Z","volume":50000,"label":"Y","price":3.83},{"type":"B","date":"2018-05-03T01:39:14.000Z","volume":2500,"label":" ","price":3.82},{"type":"A","date":"2018-05-03T01:39:30.000Z","volume":10000,"label":" ","price":3.82},{"type":"A","date":"2018-05-03T01:39:35.000Z","volume":50000,"label":"Y","price":3.82},{"type":"A","date":"2018-05-03T01:39:46.000Z","volume":47500,"label":"Y","price":3.82},{"type":"A","date":"2018-05-03T01:39:46.000Z","volume":2500,"label":" ","price":3.82},{"type":"A","date":"2018-05-03T01:39:55.000Z","volume":45000,"label":"Y","price":3.82},{"type":"A","date":"2018-05-03T01:39:55.000Z","volume":5000,"label":" ","price":3.82},{"type":"B","date":"2018-05-03T01:40:01.000Z","volume":12500,"label":" ","price":3.81},{"type":"A","date":"2018-05-03T01:40:05.000Z","volume":50000,"label":"Y","price":3.82},{"type":"A","date":"2018-05-03T01:40:17.000Z","volume":15000,"label":"Y","price":3.82},{"type":"A","date":"2018-05-03T01:40:17.000Z","volume":85000,"label":" ","price":3.82},{"type":"A","date":"2018-05-03T01:40:19.000Z","volume":2500,"label":" ","price":3.82},{"type":"A","date":"2018-05-03T01:40:48.000Z","volume":2500,"label":" ","price":3.83},{"type":"A","date":"2018-05-03T01:41:04.000Z","volume":50000,"label":"Y","price":3.83},{"type":"B","date":"2018-05-03T01:41:25.000Z","volume":27500,"label":"Y","price":3.82},{"type":"B","date":"2018-05-03T01:41:25.000Z","volume":2500,"label":" ","price":3.82},{"type":"A","date":"2018-05-03T01:41:53.000Z","volume":50000,"label":"Y","price":3.82},{"type":"A","date":"2018-05-03T01:42:09.000Z","volume":40000,"label":"Y","price":3.82},{"type":"A","date":"2018-05-03T01:42:09.000Z","volume":10000,"label":" ","price":3.82},{"type":"A","date":"2018-05-03T01:42:27.000Z","volume":2500,"label":" ","price":3.82},{"type":"A","date":"2018-05-03T01:42:34.000Z","volume":50000,"label":"Y","price":3.82},{"type":"A","date":"2018-05-03T01:42:49.000Z","volume":115000,"label":" ","price":3.82},{"type":"B","date":"2018-05-03T01:43:08.000Z","volume":10000,"label":" ","price":3.82},{"type":"B","date":"2018-05-03T01:43:31.000Z","volume":2500,"label":" ","price":3.82},{"type":"A","date":"2018-05-03T01:43:38.000Z","volume":47500,"label":"Y","price":3.83},{"type":"A","date":"2018-05-03T01:43:38.000Z","volume":2500,"label":" ","price":3.83},{"type":"A","date":"2018-05-03T01:43:54.000Z","volume":50000,"label":" ","price":3.83},{"type":"B","date":"2018-05-03T01:44:16.000Z","volume":35000,"label":" ","price":3.82},{"type":"A","date":"2018-05-03T01:44:19.000Z","volume":17500,"label":" ","price":3.82},{"type":"B","date":"2018-05-03T01:44:21.000Z","volume":2500,"label":" ","price":3.82},{"type":"A","date":"2018-05-03T01:44:39.000Z","volume":50000,"label":"Y","price":3.82},{"type":"A","date":"2018-05-03T01:44:48.000Z","volume":50000,"label":"Y","price":3.82},{"type":"A","date":"2018-05-03T01:44:57.000Z","volume":7500,"label":"Y","price":3.82},{"type":"A","date":"2018-05-03T01:44:57.000Z","volume":42500,"label":" ","price":3.82},{"type":"A","date":"2018-05-03T01:45:22.000Z","volume":50000,"label":" ","price":3.82},{"type":"A","date":"2018-05-03T01:45:50.000Z","volume":45000,"label":"Y","price":3.82},{"type":"A","date":"2018-05-03T01:45:50.000Z","volume":5000,"label":" ","price":3.82},{"type":"A","date":"2018-05-03T01:46:24.000Z","volume":5000,"label":"Y","price":3.82},{"type":"A","date":"2018-05-03T01:46:24.000Z","volume":45000,"label":" ","price":3.82},{"type":"B","date":"2018-05-03T01:46:29.000Z","volume":15000,"label":" ","price":3.81},{"type":"A","date":"2018-05-03T01:46:32.000Z","volume":50000,"label":" ","price":3.81},{"type":"B","date":"2018-05-03T01:46:41.000Z","volume":55000,"label":" ","price":3.8},{"type":"A","date":"2018-05-03T01:46:45.000Z","volume":75000,"label":" ","price":3.8},{"type":"A","date":"2018-05-03T01:46:45.000Z","volume":25000,"label":" ","price":3.81},{"type":"A","date":"2018-05-03T01:47:01.000Z","volume":100000,"label":" ","price":3.81},{"type":"A","date":"2018-05-03T01:47:15.000Z","volume":100000,"label":" ","price":3.81},{"type":"A","date":"2018-05-03T01:47:27.000Z","volume":17500,"label":"Y","price":3.81},{"type":"A","date":"2018-05-03T01:47:27.000Z","volume":32500,"label":" ","price":3.81},{"type":"A","date":"2018-05-03T01:47:42.000Z","volume":32500,"label":"Y","price":3.81},{"type":"A","date":"2018-05-03T01:47:42.000Z","volume":67500,"label":" ","price":3.81},{"type":"A","date":"2018-05-03T01:47:56.000Z","volume":5000,"label":" ","price":3.8},{"type":"A","date":"2018-05-03T01:47:56.000Z","volume":95000,"label":" ","price":3.81},{"type":"A","date":"2018-05-03T01:48:15.000Z","volume":20000,"label":" ","price":3.8},{"type":"A","date":"2018-05-03T01:48:30.000Z","volume":50000,"label":" ","price":3.8},{"type":"A","date":"2018-05-03T01:48:36.000Z","volume":2500,"label":" ","price":3.8},{"type":"A","date":"2018-05-03T01:48:39.000Z","volume":20000,"label":"Y","price":3.8},{"type":"A","date":"2018-05-03T01:48:39.000Z","volume":30000,"label":" ","price":3.8},{"type":"B","date":"2018-05-03T01:48:45.000Z","volume":5000,"label":" ","price":3.79},{"type":"A","date":"2018-05-03T01:48:47.000Z","volume":50000,"label":" ","price":3.8},{"type":"A","date":"2018-05-03T01:48:55.000Z","volume":100000,"label":" ","price":3.8},{"type":"A","date":"2018-05-03T01:49:11.000Z","volume":2500,"label":" ","price":3.8},{"type":"A","date":"2018-05-03T01:49:28.000Z","volume":90000,"label":"Y","price":3.81},{"type":"A","date":"2018-05-03T01:49:28.000Z","volume":10000,"label":" ","price":3.81},{"type":"A","date":"2018-05-03T01:49:39.000Z","volume":47500,"label":"Y","price":3.81},{"type":"A","date":"2018-05-03T01:49:39.000Z","volume":2500,"label":" ","price":3.81},{"type":"B","date":"2018-05-03T01:49:49.000Z","volume":97500,"label":"Y","price":3.8},{"type":"B","date":"2018-05-03T01:49:49.000Z","volume":2500,"label":" ","price":3.8},{"type":"A","date":"2018-05-03T01:49:50.000Z","volume":20000,"label":"Y","price":3.81},{"type":"A","date":"2018-05-03T01:49:50.000Z","volume":60000,"label":" ","price":3.81},{"type":"B","date":"2018-05-03T01:49:57.000Z","volume":2500,"label":"Y","price":3.8},{"type":"B","date":"2018-05-03T01:49:57.000Z","volume":2500,"label":" ","price":3.8},{"type":"A","date":"2018-05-03T01:49:57.000Z","volume":95000,"label":" ","price":3.8},{"type":"A","date":"2018-05-03T01:50:16.000Z","volume":100000,"label":"Y","price":3.8},{"type":"B","date":"2018-05-03T01:50:19.000Z","volume":10000,"label":" ","price":3.79},{"type":"A","date":"2018-05-03T01:50:27.000Z","volume":85000,"label":"Y","price":3.79},{"type":"A","date":"2018-05-03T01:50:27.000Z","volume":7500,"label":" ","price":3.79},{"type":"A","date":"2018-05-03T01:50:27.000Z","volume":7500,"label":" ","price":3.8},{"type":"A","date":"2018-05-03T01:50:41.000Z","volume":100000,"label":"Y","price":3.79},{"type":"A","date":"2018-05-03T01:50:52.000Z","volume":20000,"label":" ","price":3.79},{"type":"A","date":"2018-05-03T01:50:55.000Z","volume":95000,"label":"Y","price":3.79},{"type":"A","date":"2018-05-03T01:50:55.000Z","volume":5000,"label":" ","price":3.79},{"type":"A","date":"2018-05-03T01:51:04.000Z","volume":5000,"label":" ","price":3.79},{"type":"A","date":"2018-05-03T01:51:12.000Z","volume":100000,"label":"Y","price":3.79},{"type":"A","date":"2018-05-03T01:51:22.000Z","volume":100000,"label":"Y","price":3.79},{"type":"A","date":"2018-05-03T01:51:40.000Z","volume":80000,"label":"Y","price":3.79},{"type":"A","date":"2018-05-03T01:51:55.000Z","volume":45000,"label":"Y","price":3.79},{"type":"A","date":"2018-05-03T01:51:55.000Z","volume":5000,"label":" ","price":3.79},{"type":"B","date":"2018-05-03T01:52:10.000Z","volume":30000,"label":" ","price":3.78},{"type":"B","date":"2018-05-03T01:52:10.000Z","volume":10000,"label":" ","price":3.77},{"type":"A","date":"2018-05-03T01:52:11.000Z","volume":32500,"label":"Y","price":3.78},{"type":"A","date":"2018-05-03T01:52:11.000Z","volume":2500,"label":" ","price":3.78},{"type":"A","date":"2018-05-03T01:52:11.000Z","volume":275000,"label":"Y","price":3.79},{"type":"A","date":"2018-05-03T01:52:11.000Z","volume":95000,"label":"Y","price":3.8},{"type":"A","date":"2018-05-03T01:52:11.000Z","volume":200000,"label":" ","price":3.8},{"type":"A","date":"2018-05-03T01:52:11.000Z","volume":92500,"label":"Y","price":3.81},{"type":"A","date":"2018-05-03T01:52:11.000Z","volume":205000,"label":" ","price":3.81},{"type":"A","date":"2018-05-03T01:52:11.000Z","volume":77500,"label":"Y","price":3.82},{"type":"A","date":"2018-05-03T01:52:11.000Z","volume":20000,"label":" ","price":3.82},{"type":"B","date":"2018-05-03T01:52:17.000Z","volume":30000,"label":" ","price":3.8},{"type":"B","date":"2018-05-03T01:52:17.000Z","volume":70000,"label":"Y","price":3.79},{"type":"A","date":"2018-05-03T01:52:52.000Z","volume":100000,"label":"Y","price":3.8},{"type":"A","date":"2018-05-03T01:52:59.000Z","volume":7500,"label":" ","price":3.8},{"type":"A","date":"2018-05-03T01:53:05.000Z","volume":25000,"label":" ","price":3.8},{"type":"A","date":"2018-05-03T01:53:05.000Z","volume":5000,"label":" ","price":3.8},{"type":"B","date":"2018-05-03T01:53:15.000Z","volume":20000,"label":"Y","price":3.8},{"type":"B","date":"2018-05-03T01:53:16.000Z","volume":2500,"label":" ","price":3.79},{"type":"A","date":"2018-05-03T01:53:21.000Z","volume":80000,"label":"Y","price":3.8},{"type":"A","date":"2018-05-03T01:53:21.000Z","volume":20000,"label":" ","price":3.8},{"type":"A","date":"2018-05-03T01:53:31.000Z","volume":25000,"label":"Y","price":3.8},{"type":"A","date":"2018-05-03T01:53:31.000Z","volume":25000,"label":" ","price":3.8},{"type":"A","date":"2018-05-03T01:53:41.000Z","volume":10000,"label":" ","price":3.8},{"type":"A","date":"2018-05-03T01:53:42.000Z","volume":85000,"label":"Y","price":3.8},{"type":"A","date":"2018-05-03T01:53:42.000Z","volume":15000,"label":" ","price":3.8},{"type":"A","date":"2018-05-03T01:53:53.000Z","volume":72500,"label":"Y","price":3.8},{"type":"A","date":"2018-05-03T01:53:53.000Z","volume":27500,"label":" ","price":3.8},{"type":"A","date":"2018-05-03T01:54:02.000Z","volume":100000,"label":"Y","price":3.8},{"type":"A","date":"2018-05-03T01:54:13.000Z","volume":27500,"label":"Y","price":3.8},{"type":"A","date":"2018-05-03T01:54:13.000Z","volume":72500,"label":" ","price":3.8},{"type":"A","date":"2018-05-03T01:54:25.000Z","volume":2500,"label":" ","price":3.8},{"type":"A","date":"2018-05-03T01:54:30.000Z","volume":37500,"label":"Y","price":3.8},{"type":"A","date":"2018-05-03T01:54:30.000Z","volume":12500,"label":" ","price":3.8},{"type":"A","date":"2018-05-03T01:54:40.000Z","volume":100000,"label":"Y","price":3.8},{"type":"A","date":"2018-05-03T01:54:55.000Z","volume":27500,"label":"Y","price":3.8},{"type":"A","date":"2018-05-03T01:54:55.000Z","volume":72500,"label":" ","price":3.8},{"type":"A","date":"2018-05-03T01:55:04.000Z","volume":100000,"label":"Y","price":3.8},{"type":"A","date":"2018-05-03T01:55:37.000Z","volume":50000,"label":"Y","price":3.8},{"type":"A","date":"2018-05-03T01:56:06.000Z","volume":10000,"label":"Y","price":3.8},{"type":"B","date":"2018-05-03T01:56:37.000Z","volume":42500,"label":"Y","price":3.79},{"type":"B","date":"2018-05-03T01:56:37.000Z","volume":5000,"label":" ","price":3.79},{"type":"A","date":"2018-05-03T01:57:08.000Z","volume":10000,"label":" ","price":3.79},{"type":"A","date":"2018-05-03T01:57:17.000Z","volume":5000,"label":"Y","price":3.79},{"type":"A","date":"2018-05-03T01:57:17.000Z","volume":20000,"label":" ","price":3.79},{"type":"B","date":"2018-05-03T01:57:30.000Z","volume":10000,"label":" ","price":3.79},{"type":"A","date":"2018-05-03T01:57:34.000Z","volume":97500,"label":"Y","price":3.8},{"type":"A","date":"2018-05-03T01:57:34.000Z","volume":2500,"label":" ","price":3.8},{"type":"A","date":"2018-05-03T01:58:47.000Z","volume":37500,"label":" ","price":3.8},{"type":"A","date":"2018-05-03T01:58:47.000Z","volume":652500,"label":" ","price":3.81},{"type":"A","date":"2018-05-03T01:58:47.000Z","volume":410000,"label":" ","price":3.82},{"type":"A","date":"2018-05-03T01:58:47.000Z","volume":5000,"label":" ","price":3.83},{"type":"A","date":"2018-05-03T01:58:47.000Z","volume":80000,"label":" ","price":3.84},{"type":"A","date":"2018-05-03T01:58:47.000Z","volume":560000,"label":" ","price":3.85},{"type":"B","date":"2018-05-03T01:58:48.000Z","volume":255000,"label":" ","price":3.85},{"type":"B","date":"2018-05-03T01:59:19.000Z","volume":2500,"label":" ","price":3.81},{"type":"A","date":"2018-05-03T01:59:34.000Z","volume":100000,"label":"Y","price":3.81},{"type":"B","date":"2018-05-03T01:59:39.000Z","volume":15000,"label":"Y","price":3.79},{"type":"B","date":"2018-05-03T01:59:39.000Z","volume":15000,"label":" ","price":3.79},{"type":"A","date":"2018-05-03T01:59:39.000Z","volume":25000,"label":" ","price":3.79},{"type":"A","date":"2018-05-03T01:59:51.000Z","volume":100000,"label":"Y","price":3.8},{"type":"A","date":"2018-05-03T02:00:04.000Z","volume":50000,"label":"Y","price":3.8},{"type":"B","date":"2018-05-03T02:00:21.000Z","volume":45000,"label":" ","price":3.78},{"type":"B","date":"2018-05-03T02:00:21.000Z","volume":2500,"label":" ","price":3.78},{"type":"A","date":"2018-05-03T02:00:22.000Z","volume":10000,"label":"Y","price":3.79},{"type":"A","date":"2018-05-03T02:00:34.000Z","volume":100000,"label":"Y","price":3.79},{"type":"B","date":"2018-05-03T02:00:35.000Z","volume":10000,"label":"Y","price":3.78},{"type":"B","date":"2018-05-03T02:00:35.000Z","volume":5000,"label":" ","price":3.78},{"type":"B","date":"2018-05-03T02:00:37.000Z","volume":2500,"label":" ","price":3.77},{"type":"A","date":"2018-05-03T02:00:46.000Z","volume":30000,"label":"Y","price":3.78},{"type":"A","date":"2018-05-03T02:00:46.000Z","volume":30000,"label":" ","price":3.78},{"type":"A","date":"2018-05-03T02:00:46.000Z","volume":40000,"label":"Y","price":3.79},{"type":"A","date":"2018-05-03T02:01:06.000Z","volume":50000,"label":"Y","price":3.79},{"type":"A","date":"2018-05-03T02:01:06.000Z","volume":50000,"label":" ","price":3.79},{"type":"B","date":"2018-05-03T02:01:17.000Z","volume":5000,"label":" ","price":3.78},{"type":"A","date":"2018-05-03T02:01:17.000Z","volume":40000,"label":" ","price":3.78},{"type":"B","date":"2018-05-03T02:01:26.000Z","volume":45000,"label":"Y","price":3.79},{"type":"A","date":"2018-05-03T02:01:54.000Z","volume":55000,"label":"Y","price":3.8},{"type":"A","date":"2018-05-03T02:01:54.000Z","volume":45000,"label":" ","price":3.8},{"type":"A","date":"2018-05-03T02:03:36.000Z","volume":5000,"label":"Y","price":3.8},{"type":"A","date":"2018-05-03T02:03:56.000Z","volume":2500,"label":"Y","price":3.8},{"type":"B","date":"2018-05-03T02:04:28.000Z","volume":10000,"label":" ","price":3.79},{"type":"B","date":"2018-05-03T02:04:44.000Z","volume":45000,"label":"Y","price":3.79},{"type":"B","date":"2018-05-03T02:04:44.000Z","volume":2500,"label":" ","price":3.79},{"type":"B","date":"2018-05-03T02:04:44.000Z","volume":2500,"label":" ","price":3.78},{"type":"A","date":"2018-05-03T02:04:52.000Z","volume":2500,"label":"Y","price":3.79},{"type":"A","date":"2018-05-03T02:05:14.000Z","volume":50000,"label":"Y","price":3.79},{"type":"A","date":"2018-05-03T02:05:29.000Z","volume":175000,"label":"Y","price":3.79},{"type":"A","date":"2018-05-03T02:05:29.000Z","volume":25000,"label":" ","price":3.79},{"type":"A","date":"2018-05-03T02:05:44.000Z","volume":95000,"label":"Y","price":3.79},{"type":"A","date":"2018-05-03T02:05:44.000Z","volume":5000,"label":" ","price":3.79},{"type":"A","date":"2018-05-03T02:05:55.000Z","volume":10000,"label":"Y","price":3.79},{"type":"A","date":"2018-05-03T02:06:14.000Z","volume":120000,"label":"Y","price":3.79},{"type":"A","date":"2018-05-03T02:06:14.000Z","volume":80000,"label":" ","price":3.79},{"type":"A","date":"2018-05-03T02:06:22.000Z","volume":7500,"label":" ","price":3.79},{"type":"B","date":"2018-05-03T02:06:55.000Z","volume":40000,"label":" ","price":3.78},{"type":"B","date":"2018-05-03T02:07:19.000Z","volume":40000,"label":"Y","price":3.77},{"type":"B","date":"2018-05-03T02:07:19.000Z","volume":60000,"label":" ","price":3.77},{"type":"B","date":"2018-05-03T02:07:19.000Z","volume":2500,"label":" ","price":3.77},{"type":"B","date":"2018-05-03T02:07:19.000Z","volume":5000,"label":" ","price":3.77},{"type":"B","date":"2018-05-03T02:07:21.000Z","volume":2500,"label":" ","price":3.76},{"type":"A","date":"2018-05-03T02:07:56.000Z","volume":2500,"label":" ","price":3.77},{"type":"A","date":"2018-05-03T02:09:13.000Z","volume":10000,"label":" ","price":3.77},{"type":"A","date":"2018-05-03T02:10:06.000Z","volume":2500,"label":" ","price":3.77},{"type":"A","date":"2018-05-03T02:11:12.000Z","volume":2500,"label":" ","price":3.77},{"type":"A","date":"2018-05-03T02:12:12.000Z","volume":20000,"label":" ","price":3.77},{"type":"A","date":"2018-05-03T02:12:22.000Z","volume":75000,"label":" ","price":3.77},{"type":"B","date":"2018-05-03T02:12:47.000Z","volume":15000,"label":" ","price":3.77},{"type":"B","date":"2018-05-03T02:12:55.000Z","volume":47500,"label":" ","price":3.77},{"type":"B","date":"2018-05-03T02:15:15.000Z","volume":37500,"label":" ","price":3.77},{"type":"B","date":"2018-05-03T02:16:07.000Z","volume":2500,"label":"Y","price":3.76},{"type":"B","date":"2018-05-03T02:16:07.000Z","volume":7500,"label":" ","price":3.76},{"type":"B","date":"2018-05-03T02:16:14.000Z","volume":25000,"label":" ","price":3.76},{"type":"A","date":"2018-05-03T02:16:29.000Z","volume":100000,"label":" ","price":3.77},{"type":"A","date":"2018-05-03T02:17:24.000Z","volume":50000,"label":" ","price":3.77},{"type":"B","date":"2018-05-03T02:18:54.000Z","volume":7500,"label":" ","price":3.76},{"type":"A","date":"2018-05-03T02:18:57.000Z","volume":5000,"label":"Y","price":3.77},{"type":"A","date":"2018-05-03T02:20:04.000Z","volume":80000,"label":"Y","price":3.77},{"type":"A","date":"2018-05-03T02:20:56.000Z","volume":2500,"label":" ","price":3.77},{"type":"B","date":"2018-05-03T02:21:38.000Z","volume":12500,"label":" ","price":3.76},{"type":"A","date":"2018-05-03T02:21:48.000Z","volume":57500,"label":"Y","price":3.77},{"type":"A","date":"2018-05-03T02:21:48.000Z","volume":22500,"label":" ","price":3.77},{"type":"B","date":"2018-05-03T02:24:35.000Z","volume":5000,"label":" ","price":3.76},{"type":"A","date":"2018-05-03T02:25:10.000Z","volume":50000,"label":" ","price":3.77},{"type":"B","date":"2018-05-03T02:27:49.000Z","volume":45000,"label":" ","price":3.76},{"type":"B","date":"2018-05-03T02:27:58.000Z","volume":47500,"label":" ","price":3.76},{"type":"A","date":"2018-05-03T02:28:27.000Z","volume":7500,"label":"Y","price":3.77},{"type":"A","date":"2018-05-03T02:28:27.000Z","volume":22500,"label":" ","price":3.77},{"type":"B","date":"2018-05-03T02:29:21.000Z","volume":12500,"label":" ","price":3.76},{"type":"A","date":"2018-05-03T02:33:36.000Z","volume":20000,"label":"Y","price":3.77},{"type":"A","date":"2018-05-03T02:35:09.000Z","volume":2500,"label":" ","price":3.77},{"type":"B","date":"2018-05-03T02:36:24.000Z","volume":12500,"label":"Y","price":3.76},{"type":"B","date":"2018-05-03T02:36:24.000Z","volume":5000,"label":" ","price":3.76},{"type":"B","date":"2018-05-03T02:36:49.000Z","volume":7500,"label":" ","price":3.76},{"type":"B","date":"2018-05-03T02:37:48.000Z","volume":2500,"label":" ","price":3.76},{"type":"A","date":"2018-05-03T02:37:48.000Z","volume":7500,"label":"Y","price":3.77},{"type":"B","date":"2018-05-03T02:38:42.000Z","volume":20000,"label":" ","price":3.76},{"type":"B","date":"2018-05-03T02:38:42.000Z","volume":95000,"label":"Y","price":3.75},{"type":"B","date":"2018-05-03T02:38:42.000Z","volume":165000,"label":" ","price":3.75},{"type":"B","date":"2018-05-03T02:38:46.000Z","volume":2500,"label":" ","price":3.75},{"type":"B","date":"2018-05-03T02:38:52.000Z","volume":35000,"label":" ","price":3.75},{"type":"A","date":"2018-05-03T02:39:19.000Z","volume":10000,"label":" ","price":3.75},{"type":"A","date":"2018-05-03T02:39:28.000Z","volume":50000,"label":" ","price":3.75},{"type":"B","date":"2018-05-03T02:39:38.000Z","volume":10000,"label":" ","price":3.74},{"type":"B","date":"2018-05-03T02:39:38.000Z","volume":2500,"label":" ","price":3.74},{"type":"A","date":"2018-05-03T02:40:21.000Z","volume":7500,"label":" ","price":3.75},{"type":"A","date":"2018-05-03T02:41:18.000Z","volume":10000,"label":" ","price":3.75},{"type":"A","date":"2018-05-03T02:43:51.000Z","volume":10000,"label":" ","price":3.75},{"type":"A","date":"2018-05-03T02:43:54.000Z","volume":2500,"label":" ","price":3.75},{"type":"A","date":"2018-05-03T02:44:05.000Z","volume":2500,"label":" ","price":3.75},{"type":"A","date":"2018-05-03T02:44:29.000Z","volume":10000,"label":" ","price":3.75},{"type":"B","date":"2018-05-03T02:44:57.000Z","volume":15000,"label":"Y","price":3.74},{"type":"B","date":"2018-05-03T02:44:57.000Z","volume":35000,"label":" ","price":3.74},{"type":"B","date":"2018-05-03T02:45:03.000Z","volume":50000,"label":" ","price":3.74},{"type":"B","date":"2018-05-03T02:46:37.000Z","volume":20000,"label":"Y","price":3.74},{"type":"B","date":"2018-05-03T02:46:37.000Z","volume":22500,"label":" ","price":3.74},{"type":"A","date":"2018-05-03T02:46:37.000Z","volume":5000,"label":" ","price":3.75},{"type":"A","date":"2018-05-03T02:46:47.000Z","volume":22500,"label":" ","price":3.74},{"type":"A","date":"2018-05-03T02:46:47.000Z","volume":2500,"label":" ","price":3.74},{"type":"A","date":"2018-05-03T02:46:47.000Z","volume":5000,"label":" ","price":3.74},{"type":"B","date":"2018-05-03T02:46:59.000Z","volume":50000,"label":" ","price":3.74},{"type":"B","date":"2018-05-03T02:47:02.000Z","volume":50000,"label":" ","price":3.74},{"type":"B","date":"2018-05-03T02:47:52.000Z","volume":35000,"label":" ","price":3.74},{"type":"B","date":"2018-05-03T02:49:03.000Z","volume":2500,"label":"Y","price":3.74},{"type":"B","date":"2018-05-03T02:49:03.000Z","volume":7500,"label":" ","price":3.74},{"type":"B","date":"2018-05-03T02:49:38.000Z","volume":100000,"label":" ","price":3.74},{"type":"A","date":"2018-05-03T02:49:56.000Z","volume":20000,"label":" ","price":3.75},{"type":"A","date":"2018-05-03T02:50:35.000Z","volume":2500,"label":" ","price":3.75},{"type":"B","date":"2018-05-03T02:50:53.000Z","volume":17500,"label":" ","price":3.74},{"type":"A","date":"2018-05-03T02:51:10.000Z","volume":10000,"label":" ","price":3.75},{"type":"B","date":"2018-05-03T02:53:00.000Z","volume":20000,"label":" ","price":3.74},{"type":"B","date":"2018-05-03T02:53:06.000Z","volume":20000,"label":" ","price":3.74},{"type":"B","date":"2018-05-03T02:53:16.000Z","volume":30000,"label":" ","price":3.74},{"type":"B","date":"2018-05-03T02:53:23.000Z","volume":12500,"label":" ","price":3.74},{"type":"B","date":"2018-05-03T02:53:37.000Z","volume":12500,"label":"Y","price":3.73},{"type":"B","date":"2018-05-03T02:53:37.000Z","volume":17500,"label":" ","price":3.73},{"type":"B","date":"2018-05-03T02:54:14.000Z","volume":17500,"label":" ","price":3.73},{"type":"B","date":"2018-05-03T02:55:31.000Z","volume":2500,"label":" ","price":3.73},{"type":"B","date":"2018-05-03T02:55:31.000Z","volume":5000,"label":"Y","price":3.72},{"type":"B","date":"2018-05-03T02:55:31.000Z","volume":80000,"label":" ","price":3.72},{"type":"A","date":"2018-05-03T02:56:40.000Z","volume":2500,"label":" ","price":3.73},{"type":"B","date":"2018-05-03T02:57:30.000Z","volume":37500,"label":" ","price":3.72},{"type":"B","date":"2018-05-03T02:57:35.000Z","volume":15000,"label":"Y","price":3.72},{"type":"A","date":"2018-05-03T02:57:44.000Z","volume":2500,"label":"Y","price":3.72},{"type":"A","date":"2018-05-03T02:57:44.000Z","volume":47500,"label":" ","price":3.72},{"type":"A","date":"2018-05-03T02:57:51.000Z","volume":2500,"label":" ","price":3.72},{"type":"B","date":"2018-05-03T02:57:54.000Z","volume":5000,"label":" ","price":3.71},{"type":"A","date":"2018-05-03T02:58:05.000Z","volume":12500,"label":"Y","price":3.72},{"type":"A","date":"2018-05-03T02:58:05.000Z","volume":37500,"label":" ","price":3.72},{"type":"B","date":"2018-05-03T02:58:10.000Z","volume":45000,"label":" ","price":3.71},{"type":"B","date":"2018-05-03T02:58:16.000Z","volume":17500,"label":" ","price":3.71},{"type":"B","date":"2018-05-03T02:58:23.000Z","volume":10000,"label":" ","price":3.71},{"type":"A","date":"2018-05-03T02:58:30.000Z","volume":50000,"label":" ","price":3.72},{"type":"B","date":"2018-05-03T02:58:45.000Z","volume":5000,"label":"Y","price":3.71},{"type":"B","date":"2018-05-03T02:58:45.000Z","volume":37500,"label":" ","price":3.71},{"type":"A","date":"2018-05-03T02:59:11.000Z","volume":50000,"label":" ","price":3.71},{"type":"B","date":"2018-05-03T02:59:29.000Z","volume":7500,"label":"Y","price":3.7},{"type":"B","date":"2018-05-03T02:59:29.000Z","volume":10000,"label":" ","price":3.7},{"type":"A","date":"2018-05-03T02:59:34.000Z","volume":2500,"label":"Y","price":3.71},{"type":"B","date":"2018-05-03T02:59:39.000Z","volume":40000,"label":"Y","price":3.7},{"type":"A","date":"2018-05-03T02:59:59.000Z","volume":50000,"label":"Y","price":3.71},{"type":"B","date":"2018-05-03T03:01:34.000Z","volume":17500,"label":"Y","price":3.7},{"type":"B","date":"2018-05-03T03:01:37.000Z","volume":10000,"label":"Y","price":3.7},{"type":"B","date":"2018-05-03T03:01:37.000Z","volume":20000,"label":" ","price":3.7},{"type":"B","date":"2018-05-03T03:01:49.000Z","volume":10000,"label":"Y","price":3.7},{"type":"B","date":"2018-05-03T03:01:49.000Z","volume":37500,"label":" ","price":3.7},{"type":"B","date":"2018-05-03T03:01:50.000Z","volume":5000,"label":" ","price":3.7},{"type":"B","date":"2018-05-03T03:01:54.000Z","volume":10000,"label":"Y","price":3.7},{"type":"B","date":"2018-05-03T03:05:31.000Z","volume":35000,"label":"Y","price":3.7},{"type":"B","date":"2018-05-03T03:06:00.000Z","volume":7500,"label":" ","price":3.7},{"type":"A","date":"2018-05-03T03:06:45.000Z","volume":10000,"label":" ","price":3.7},{"type":"B","date":"2018-05-03T03:07:08.000Z","volume":5000,"label":" ","price":3.69},{"type":"B","date":"2018-05-03T03:07:08.000Z","volume":5000,"label":" ","price":3.69},{"type":"B","date":"2018-05-03T03:07:18.000Z","volume":10000,"label":" ","price":3.69},{"type":"B","date":"2018-05-03T03:08:41.000Z","volume":7500,"label":" ","price":3.69},{"type":"B","date":"2018-05-03T03:08:58.000Z","volume":5000,"label":" ","price":3.69},{"type":"A","date":"2018-05-03T03:08:58.000Z","volume":37500,"label":" ","price":3.69},{"type":"A","date":"2018-05-03T03:11:28.000Z","volume":2500,"label":" ","price":3.69},{"type":"A","date":"2018-05-03T03:11:35.000Z","volume":2500,"label":" ","price":3.69},{"type":"B","date":"2018-05-03T03:12:49.000Z","volume":5000,"label":" ","price":3.68},{"type":"B","date":"2018-05-03T03:13:42.000Z","volume":85000,"label":" ","price":3.68},{"type":"A","date":"2018-05-03T03:13:42.000Z","volume":57500,"label":" ","price":3.68},{"type":"B","date":"2018-05-03T03:14:05.000Z","volume":7500,"label":"Y","price":3.67},{"type":"A","date":"2018-05-03T03:14:14.000Z","volume":7500,"label":" ","price":3.68},{"type":"A","date":"2018-05-03T03:14:25.000Z","volume":10000,"label":" ","price":3.68},{"type":"B","date":"2018-05-03T03:15:34.000Z","volume":20000,"label":" ","price":3.67},{"type":"A","date":"2018-05-03T03:15:50.000Z","volume":5000,"label":" ","price":3.68},{"type":"U","date":"2018-05-03T03:16:07.000Z","volume":2500,"label":" ","price":3.67},{"type":"B","date":"2018-05-03T03:16:47.000Z","volume":2500,"label":" ","price":3.66},{"type":"A","date":"2018-05-03T03:17:07.000Z","volume":7500,"label":" ","price":3.67},{"type":"A","date":"2018-05-03T03:17:18.000Z","volume":7500,"label":" ","price":3.67},{"type":"A","date":"2018-05-03T03:17:26.000Z","volume":2500,"label":" ","price":3.67},{"type":"A","date":"2018-05-03T03:17:32.000Z","volume":50000,"label":" ","price":3.67},{"type":"B","date":"2018-05-03T03:17:32.000Z","volume":5000,"label":" ","price":3.66},{"type":"A","date":"2018-05-03T03:17:35.000Z","volume":20000,"label":" ","price":3.67},{"type":"A","date":"2018-05-03T03:18:37.000Z","volume":5000,"label":"Y","price":3.67},{"type":"A","date":"2018-05-03T03:18:37.000Z","volume":82500,"label":" ","price":3.67},{"type":"A","date":"2018-05-03T03:18:50.000Z","volume":47500,"label":" ","price":3.67},{"type":"A","date":"2018-05-03T03:19:16.000Z","volume":15000,"label":" ","price":3.67},{"type":"A","date":"2018-05-03T03:19:20.000Z","volume":60000,"label":" ","price":3.67},{"type":"A","date":"2018-05-03T03:19:21.000Z","volume":80000,"label":" ","price":3.67},{"type":"A","date":"2018-05-03T03:19:21.000Z","volume":77500,"label":" ","price":3.67},{"type":"A","date":"2018-05-03T03:19:51.000Z","volume":40000,"label":" ","price":3.68},{"type":"A","date":"2018-05-03T03:19:51.000Z","volume":5000,"label":" ","price":3.68},{"type":"A","date":"2018-05-03T03:20:15.000Z","volume":100000,"label":" ","price":3.68},{"type":"B","date":"2018-05-03T03:20:31.000Z","volume":5000,"label":"Y","price":3.67},{"type":"B","date":"2018-05-03T03:20:31.000Z","volume":42500,"label":" ","price":3.67},{"type":"B","date":"2018-05-03T03:20:31.000Z","volume":5000,"label":" ","price":3.66},{"type":"A","date":"2018-05-03T03:21:55.000Z","volume":50000,"label":" ","price":3.68},{"type":"A","date":"2018-05-03T03:21:59.000Z","volume":100000,"label":" ","price":3.68},{"type":"A","date":"2018-05-03T03:21:59.000Z","volume":15000,"label":"Y","price":3.68},{"type":"A","date":"2018-05-03T03:21:59.000Z","volume":85000,"label":" ","price":3.68},{"type":"A","date":"2018-05-03T03:22:15.000Z","volume":50000,"label":" ","price":3.69},{"type":"A","date":"2018-05-03T03:22:31.000Z","volume":30000,"label":" ","price":3.68},{"type":"A","date":"2018-05-03T03:22:32.000Z","volume":2500,"label":" ","price":3.68},{"type":"A","date":"2018-05-03T03:22:34.000Z","volume":15000,"label":" ","price":3.68},{"type":"A","date":"2018-05-03T03:22:37.000Z","volume":25000,"label":" ","price":3.68},{"type":"A","date":"2018-05-03T03:22:37.000Z","volume":25000,"label":" ","price":3.69},{"type":"A","date":"2018-05-03T03:22:38.000Z","volume":20000,"label":" ","price":3.69},{"type":"B","date":"2018-05-03T03:22:38.000Z","volume":20000,"label":" ","price":3.68},{"type":"B","date":"2018-05-03T03:22:38.000Z","volume":10000,"label":" ","price":3.68},{"type":"A","date":"2018-05-03T03:22:43.000Z","volume":32500,"label":" ","price":3.69},{"type":"B","date":"2018-05-03T03:22:46.000Z","volume":5000,"label":"Y","price":3.69},{"type":"B","date":"2018-05-03T03:22:46.000Z","volume":10000,"label":" ","price":3.69},{"type":"A","date":"2018-05-03T03:22:56.000Z","volume":32500,"label":"Y","price":3.69},{"type":"A","date":"2018-05-03T03:22:56.000Z","volume":17500,"label":" ","price":3.69},{"type":"A","date":"2018-05-03T03:23:31.000Z","volume":45000,"label":"Y","price":3.69},{"type":"A","date":"2018-05-03T03:23:31.000Z","volume":5000,"label":" ","price":3.69},{"type":"A","date":"2018-05-03T03:23:32.000Z","volume":40000,"label":" ","price":3.69},{"type":"A","date":"2018-05-03T03:23:49.000Z","volume":50000,"label":" ","price":3.7},{"type":"B","date":"2018-05-03T03:23:49.000Z","volume":27500,"label":" ","price":3.69},{"type":"A","date":"2018-05-03T03:24:03.000Z","volume":5000,"label":" ","price":3.69},{"type":"A","date":"2018-05-03T03:24:11.000Z","volume":37500,"label":"Y","price":3.69},{"type":"A","date":"2018-05-03T03:24:11.000Z","volume":12500,"label":" ","price":3.69},{"type":"A","date":"2018-05-03T03:24:15.000Z","volume":10000,"label":" ","price":3.69},{"type":"A","date":"2018-05-03T03:24:22.000Z","volume":5000,"label":" ","price":3.69},{"type":"A","date":"2018-05-03T03:24:25.000Z","volume":2500,"label":"Y","price":3.69},{"type":"A","date":"2018-05-03T03:24:29.000Z","volume":67500,"label":"Y","price":3.69},{"type":"A","date":"2018-05-03T03:24:29.000Z","volume":15000,"label":" ","price":3.69},{"type":"B","date":"2018-05-03T03:24:30.000Z","volume":17500,"label":" ","price":3.69},{"type":"A","date":"2018-05-03T03:24:47.000Z","volume":70000,"label":"Y","price":3.69},{"type":"A","date":"2018-05-03T03:24:47.000Z","volume":10000,"label":" ","price":3.69},{"type":"A","date":"2018-05-03T03:24:47.000Z","volume":20000,"label":" ","price":3.7},{"type":"A","date":"2018-05-03T03:25:14.000Z","volume":70000,"label":"Y","price":3.69},{"type":"A","date":"2018-05-03T03:25:14.000Z","volume":20000,"label":" ","price":3.69},{"type":"A","date":"2018-05-03T03:25:14.000Z","volume":10000,"label":" ","price":3.7},{"type":"B","date":"2018-05-03T03:25:21.000Z","volume":25000,"label":" ","price":3.69},{"type":"A","date":"2018-05-03T03:25:34.000Z","volume":45000,"label":"Y","price":3.69},{"type":"A","date":"2018-05-03T03:25:34.000Z","volume":22500,"label":" ","price":3.69},{"type":"A","date":"2018-05-03T03:25:34.000Z","volume":12500,"label":" ","price":3.7},{"type":"A","date":"2018-05-03T03:25:50.000Z","volume":70000,"label":"Y","price":3.69},{"type":"A","date":"2018-05-03T03:25:50.000Z","volume":10000,"label":" ","price":3.69},{"type":"A","date":"2018-05-03T03:25:57.000Z","volume":2500,"label":" ","price":3.69},{"type":"A","date":"2018-05-03T03:25:58.000Z","volume":10000,"label":" ","price":3.69},{"type":"A","date":"2018-05-03T03:26:04.000Z","volume":57500,"label":"Y","price":3.69},{"type":"A","date":"2018-05-03T03:26:04.000Z","volume":7500,"label":" ","price":3.69},{"type":"A","date":"2018-05-03T03:26:04.000Z","volume":15000,"label":" ","price":3.7},{"type":"A","date":"2018-05-03T03:26:06.000Z","volume":70000,"label":" ","price":3.69},{"type":"B","date":"2018-05-03T03:26:13.000Z","volume":35000,"label":" ","price":3.69},{"type":"A","date":"2018-05-03T03:26:18.000Z","volume":35000,"label":"Y","price":3.69},{"type":"A","date":"2018-05-03T03:26:18.000Z","volume":12500,"label":" ","price":3.69},{"type":"A","date":"2018-05-03T03:26:18.000Z","volume":32500,"label":" ","price":3.7},{"type":"A","date":"2018-05-03T03:26:35.000Z","volume":72500,"label":"Y","price":3.69},{"type":"A","date":"2018-05-03T03:26:35.000Z","volume":27500,"label":" ","price":3.69},{"type":"A","date":"2018-05-03T03:26:49.000Z","volume":70000,"label":"Y","price":3.69},{"type":"A","date":"2018-05-03T03:26:49.000Z","volume":15000,"label":" ","price":3.69},{"type":"B","date":"2018-05-03T03:27:08.000Z","volume":15000,"label":"Y","price":3.69},{"type":"B","date":"2018-05-03T03:27:08.000Z","volume":22500,"label":" ","price":3.69},{"type":"A","date":"2018-05-03T03:27:26.000Z","volume":10000,"label":" ","price":3.69},{"type":"A","date":"2018-05-03T03:27:26.000Z","volume":82500,"label":"Y","price":3.69},{"type":"A","date":"2018-05-03T03:27:26.000Z","volume":17500,"label":" ","price":3.69},{"type":"A","date":"2018-05-03T03:27:26.000Z","volume":15000,"label":" ","price":3.69},{"type":"A","date":"2018-05-03T03:27:44.000Z","volume":127500,"label":" ","price":3.69},{"type":"A","date":"2018-05-03T03:27:44.000Z","volume":22500,"label":" ","price":3.7},{"type":"A","date":"2018-05-03T03:27:55.000Z","volume":10000,"label":"Y","price":3.7},{"type":"A","date":"2018-05-03T03:27:55.000Z","volume":57500,"label":" ","price":3.7},{"type":"A","date":"2018-05-03T03:27:56.000Z","volume":40000,"label":" ","price":3.7},{"type":"A","date":"2018-05-03T03:27:57.000Z","volume":20000,"label":" ","price":3.7},{"type":"A","date":"2018-05-03T03:28:00.000Z","volume":95000,"label":"Y","price":3.71},{"type":"A","date":"2018-05-03T03:28:00.000Z","volume":55000,"label":" ","price":3.71},{"type":"A","date":"2018-05-03T03:28:01.000Z","volume":12500,"label":" ","price":3.71},{"type":"B","date":"2018-05-03T03:28:04.000Z","volume":72500,"label":" ","price":3.7},{"type":"B","date":"2018-05-03T03:28:09.000Z","volume":72500,"label":" ","price":3.7},{"type":"A","date":"2018-05-03T03:28:25.000Z","volume":75000,"label":"Y","price":3.7},{"type":"A","date":"2018-05-03T03:28:25.000Z","volume":5000,"label":" ","price":3.7},{"type":"A","date":"2018-05-03T03:28:25.000Z","volume":72500,"label":"Y","price":3.71},{"type":"A","date":"2018-05-03T03:28:25.000Z","volume":22500,"label":" ","price":3.71},{"type":"A","date":"2018-05-03T03:28:25.000Z","volume":25000,"label":"Y","price":3.72},{"type":"B","date":"2018-05-03T03:28:31.000Z","volume":75000,"label":" ","price":3.7},{"type":"B","date":"2018-05-03T03:28:35.000Z","volume":45000,"label":" ","price":3.7},{"type":"B","date":"2018-05-03T03:28:35.000Z","volume":30000,"label":"Y","price":3.69},{"type":"B","date":"2018-05-03T03:28:54.000Z","volume":2500,"label":"Y","price":3.7},{"type":"A","date":"2018-05-03T03:28:58.000Z","volume":5000,"label":" ","price":3.7},{"type":"A","date":"2018-05-03T03:29:07.000Z","volume":142500,"label":"Y","price":3.7},{"type":"A","date":"2018-05-03T03:29:07.000Z","volume":32500,"label":" ","price":3.7},{"type":"A","date":"2018-05-03T03:29:07.000Z","volume":25000,"label":"Y","price":3.71},{"type":"A","date":"2018-05-03T03:29:22.000Z","volume":5000,"label":"Y","price":3.7},{"type":"A","date":"2018-05-03T03:29:29.000Z","volume":70000,"label":"Y","price":3.7},{"type":"A","date":"2018-05-03T03:29:29.000Z","volume":17500,"label":" ","price":3.7},{"type":"A","date":"2018-05-03T03:29:29.000Z","volume":12500,"label":"Y","price":3.71},{"type":"B","date":"2018-05-03T03:29:35.000Z","volume":75000,"label":"Y","price":3.7},{"type":"B","date":"2018-05-03T03:29:41.000Z","volume":25000,"label":"Y","price":3.7},{"type":"B","date":"2018-05-03T03:29:41.000Z","volume":12500,"label":" ","price":3.7},{"type":"A","date":"2018-05-03T03:29:41.000Z","volume":37500,"label":" ","price":3.7},{"type":"A","date":"2018-05-03T03:29:44.000Z","volume":12500,"label":" ","price":3.7},{"type":"A","date":"2018-05-03T03:29:44.000Z","volume":87500,"label":"Y","price":3.71},{"type":"A","date":"2018-05-03T03:30:00.000Z","volume":75000,"label":"Y","price":3.7},{"type":"A","date":"2018-05-03T03:30:00.000Z","volume":12500,"label":" ","price":3.7},{"type":"A","date":"2018-05-03T03:30:00.000Z","volume":95000,"label":"Y","price":3.71},{"type":"A","date":"2018-05-03T03:30:00.000Z","volume":17500,"label":" ","price":3.71},{"type":"B","date":"2018-05-03T03:30:05.000Z","volume":75000,"label":"Y","price":3.7},{"type":"B","date":"2018-05-03T03:30:25.000Z","volume":27500,"label":"Y","price":3.7},{"type":"B","date":"2018-05-03T03:30:25.000Z","volume":17500,"label":" ","price":3.7},{"type":"A","date":"2018-05-03T03:30:25.000Z","volume":7500,"label":" ","price":3.7},{"type":"A","date":"2018-05-03T03:30:34.000Z","volume":52500,"label":"Y","price":3.7},{"type":"A","date":"2018-05-03T03:30:34.000Z","volume":40000,"label":" ","price":3.7},{"type":"A","date":"2018-05-03T03:30:41.000Z","volume":180000,"label":"Y","price":3.71},{"type":"A","date":"2018-05-03T03:30:41.000Z","volume":52500,"label":" ","price":3.71},{"type":"A","date":"2018-05-03T03:30:41.000Z","volume":17500,"label":"Y","price":3.72},{"type":"A","date":"2018-05-03T03:31:14.000Z","volume":105000,"label":"Y","price":3.71},{"type":"A","date":"2018-05-03T03:31:14.000Z","volume":57500,"label":"Y","price":3.72},{"type":"A","date":"2018-05-03T03:31:14.000Z","volume":37500,"label":" ","price":3.72},{"type":"A","date":"2018-05-03T03:31:35.000Z","volume":17500,"label":" ","price":3.72},{"type":"A","date":"2018-05-03T03:31:35.000Z","volume":97500,"label":"Y","price":3.73},{"type":"A","date":"2018-05-03T03:31:35.000Z","volume":5000,"label":" ","price":3.73},{"type":"B","date":"2018-05-03T03:32:01.000Z","volume":5000,"label":"Y","price":3.71},{"type":"B","date":"2018-05-03T03:32:01.000Z","volume":45000,"label":" ","price":3.71},{"type":"A","date":"2018-05-03T03:32:01.000Z","volume":7500,"label":" ","price":3.71},{"type":"A","date":"2018-05-03T03:32:05.000Z","volume":25000,"label":" ","price":3.71},{"type":"A","date":"2018-05-03T03:32:10.000Z","volume":30000,"label":" ","price":3.71},{"type":"A","date":"2018-05-03T03:32:10.000Z","volume":2500,"label":" ","price":3.71},{"type":"A","date":"2018-05-03T03:32:20.000Z","volume":100000,"label":"Y","price":3.72},{"type":"U","date":"2018-05-03T03:32:24.000Z","volume":7500,"label":" ","price":3.71},{"type":"B","date":"2018-05-03T03:32:46.000Z","volume":7500,"label":"Y","price":3.7},{"type":"B","date":"2018-05-03T03:32:46.000Z","volume":97500,"label":" ","price":3.7},{"type":"A","date":"2018-05-03T03:32:59.000Z","volume":195000,"label":"Y","price":3.71},{"type":"A","date":"2018-05-03T03:32:59.000Z","volume":5000,"label":" ","price":3.71},{"type":"B","date":"2018-05-03T03:33:03.000Z","volume":105000,"label":" ","price":3.7},{"type":"B","date":"2018-05-03T03:33:10.000Z","volume":17500,"label":" ","price":3.7},{"type":"A","date":"2018-05-03T03:33:27.000Z","volume":105000,"label":"Y","price":3.7},{"type":"A","date":"2018-05-03T03:33:27.000Z","volume":107500,"label":"Y","price":3.71},{"type":"A","date":"2018-05-03T03:33:27.000Z","volume":37500,"label":" ","price":3.71},{"type":"B","date":"2018-05-03T03:33:35.000Z","volume":87500,"label":" ","price":3.7},{"type":"A","date":"2018-05-03T03:33:38.000Z","volume":2500,"label":" ","price":3.7},{"type":"A","date":"2018-05-03T03:34:12.000Z","volume":45000,"label":" ","price":3.7},{"type":"A","date":"2018-05-03T03:34:41.000Z","volume":20000,"label":" ","price":3.7},{"type":"A","date":"2018-05-03T03:35:19.000Z","volume":2500,"label":"Y","price":3.7},{"type":"B","date":"2018-05-03T03:35:26.000Z","volume":10000,"label":" ","price":3.69},{"type":"A","date":"2018-05-03T03:35:44.000Z","volume":20000,"label":" ","price":3.7},{"type":"B","date":"2018-05-03T03:36:22.000Z","volume":10000,"label":" ","price":3.69},{"type":"B","date":"2018-05-03T03:37:19.000Z","volume":10000,"label":" ","price":3.69},{"type":"B","date":"2018-05-03T03:38:18.000Z","volume":105000,"label":"Y","price":3.69},{"type":"B","date":"2018-05-03T03:38:21.000Z","volume":100000,"label":" ","price":3.69},{"type":"A","date":"2018-05-03T03:38:36.000Z","volume":55000,"label":"Y","price":3.7},{"type":"A","date":"2018-05-03T03:38:36.000Z","volume":45000,"label":" ","price":3.7},{"type":"B","date":"2018-05-03T03:38:44.000Z","volume":7500,"label":" ","price":3.69},{"type":"B","date":"2018-05-03T03:38:53.000Z","volume":17500,"label":" ","price":3.69},{"type":"A","date":"2018-05-03T03:39:04.000Z","volume":10000,"label":" ","price":3.7},{"type":"A","date":"2018-05-03T03:39:23.000Z","volume":100000,"label":" ","price":3.7},{"type":"B","date":"2018-05-03T03:39:46.000Z","volume":2500,"label":"Y","price":3.69},{"type":"B","date":"2018-05-03T03:39:46.000Z","volume":65000,"label":" ","price":3.69},{"type":"A","date":"2018-05-03T03:39:46.000Z","volume":95000,"label":"Y","price":3.7},{"type":"A","date":"2018-05-03T03:39:46.000Z","volume":5000,"label":" ","price":3.7},{"type":"A","date":"2018-05-03T03:40:05.000Z","volume":10000,"label":"Y","price":3.7},{"type":"A","date":"2018-05-03T03:40:05.000Z","volume":47500,"label":" ","price":3.7},{"type":"A","date":"2018-05-03T03:40:05.000Z","volume":5000,"label":"Y","price":3.71},{"type":"A","date":"2018-05-03T03:40:05.000Z","volume":37500,"label":" ","price":3.71},{"type":"A","date":"2018-05-03T03:40:16.000Z","volume":57500,"label":"Y","price":3.71},{"type":"A","date":"2018-05-03T03:40:16.000Z","volume":42500,"label":" ","price":3.71},{"type":"A","date":"2018-05-03T03:40:32.000Z","volume":100000,"label":"Y","price":3.7},{"type":"A","date":"2018-05-03T03:40:42.000Z","volume":30000,"label":"Y","price":3.7},{"type":"A","date":"2018-05-03T03:40:42.000Z","volume":45000,"label":" ","price":3.7},{"type":"B","date":"2018-05-03T03:40:46.000Z","volume":25000,"label":"Y","price":3.7},{"type":"B","date":"2018-05-03T03:40:46.000Z","volume":5000,"label":" ","price":3.7},{"type":"A","date":"2018-05-03T03:40:55.000Z","volume":75000,"label":"Y","price":3.7},{"type":"A","date":"2018-05-03T03:40:55.000Z","volume":25000,"label":" ","price":3.7},{"type":"A","date":"2018-05-03T03:41:12.000Z","volume":80000,"label":"Y","price":3.7},{"type":"A","date":"2018-05-03T03:41:12.000Z","volume":20000,"label":" ","price":3.7},{"type":"A","date":"2018-05-03T03:41:29.000Z","volume":62500,"label":"Y","price":3.7},{"type":"A","date":"2018-05-03T03:41:29.000Z","volume":37500,"label":" ","price":3.7},{"type":"A","date":"2018-05-03T03:41:45.000Z","volume":85000,"label":" ","price":3.69},{"type":"A","date":"2018-05-03T03:41:45.000Z","volume":15000,"label":"Y","price":3.7},{"type":"A","date":"2018-05-03T03:41:56.000Z","volume":100000,"label":"Y","price":3.69},{"type":"U","date":"2018-05-03T03:42:04.000Z","volume":1875,"label":"D","price":3.62},{"type":"A","date":"2018-05-03T03:42:18.000Z","volume":5000,"label":"Y","price":3.69},{"type":"A","date":"2018-05-03T03:42:18.000Z","volume":7500,"label":" ","price":3.69},{"type":"A","date":"2018-05-03T03:42:33.000Z","volume":52500,"label":"Y","price":3.7},{"type":"A","date":"2018-05-03T03:42:33.000Z","volume":47500,"label":" ","price":3.7},{"type":"B","date":"2018-05-03T03:42:36.000Z","volume":87500,"label":"Y","price":3.69},{"type":"B","date":"2018-05-03T03:42:36.000Z","volume":17500,"label":" ","price":3.69},{"type":"B","date":"2018-05-03T03:42:43.000Z","volume":40000,"label":" ","price":3.69},{"type":"A","date":"2018-05-03T03:42:43.000Z","volume":145000,"label":"Y","price":3.7},{"type":"A","date":"2018-05-03T03:42:43.000Z","volume":5000,"label":" ","price":3.7},{"type":"A","date":"2018-05-03T03:43:00.000Z","volume":100000,"label":"Y","price":3.69},{"type":"A","date":"2018-05-03T03:43:19.000Z","volume":10000,"label":" ","price":3.69},{"type":"A","date":"2018-05-03T03:43:20.000Z","volume":105000,"label":"Y","price":3.69},{"type":"A","date":"2018-05-03T03:43:20.000Z","volume":15000,"label":" ","price":3.69},{"type":"A","date":"2018-05-03T03:43:32.000Z","volume":105000,"label":"Y","price":3.69},{"type":"A","date":"2018-05-03T03:43:32.000Z","volume":15000,"label":"Y","price":3.7},{"type":"A","date":"2018-05-03T03:43:50.000Z","volume":30000,"label":"Y","price":3.69},{"type":"A","date":"2018-05-03T03:43:50.000Z","volume":90000,"label":" ","price":3.69},{"type":"A","date":"2018-05-03T03:44:08.000Z","volume":75000,"label":"Y","price":3.69},{"type":"A","date":"2018-05-03T03:44:08.000Z","volume":20000,"label":" ","price":3.69},{"type":"B","date":"2018-05-03T03:44:22.000Z","volume":25000,"label":"Y","price":3.69},{"type":"B","date":"2018-05-03T03:44:22.000Z","volume":25000,"label":" ","price":3.69},{"type":"B","date":"2018-05-03T03:44:46.000Z","volume":12500,"label":" ","price":3.68},{"type":"B","date":"2018-05-03T03:44:46.000Z","volume":2500,"label":" ","price":3.68},{"type":"A","date":"2018-05-03T03:45:03.000Z","volume":120000,"label":"Y","price":3.69},{"type":"A","date":"2018-05-03T03:45:16.000Z","volume":145000,"label":"Y","price":3.69},{"type":"A","date":"2018-05-03T03:45:16.000Z","volume":5000,"label":" ","price":3.69},{"type":"A","date":"2018-05-03T03:45:16.000Z","volume":7500,"label":"Y","price":3.69},{"type":"A","date":"2018-05-03T03:45:16.000Z","volume":5000,"label":" ","price":3.69},{"type":"A","date":"2018-05-03T03:45:36.000Z","volume":120000,"label":"Y","price":3.7},{"type":"A","date":"2018-05-03T03:45:36.000Z","volume":80000,"label":" ","price":3.7},{"type":"A","date":"2018-05-03T03:46:05.000Z","volume":120000,"label":" ","price":3.7},{"type":"A","date":"2018-05-03T03:47:47.000Z","volume":100000,"label":"Y","price":3.69},{"type":"A","date":"2018-05-03T03:47:47.000Z","volume":10000,"label":"Y","price":3.69},{"type":"A","date":"2018-05-03T03:47:47.000Z","volume":5000,"label":" ","price":3.69},{"type":"A","date":"2018-05-03T03:48:07.000Z","volume":100000,"label":"Y","price":3.69},{"type":"A","date":"2018-05-03T03:48:07.000Z","volume":5000,"label":" ","price":3.69},{"type":"U","date":"2018-05-03T03:48:09.000Z","volume":2500,"label":"X","price":3.68},{"type":"A","date":"2018-05-03T03:49:10.000Z","volume":210000,"label":"Y","price":3.69},{"type":"A","date":"2018-05-03T03:49:10.000Z","volume":22500,"label":" ","price":3.69},{"type":"B","date":"2018-05-03T03:49:53.000Z","volume":50000,"label":" ","price":3.69},{"type":"A","date":"2018-05-03T03:50:22.000Z","volume":210000,"label":"Y","price":3.69},{"type":"A","date":"2018-05-03T03:50:22.000Z","volume":12500,"label":" ","price":3.69},{"type":"B","date":"2018-05-03T03:50:35.000Z","volume":17500,"label":"Y","price":3.69},{"type":"B","date":"2018-05-03T03:50:35.000Z","volume":2500,"label":" ","price":3.69},{"type":"B","date":"2018-05-03T03:50:56.000Z","volume":27500,"label":" ","price":3.68},{"type":"B","date":"2018-05-03T03:52:24.000Z","volume":25000,"label":"Y","price":3.68},{"type":"B","date":"2018-05-03T03:52:24.000Z","volume":80000,"label":" ","price":3.68},{"type":"B","date":"2018-05-03T03:52:48.000Z","volume":10000,"label":" ","price":3.68},{"type":"B","date":"2018-05-03T03:53:45.000Z","volume":12500,"label":" ","price":3.68},{"type":"B","date":"2018-05-03T03:54:42.000Z","volume":7500,"label":" ","price":3.68},{"type":"B","date":"2018-05-03T03:54:44.000Z","volume":60000,"label":" ","price":3.68},{"type":"A","date":"2018-05-03T03:55:33.000Z","volume":7500,"label":" ","price":3.69},{"type":"B","date":"2018-05-03T03:55:39.000Z","volume":10000,"label":" ","price":3.68},{"type":"B","date":"2018-05-03T03:55:41.000Z","volume":82500,"label":" ","price":3.68},{"type":"A","date":"2018-05-03T03:56:01.000Z","volume":2500,"label":" ","price":3.68},{"type":"A","date":"2018-05-03T03:56:10.000Z","volume":5000,"label":" ","price":3.68},{"type":"B","date":"2018-05-03T03:56:36.000Z","volume":10000,"label":" ","price":3.67},{"type":"B","date":"2018-05-03T03:57:32.000Z","volume":12500,"label":" ","price":3.67},{"type":"B","date":"2018-05-03T03:57:32.000Z","volume":2500,"label":" ","price":3.67},{"type":"B","date":"2018-05-03T03:58:08.000Z","volume":12500,"label":" ","price":3.67},{"type":"B","date":"2018-05-03T03:58:08.000Z","volume":12500,"label":" ","price":3.67},{"type":"A","date":"2018-05-03T03:58:39.000Z","volume":2500,"label":" ","price":3.68},{"type":"A","date":"2018-05-03T05:00:10.000Z","volume":82500,"label":" ","price":3.68},{"type":"A","date":"2018-05-03T05:02:06.000Z","volume":7500,"label":" ","price":3.68},{"type":"A","date":"2018-05-03T05:02:55.000Z","volume":12500,"label":" ","price":3.68},{"type":"U","date":"2018-05-03T05:03:01.000Z","volume":960,"label":"D","price":3.72},{"type":"A","date":"2018-05-03T05:05:04.000Z","volume":7500,"label":" ","price":3.68},{"type":"A","date":"2018-05-03T05:05:16.000Z","volume":70000,"label":" ","price":3.68},{"type":"A","date":"2018-05-03T05:05:29.000Z","volume":182500,"label":"Y","price":3.69},{"type":"A","date":"2018-05-03T05:05:29.000Z","volume":17500,"label":" ","price":3.69},{"type":"A","date":"2018-05-03T05:05:44.000Z","volume":105000,"label":" ","price":3.69},{"type":"B","date":"2018-05-03T05:05:49.000Z","volume":95000,"label":"Y","price":3.69},{"type":"B","date":"2018-05-03T05:05:49.000Z","volume":10000,"label":" ","price":3.69},{"type":"B","date":"2018-05-03T05:06:07.000Z","volume":67500,"label":"Y","price":3.69},{"type":"B","date":"2018-05-03T05:06:07.000Z","volume":37500,"label":" ","price":3.69},{"type":"A","date":"2018-05-03T05:06:08.000Z","volume":200000,"label":"Y","price":3.7},{"type":"B","date":"2018-05-03T05:06:17.000Z","volume":107500,"label":"Y","price":3.69},{"type":"A","date":"2018-05-03T05:06:18.000Z","volume":107500,"label":"Y","price":3.7},{"type":"A","date":"2018-05-03T05:06:18.000Z","volume":12500,"label":" ","price":3.7},{"type":"B","date":"2018-05-03T05:06:26.000Z","volume":107500,"label":"Y","price":3.7},{"type":"A","date":"2018-05-03T05:06:28.000Z","volume":222500,"label":"Y","price":3.71},{"type":"A","date":"2018-05-03T05:06:28.000Z","volume":15000,"label":" ","price":3.71},{"type":"B","date":"2018-05-03T05:06:31.000Z","volume":62500,"label":"Y","price":3.71},{"type":"B","date":"2018-05-03T05:06:31.000Z","volume":45000,"label":"Y","price":3.7},{"type":"A","date":"2018-05-03T05:06:41.000Z","volume":107500,"label":"Y","price":3.71},{"type":"A","date":"2018-05-03T05:06:41.000Z","volume":10000,"label":" ","price":3.71},{"type":"A","date":"2018-05-03T05:06:41.000Z","volume":187500,"label":"Y","price":3.72},{"type":"B","date":"2018-05-03T05:06:44.000Z","volume":20000,"label":" ","price":3.72},{"type":"B","date":"2018-05-03T05:06:47.000Z","volume":75000,"label":"Y","price":3.72},{"type":"A","date":"2018-05-03T05:06:47.000Z","volume":20000,"label":" ","price":3.71},{"type":"A","date":"2018-05-03T05:06:58.000Z","volume":120000,"label":"Y","price":3.71},{"type":"A","date":"2018-05-03T05:07:10.000Z","volume":215000,"label":"Y","price":3.72},{"type":"A","date":"2018-05-03T05:07:10.000Z","volume":5000,"label":" ","price":3.72},{"type":"A","date":"2018-05-03T05:07:21.000Z","volume":157500,"label":"Y","price":3.73},{"type":"A","date":"2018-05-03T05:07:21.000Z","volume":200000,"label":" ","price":3.73},{"type":"B","date":"2018-05-03T05:07:24.000Z","volume":107500,"label":"Y","price":3.73},{"type":"A","date":"2018-05-03T05:07:36.000Z","volume":165000,"label":"Y","price":3.74},{"type":"B","date":"2018-05-03T05:07:38.000Z","volume":107500,"label":"Y","price":3.74},{"type":"B","date":"2018-05-03T05:07:44.000Z","volume":107500,"label":"Y","price":3.74},{"type":"B","date":"2018-05-03T05:07:44.000Z","volume":50000,"label":" ","price":3.74},{"type":"B","date":"2018-05-03T05:07:48.000Z","volume":35000,"label":"Y","price":3.73},{"type":"B","date":"2018-05-03T05:07:48.000Z","volume":15000,"label":" ","price":3.73},{"type":"A","date":"2018-05-03T05:07:50.000Z","volume":57500,"label":"Y","price":3.73},{"type":"A","date":"2018-05-03T05:07:50.000Z","volume":2500,"label":" ","price":3.73},{"type":"A","date":"2018-05-03T05:07:50.000Z","volume":190000,"label":"Y","price":3.75},{"type":"A","date":"2018-05-03T05:07:50.000Z","volume":40000,"label":" ","price":3.75},{"type":"B","date":"2018-05-03T05:07:54.000Z","volume":60000,"label":"Y","price":3.75},{"type":"B","date":"2018-05-03T05:07:54.000Z","volume":20000,"label":" ","price":3.73},{"type":"A","date":"2018-05-03T05:07:55.000Z","volume":32500,"label":" ","price":3.73},{"type":"A","date":"2018-05-03T05:08:06.000Z","volume":112500,"label":"Y","price":3.75},{"type":"A","date":"2018-05-03T05:08:06.000Z","volume":17500,"label":" ","price":3.75},{"type":"A","date":"2018-05-03T05:08:06.000Z","volume":20000,"label":"Y","price":3.76},{"type":"A","date":"2018-05-03T05:08:16.000Z","volume":112500,"label":"Y","price":3.74},{"type":"A","date":"2018-05-03T05:08:16.000Z","volume":237500,"label":" ","price":3.75},{"type":"A","date":"2018-05-03T05:08:22.000Z","volume":20000,"label":" ","price":3.74},{"type":"A","date":"2018-05-03T05:08:30.000Z","volume":10000,"label":" ","price":3.74},{"type":"A","date":"2018-05-03T05:08:31.000Z","volume":250000,"label":"Y","price":3.74},{"type":"A","date":"2018-05-03T05:08:42.000Z","volume":57500,"label":"Y","price":3.74},{"type":"A","date":"2018-05-03T05:08:42.000Z","volume":55000,"label":" ","price":3.74},{"type":"B","date":"2018-05-03T05:08:51.000Z","volume":37500,"label":"Y","price":3.74},{"type":"B","date":"2018-05-03T05:08:51.000Z","volume":20000,"label":" ","price":3.74},{"type":"A","date":"2018-05-03T05:08:54.000Z","volume":55000,"label":"Y","price":3.74},{"type":"A","date":"2018-05-03T05:08:54.000Z","volume":7500,"label":" ","price":3.74},{"type":"A","date":"2018-05-03T05:08:54.000Z","volume":225000,"label":"Y","price":3.75},{"type":"A","date":"2018-05-03T05:08:54.000Z","volume":32500,"label":" ","price":3.75},{"type":"B","date":"2018-05-03T05:09:03.000Z","volume":30000,"label":"Y","price":3.75},{"type":"A","date":"2018-05-03T05:09:07.000Z","volume":195000,"label":"Y","price":3.75},{"type":"A","date":"2018-05-03T05:09:07.000Z","volume":30000,"label":" ","price":3.75},{"type":"A","date":"2018-05-03T05:09:07.000Z","volume":25000,"label":"Y","price":3.76},{"type":"A","date":"2018-05-03T05:09:42.000Z","volume":250000,"label":"Y","price":3.74},{"type":"B","date":"2018-05-03T05:09:43.000Z","volume":22500,"label":" ","price":3.73},{"type":"A","date":"2018-05-03T05:09:45.000Z","volume":50000,"label":" ","price":3.73},{"type":"A","date":"2018-05-03T05:09:53.000Z","volume":2500,"label":" ","price":3.73},{"type":"A","date":"2018-05-03T05:09:56.000Z","volume":2500,"label":"Y","price":3.73},{"type":"A","date":"2018-05-03T05:10:11.000Z","volume":37500,"label":"Y","price":3.74},{"type":"A","date":"2018-05-03T05:10:11.000Z","volume":22500,"label":" ","price":3.74},{"type":"B","date":"2018-05-03T05:10:13.000Z","volume":17500,"label":"Y","price":3.74},{"type":"B","date":"2018-05-03T05:10:15.000Z","volume":22500,"label":"Y","price":3.74},{"type":"B","date":"2018-05-03T05:10:15.000Z","volume":90000,"label":"Y","price":3.73},{"type":"B","date":"2018-05-03T05:10:21.000Z","volume":37500,"label":"Y","price":3.73},{"type":"A","date":"2018-05-03T05:10:26.000Z","volume":112500,"label":"Y","price":3.74},{"type":"A","date":"2018-05-03T05:10:26.000Z","volume":15000,"label":" ","price":3.74},{"type":"A","date":"2018-05-03T05:10:26.000Z","volume":272500,"label":"Y","price":3.75},{"type":"A","date":"2018-05-03T05:10:37.000Z","volume":5000,"label":" ","price":3.74},{"type":"A","date":"2018-05-03T05:10:37.000Z","volume":150000,"label":"Y","price":3.74},{"type":"B","date":"2018-05-03T05:10:50.000Z","volume":70000,"label":"Y","price":3.73},{"type":"B","date":"2018-05-03T05:10:50.000Z","volume":7500,"label":" ","price":3.73},{"type":"A","date":"2018-05-03T05:10:51.000Z","volume":35000,"label":"Y","price":3.73},{"type":"A","date":"2018-05-03T05:10:51.000Z","volume":165000,"label":"Y","price":3.74},{"type":"A","date":"2018-05-03T05:11:07.000Z","volume":92500,"label":"Y","price":3.73},{"type":"A","date":"2018-05-03T05:11:07.000Z","volume":7500,"label":" ","price":3.73},{"type":"A","date":"2018-05-03T05:11:15.000Z","volume":30000,"label":" ","price":3.73},{"type":"B","date":"2018-05-03T05:11:29.000Z","volume":17500,"label":" ","price":3.72},{"type":"B","date":"2018-05-03T05:11:29.000Z","volume":7500,"label":" ","price":3.72},{"type":"A","date":"2018-05-03T05:11:35.000Z","volume":125000,"label":"Y","price":3.73},{"type":"A","date":"2018-05-03T05:11:35.000Z","volume":25000,"label":" ","price":3.73},{"type":"A","date":"2018-05-03T05:11:50.000Z","volume":27500,"label":"Y","price":3.73},{"type":"A","date":"2018-05-03T05:11:50.000Z","volume":22500,"label":" ","price":3.73},{"type":"A","date":"2018-05-03T05:12:03.000Z","volume":150000,"label":"Y","price":3.73},{"type":"A","date":"2018-05-03T05:12:17.000Z","volume":25000,"label":"Y","price":3.73},{"type":"A","date":"2018-05-03T05:12:17.000Z","volume":25000,"label":" ","price":3.73},{"type":"A","date":"2018-05-03T05:12:31.000Z","volume":40000,"label":"Y","price":3.72},{"type":"A","date":"2018-05-03T05:12:31.000Z","volume":75000,"label":"Y","price":3.73},{"type":"A","date":"2018-05-03T05:12:31.000Z","volume":35000,"label":" ","price":3.73},{"type":"A","date":"2018-05-03T05:12:56.000Z","volume":150000,"label":"Y","price":3.72},{"type":"A","date":"2018-05-03T05:13:13.000Z","volume":92500,"label":"Y","price":3.72},{"type":"A","date":"2018-05-03T05:13:13.000Z","volume":7500,"label":" ","price":3.72},{"type":"A","date":"2018-05-03T05:13:26.000Z","volume":100000,"label":"Y","price":3.72},{"type":"A","date":"2018-05-03T05:13:26.000Z","volume":10000,"label":" ","price":3.72},{"type":"A","date":"2018-05-03T05:13:39.000Z","volume":90000,"label":"Y","price":3.72},{"type":"A","date":"2018-05-03T05:13:39.000Z","volume":10000,"label":" ","price":3.72},{"type":"A","date":"2018-05-03T05:13:51.000Z","volume":120000,"label":"Y","price":3.72},{"type":"A","date":"2018-05-03T05:14:09.000Z","volume":95000,"label":"Y","price":3.72},{"type":"A","date":"2018-05-03T05:14:09.000Z","volume":5000,"label":" ","price":3.72},{"type":"A","date":"2018-05-03T05:14:23.000Z","volume":30000,"label":"Y","price":3.72},{"type":"A","date":"2018-05-03T05:14:23.000Z","volume":2500,"label":" ","price":3.72},{"type":"B","date":"2018-05-03T05:14:55.000Z","volume":2500,"label":" ","price":3.72},{"type":"A","date":"2018-05-03T05:14:59.000Z","volume":90000,"label":"Y","price":3.73},{"type":"A","date":"2018-05-03T05:14:59.000Z","volume":10000,"label":" ","price":3.73},{"type":"B","date":"2018-05-03T05:14:59.000Z","volume":10000,"label":"Y","price":3.72},{"type":"B","date":"2018-05-03T05:15:06.000Z","volume":5000,"label":"Y","price":3.72},{"type":"B","date":"2018-05-03T05:15:06.000Z","volume":15000,"label":" ","price":3.72},{"type":"A","date":"2018-05-03T05:15:15.000Z","volume":180000,"label":"Y","price":3.72},{"type":"A","date":"2018-05-03T05:15:15.000Z","volume":2500,"label":" ","price":3.72},{"type":"B","date":"2018-05-03T05:15:21.000Z","volume":17500,"label":"Y","price":3.72},{"type":"A","date":"2018-05-03T05:15:39.000Z","volume":80000,"label":"Y","price":3.72},{"type":"A","date":"2018-05-03T05:15:39.000Z","volume":37500,"label":" ","price":3.72},{"type":"B","date":"2018-05-03T05:15:55.000Z","volume":42500,"label":"Y","price":3.72},{"type":"B","date":"2018-05-03T05:16:01.000Z","volume":40000,"label":"Y","price":3.72},{"type":"B","date":"2018-05-03T05:16:01.000Z","volume":7500,"label":" ","price":3.72},{"type":"A","date":"2018-05-03T05:16:15.000Z","volume":50000,"label":"Y","price":3.72},{"type":"A","date":"2018-05-03T05:16:29.000Z","volume":45000,"label":"Y","price":3.72},{"type":"A","date":"2018-05-03T05:16:29.000Z","volume":5000,"label":" ","price":3.72},{"type":"B","date":"2018-05-03T05:16:32.000Z","volume":35000,"label":" ","price":3.71},{"type":"A","date":"2018-05-03T05:16:59.000Z","volume":50000,"label":"Y","price":3.71},{"type":"B","date":"2018-05-03T05:17:03.000Z","volume":22500,"label":" ","price":3.7},{"type":"A","date":"2018-05-03T05:17:17.000Z","volume":50000,"label":"Y","price":3.7},{"type":"A","date":"2018-05-03T05:17:32.000Z","volume":40000,"label":"Y","price":3.7},{"type":"A","date":"2018-05-03T05:17:32.000Z","volume":10000,"label":" ","price":3.7},{"type":"A","date":"2018-05-03T05:21:35.000Z","volume":5000,"label":" ","price":3.7},{"type":"A","date":"2018-05-03T05:22:35.000Z","volume":2500,"label":"Y","price":3.7},{"type":"A","date":"2018-05-03T05:22:35.000Z","volume":2500,"label":" ","price":3.7},{"type":"A","date":"2018-05-03T05:23:00.000Z","volume":5000,"label":"Y","price":3.7},{"type":"A","date":"2018-05-03T05:24:56.000Z","volume":15000,"label":" ","price":3.7},{"type":"A","date":"2018-05-03T05:28:07.000Z","volume":12500,"label":" ","price":3.7},{"type":"B","date":"2018-05-03T05:29:12.000Z","volume":52500,"label":" ","price":3.69},{"type":"A","date":"2018-05-03T05:30:36.000Z","volume":25000,"label":" ","price":3.69},{"type":"A","date":"2018-05-03T05:32:17.000Z","volume":27500,"label":" ","price":3.69},{"type":"A","date":"2018-05-03T05:32:59.000Z","volume":22500,"label":" ","price":3.69},{"type":"B","date":"2018-05-03T05:33:44.000Z","volume":12500,"label":" ","price":3.68},{"type":"A","date":"2018-05-03T05:35:32.000Z","volume":10000,"label":"Y","price":3.69},{"type":"A","date":"2018-05-03T05:35:32.000Z","volume":10000,"label":" ","price":3.69},{"type":"A","date":"2018-05-03T05:35:46.000Z","volume":2500,"label":" ","price":3.69},{"type":"A","date":"2018-05-03T05:36:33.000Z","volume":10000,"label":" ","price":3.69},{"type":"A","date":"2018-05-03T05:36:33.000Z","volume":2500,"label":" ","price":3.69},{"type":"A","date":"2018-05-03T05:36:41.000Z","volume":20000,"label":" ","price":3.69},{"type":"A","date":"2018-05-03T05:37:02.000Z","volume":75000,"label":" ","price":3.69},{"type":"A","date":"2018-05-03T05:38:30.000Z","volume":20000,"label":" ","price":3.69},{"type":"A","date":"2018-05-03T05:39:47.000Z","volume":10000,"label":" ","price":3.69},{"type":"A","date":"2018-05-03T05:39:53.000Z","volume":17500,"label":" ","price":3.69},{"type":"B","date":"2018-05-03T05:40:31.000Z","volume":200000,"label":" ","price":3.68},{"type":"A","date":"2018-05-03T05:40:46.000Z","volume":35000,"label":" ","price":3.69},{"type":"A","date":"2018-05-03T05:41:21.000Z","volume":2500,"label":" ","price":3.69},{"type":"A","date":"2018-05-03T05:42:01.000Z","volume":85000,"label":" ","price":3.69},{"type":"A","date":"2018-05-03T05:42:29.000Z","volume":32500,"label":" ","price":3.69},{"type":"A","date":"2018-05-03T05:42:29.000Z","volume":5000,"label":" ","price":3.69},{"type":"A","date":"2018-05-03T05:42:29.000Z","volume":15000,"label":"Y","price":3.69},{"type":"A","date":"2018-05-03T05:42:29.000Z","volume":10000,"label":" ","price":3.69},{"type":"A","date":"2018-05-03T05:42:35.000Z","volume":27500,"label":"Y","price":3.69},{"type":"A","date":"2018-05-03T05:42:35.000Z","volume":15000,"label":" ","price":3.69},{"type":"A","date":"2018-05-03T05:43:32.000Z","volume":2500,"label":" ","price":3.7},{"type":"A","date":"2018-05-03T05:43:32.000Z","volume":22500,"label":" ","price":3.7},{"type":"B","date":"2018-05-03T05:44:23.000Z","volume":90000,"label":" ","price":3.69},{"type":"A","date":"2018-05-03T05:44:23.000Z","volume":7500,"label":" ","price":3.69},{"type":"A","date":"2018-05-03T05:44:49.000Z","volume":5000,"label":"Y","price":3.69},{"type":"A","date":"2018-05-03T05:46:48.000Z","volume":2500,"label":" ","price":3.69},{"type":"A","date":"2018-05-03T05:47:01.000Z","volume":10000,"label":" ","price":3.69},{"type":"A","date":"2018-05-03T05:47:20.000Z","volume":35000,"label":" ","price":3.69},{"type":"A","date":"2018-05-03T05:48:13.000Z","volume":2500,"label":" ","price":3.69},{"type":"A","date":"2018-05-03T05:48:35.000Z","volume":15000,"label":" ","price":3.69},{"type":"A","date":"2018-05-03T05:50:19.000Z","volume":2500,"label":" ","price":3.69},{"type":"A","date":"2018-05-03T05:51:33.000Z","volume":15000,"label":" ","price":3.69},{"type":"A","date":"2018-05-03T05:52:25.000Z","volume":2500,"label":" ","price":3.69},{"type":"A","date":"2018-05-03T05:52:52.000Z","volume":5000,"label":" ","price":3.69},{"type":"A","date":"2018-05-03T05:55:03.000Z","volume":25000,"label":" ","price":3.69},{"type":"B","date":"2018-05-03T05:55:11.000Z","volume":7500,"label":" ","price":3.68},{"type":"A","date":"2018-05-03T05:58:02.000Z","volume":2500,"label":" ","price":3.69},{"type":"A","date":"2018-05-03T05:58:02.000Z","volume":20000,"label":" ","price":3.69},{"type":"A","date":"2018-05-03T05:58:35.000Z","volume":100000,"label":" ","price":3.69},{"type":"A","date":"2018-05-03T05:58:35.000Z","volume":67500,"label":" ","price":3.69},{"type":"A","date":"2018-05-03T05:58:35.000Z","volume":125000,"label":" ","price":3.69},{"type":"A","date":"2018-05-03T05:59:26.000Z","volume":2500,"label":"Y","price":3.69},{"type":"A","date":"2018-05-03T05:59:50.000Z","volume":17500,"label":" ","price":3.69},{"type":"B","date":"2018-05-03T05:59:56.000Z","volume":20000,"label":" ","price":3.68},{"type":"A","date":"2018-05-03T06:01:02.000Z","volume":5000,"label":" ","price":3.69},{"type":"A","date":"2018-05-03T06:02:30.000Z","volume":2500,"label":"Y","price":3.69},{"type":"A","date":"2018-05-03T06:02:30.000Z","volume":20000,"label":" ","price":3.69},{"type":"A","date":"2018-05-03T06:03:28.000Z","volume":2500,"label":"Y","price":3.69},{"type":"A","date":"2018-05-03T06:04:17.000Z","volume":2500,"label":" ","price":3.69},{"type":"A","date":"2018-05-03T06:04:55.000Z","volume":2500,"label":" ","price":3.69},{"type":"A","date":"2018-05-03T06:05:07.000Z","volume":20000,"label":" ","price":3.69},{"type":"A","date":"2018-05-03T06:07:38.000Z","volume":27500,"label":"Y","price":3.69},{"type":"A","date":"2018-05-03T06:07:55.000Z","volume":20000,"label":" ","price":3.69},{"type":"B","date":"2018-05-03T06:10:11.000Z","volume":72500,"label":"Y","price":3.68},{"type":"B","date":"2018-05-03T06:10:11.000Z","volume":40000,"label":" ","price":3.68},{"type":"A","date":"2018-05-03T06:10:12.000Z","volume":10000,"label":" ","price":3.69},{"type":"A","date":"2018-05-03T06:10:30.000Z","volume":17500,"label":" ","price":3.69},{"type":"B","date":"2018-05-03T06:10:36.000Z","volume":10000,"label":" ","price":3.68},{"type":"B","date":"2018-05-03T06:11:04.000Z","volume":127500,"label":" ","price":3.68},{"type":"B","date":"2018-05-03T06:11:04.000Z","volume":2500,"label":"Y","price":3.68},{"type":"B","date":"2018-05-03T06:11:04.000Z","volume":15000,"label":" ","price":3.68},{"type":"B","date":"2018-05-03T06:11:05.000Z","volume":5000,"label":" ","price":3.68},{"type":"B","date":"2018-05-03T06:11:19.000Z","volume":5000,"label":" ","price":3.67},{"type":"B","date":"2018-05-03T06:11:19.000Z","volume":107500,"label":" ","price":3.67},{"type":"B","date":"2018-05-03T06:13:04.000Z","volume":17500,"label":" ","price":3.67},{"type":"A","date":"2018-05-03T06:13:25.000Z","volume":7500,"label":" ","price":3.68},{"type":"B","date":"2018-05-03T06:13:43.000Z","volume":10000,"label":" ","price":3.67},{"type":"B","date":"2018-05-03T06:14:05.000Z","volume":37500,"label":" ","price":3.67},{"type":"A","date":"2018-05-03T06:14:11.000Z","volume":2500,"label":" ","price":3.68},{"type":"A","date":"2018-05-03T06:16:03.000Z","volume":2500,"label":" ","price":3.68},{"type":"A","date":"2018-05-03T06:16:18.000Z","volume":10000,"label":" ","price":3.68},{"type":"A","date":"2018-05-03T06:16:40.000Z","volume":10000,"label":" ","price":3.68},{"type":"A","date":"2018-05-03T06:17:11.000Z","volume":10000,"label":" ","price":3.68},{"type":"A","date":"2018-05-03T06:17:42.000Z","volume":75000,"label":" ","price":3.68},{"type":"B","date":"2018-05-03T06:18:06.000Z","volume":12500,"label":" ","price":3.67},{"type":"A","date":"2018-05-03T06:18:34.000Z","volume":62500,"label":" ","price":3.68},{"type":"A","date":"2018-05-03T06:18:47.000Z","volume":7500,"label":" ","price":3.68},{"type":"A","date":"2018-05-03T06:18:47.000Z","volume":20000,"label":" ","price":3.68},{"type":"B","date":"2018-05-03T06:19:05.000Z","volume":80000,"label":" ","price":3.67},{"type":"A","date":"2018-05-03T06:19:13.000Z","volume":2500,"label":" ","price":3.68},{"type":"A","date":"2018-05-03T06:21:14.000Z","volume":7500,"label":" ","price":3.67},{"type":"B","date":"2018-05-03T06:21:35.000Z","volume":165000,"label":" ","price":3.66},{"type":"A","date":"2018-05-03T06:22:33.000Z","volume":300000,"label":" ","price":3.66},{"type":"A","date":"2018-05-03T06:22:33.000Z","volume":12500,"label":" ","price":3.66},{"type":"A","date":"2018-05-03T06:22:43.000Z","volume":27500,"label":" ","price":3.66},{"type":"A","date":"2018-05-03T06:22:43.000Z","volume":112500,"label":" ","price":3.67},{"type":"A","date":"2018-05-03T06:22:43.000Z","volume":15000,"label":" ","price":3.68},{"type":"A","date":"2018-05-03T06:22:43.000Z","volume":12500,"label":" ","price":3.69},{"type":"B","date":"2018-05-03T06:22:53.000Z","volume":50000,"label":" ","price":3.68},{"type":"B","date":"2018-05-03T06:22:53.000Z","volume":35000,"label":" ","price":3.66},{"type":"A","date":"2018-05-03T06:23:17.000Z","volume":2500,"label":" ","price":3.69},{"type":"A","date":"2018-05-03T06:23:32.000Z","volume":2500,"label":" ","price":3.69},{"type":"A","date":"2018-05-03T06:24:04.000Z","volume":12500,"label":" ","price":3.69},{"type":"A","date":"2018-05-03T06:25:36.000Z","volume":30000,"label":" ","price":3.69},{"type":"A","date":"2018-05-03T06:26:41.000Z","volume":7500,"label":" ","price":3.69},{"type":"A","date":"2018-05-03T06:26:41.000Z","volume":25000,"label":" ","price":3.69},{"type":"A","date":"2018-05-03T06:27:47.000Z","volume":2500,"label":" ","price":3.69},{"type":"B","date":"2018-05-03T06:27:56.000Z","volume":2500,"label":" ","price":3.67},{"type":"A","date":"2018-05-03T06:28:11.000Z","volume":5000,"label":" ","price":3.69},{"type":"A","date":"2018-05-03T06:30:22.000Z","volume":22500,"label":" ","price":3.69},{"type":"A","date":"2018-05-03T06:31:00.000Z","volume":270000,"label":" ","price":3.69},{"type":"A","date":"2018-05-03T06:31:29.000Z","volume":102500,"label":" ","price":3.69},{"type":"A","date":"2018-05-03T06:31:44.000Z","volume":2500,"label":" ","price":3.7},{"type":"A","date":"2018-05-03T06:32:32.000Z","volume":27500,"label":" ","price":3.7},{"type":"A","date":"2018-05-03T06:34:22.000Z","volume":2500,"label":"Y","price":3.7},{"type":"A","date":"2018-05-03T06:34:27.000Z","volume":20000,"label":"Y","price":3.7},{"type":"A","date":"2018-05-03T06:34:27.000Z","volume":87500,"label":" ","price":3.7},{"type":"A","date":"2018-05-03T06:35:09.000Z","volume":20000,"label":" ","price":3.7},{"type":"A","date":"2018-05-03T06:38:39.000Z","volume":20000,"label":" ","price":3.7},{"type":"B","date":"2018-05-03T06:39:07.000Z","volume":7500,"label":" ","price":3.69},{"type":"A","date":"2018-05-03T06:41:19.000Z","volume":15000,"label":" ","price":3.7},{"type":"A","date":"2018-05-03T06:41:32.000Z","volume":2500,"label":" ","price":3.7},{"type":"A","date":"2018-05-03T06:42:16.000Z","volume":2500,"label":" ","price":3.7},{"type":"A","date":"2018-05-03T06:42:45.000Z","volume":5000,"label":" ","price":3.7},{"type":"A","date":"2018-05-03T06:44:12.000Z","volume":17500,"label":" ","price":3.7},{"type":"B","date":"2018-05-03T06:44:29.000Z","volume":7500,"label":" ","price":3.69},{"type":"A","date":"2018-05-03T06:45:24.000Z","volume":2500,"label":" ","price":3.7},{"type":"A","date":"2018-05-03T06:46:29.000Z","volume":5000,"label":"Y","price":3.7},{"type":"A","date":"2018-05-03T06:46:29.000Z","volume":10000,"label":" ","price":3.7},{"type":"A","date":"2018-05-03T06:47:02.000Z","volume":2500,"label":" ","price":3.7},{"type":"A","date":"2018-05-03T06:47:02.000Z","volume":2500,"label":" ","price":3.7},{"type":"A","date":"2018-05-03T06:49:11.000Z","volume":17500,"label":" ","price":3.7},{"type":"A","date":"2018-05-03T06:49:46.000Z","volume":2500,"label":" ","price":3.7},{"type":"A","date":"2018-05-03T06:52:13.000Z","volume":15000,"label":" ","price":3.7},{"type":"B","date":"2018-05-03T06:53:20.000Z","volume":2500,"label":"Y","price":3.69},{"type":"B","date":"2018-05-03T06:53:20.000Z","volume":25000,"label":" ","price":3.69},{"type":"B","date":"2018-05-03T06:53:20.000Z","volume":2500,"label":" ","price":3.69},{"type":"A","date":"2018-05-03T06:54:03.000Z","volume":5000,"label":"Y","price":3.69},{"type":"A","date":"2018-05-03T06:54:03.000Z","volume":300000,"label":" ","price":3.69},{"type":"A","date":"2018-05-03T06:54:03.000Z","volume":15000,"label":" ","price":3.7},{"type":"A","date":"2018-05-03T06:55:29.000Z","volume":30000,"label":" ","price":3.7},{"type":"A","date":"2018-05-03T06:57:07.000Z","volume":10000,"label":" ","price":3.7},{"type":"A","date":"2018-05-03T06:57:07.000Z","volume":20000,"label":" ","price":3.7},{"type":"A","date":"2018-05-03T06:57:15.000Z","volume":5000,"label":" ","price":3.7},{"type":"B","date":"2018-05-03T06:59:54.000Z","volume":110000,"label":"Y","price":3.69},{"type":"B","date":"2018-05-03T06:59:54.000Z","volume":2500,"label":" ","price":3.69},{"type":"A","date":"2018-05-03T06:59:54.000Z","volume":17500,"label":" ","price":3.7},{"type":"A","date":"2018-05-03T07:00:18.000Z","volume":2500,"label":" ","price":3.7},{"type":"A","date":"2018-05-03T07:02:09.000Z","volume":22500,"label":" ","price":3.7},{"type":"A","date":"2018-05-03T07:05:33.000Z","volume":20000,"label":" ","price":3.7},{"type":"A","date":"2018-05-03T07:05:40.000Z","volume":2500,"label":" ","price":3.7},{"type":"B","date":"2018-05-03T07:06:06.000Z","volume":12500,"label":" ","price":3.69},{"type":"A","date":"2018-05-03T07:06:19.000Z","volume":2500,"label":" ","price":3.7},{"type":"A","date":"2018-05-03T07:07:24.000Z","volume":35000,"label":" ","price":3.7},{"type":"A","date":"2018-05-03T07:08:32.000Z","volume":2500,"label":" ","price":3.7},{"type":"A","date":"2018-05-03T07:10:08.000Z","volume":42500,"label":" ","price":3.7},{"type":"B","date":"2018-05-03T07:11:47.000Z","volume":5000,"label":" ","price":3.69},{"type":"A","date":"2018-05-03T07:12:58.000Z","volume":10000,"label":"Y","price":3.7},{"type":"A","date":"2018-05-03T07:12:58.000Z","volume":32500,"label":" ","price":3.7},{"type":"B","date":"2018-05-03T07:13:22.000Z","volume":10000,"label":" ","price":3.69},{"type":"A","date":"2018-05-03T07:13:32.000Z","volume":2500,"label":" ","price":3.7},{"type":"A","date":"2018-05-03T07:13:32.000Z","volume":2500,"label":" ","price":3.7},{"type":"A","date":"2018-05-03T07:14:15.000Z","volume":2500,"label":" ","price":3.7},{"type":"A","date":"2018-05-03T07:15:16.000Z","volume":10000,"label":" ","price":3.7},{"type":"A","date":"2018-05-03T07:15:24.000Z","volume":45000,"label":" ","price":3.7},{"type":"A","date":"2018-05-03T07:16:02.000Z","volume":7500,"label":" ","price":3.7},{"type":"B","date":"2018-05-03T07:16:04.000Z","volume":2500,"label":" ","price":3.69},{"type":"B","date":"2018-05-03T07:16:15.000Z","volume":2500,"label":" ","price":3.69},{"type":"A","date":"2018-05-03T07:16:27.000Z","volume":12500,"label":" ","price":3.7},{"type":"B","date":"2018-05-03T07:16:27.000Z","volume":2500,"label":" ","price":3.69},{"type":"B","date":"2018-05-03T07:16:37.000Z","volume":2500,"label":"Y","price":3.69},{"type":"B","date":"2018-05-03T07:16:37.000Z","volume":2500,"label":" ","price":3.69},{"type":"A","date":"2018-05-03T07:16:45.000Z","volume":7500,"label":" ","price":3.7},{"type":"A","date":"2018-05-03T07:16:56.000Z","volume":2500,"label":" ","price":3.7},{"type":"A","date":"2018-05-03T07:17:50.000Z","volume":2500,"label":" ","price":3.7},{"type":"A","date":"2018-05-03T07:18:38.000Z","volume":2500,"label":" ","price":3.7},{"type":"A","date":"2018-05-03T07:18:38.000Z","volume":47500,"label":" ","price":3.7},{"type":"B","date":"2018-05-03T07:19:23.000Z","volume":25000,"label":"Y","price":3.69},{"type":"B","date":"2018-05-03T07:19:23.000Z","volume":25000,"label":" ","price":3.69},{"type":"B","date":"2018-05-03T07:19:25.000Z","volume":15000,"label":" ","price":3.68},{"type":"A","date":"2018-05-03T07:20:05.000Z","volume":27500,"label":" ","price":3.69},{"type":"A","date":"2018-05-03T07:20:26.000Z","volume":2500,"label":" ","price":3.69},{"type":"A","date":"2018-05-03T07:20:49.000Z","volume":50000,"label":" ","price":3.69},{"type":"A","date":"2018-05-03T07:21:10.000Z","volume":7500,"label":" ","price":3.69},{"type":"A","date":"2018-05-03T07:21:35.000Z","volume":5000,"label":" ","price":3.69},{"type":"B","date":"2018-05-03T07:22:14.000Z","volume":27500,"label":" ","price":3.68},{"type":"B","date":"2018-05-03T07:22:14.000Z","volume":72500,"label":" ","price":3.68},{"type":"A","date":"2018-05-03T07:22:24.000Z","volume":50000,"label":" ","price":3.69},{"type":"A","date":"2018-05-03T07:23:11.000Z","volume":35000,"label":" ","price":3.69},{"type":"A","date":"2018-05-03T07:23:25.000Z","volume":2500,"label":" ","price":3.69},{"type":"A","date":"2018-05-03T07:23:40.000Z","volume":2500,"label":" ","price":3.69},{"type":"A","date":"2018-05-03T07:24:04.000Z","volume":10000,"label":" ","price":3.69},{"type":"A","date":"2018-05-03T07:24:40.000Z","volume":50000,"label":" ","price":3.69},{"type":"B","date":"2018-05-03T07:25:09.000Z","volume":10000,"label":" ","price":3.68},{"type":"A","date":"2018-05-03T07:25:33.000Z","volume":12500,"label":" ","price":3.69},{"type":"B","date":"2018-05-03T07:27:06.000Z","volume":5000,"label":" ","price":3.68},{"type":"A","date":"2018-05-03T07:27:07.000Z","volume":22500,"label":" ","price":3.69},{"type":"B","date":"2018-05-03T07:27:11.000Z","volume":2500,"label":"Y","price":3.68},{"type":"B","date":"2018-05-03T07:27:11.000Z","volume":10000,"label":" ","price":3.68},{"type":"A","date":"2018-05-03T07:27:36.000Z","volume":5000,"label":" ","price":3.69},{"type":"A","date":"2018-05-03T07:27:38.000Z","volume":37500,"label":" ","price":3.69},{"type":"B","date":"2018-05-03T07:27:48.000Z","volume":22500,"label":" ","price":3.68},{"type":"B","date":"2018-05-03T07:28:04.000Z","volume":7500,"label":" ","price":3.67},{"type":"A","date":"2018-05-03T07:28:28.000Z","volume":2500,"label":" ","price":3.69},{"type":"A","date":"2018-05-03T07:29:19.000Z","volume":25000,"label":" ","price":3.69},{"type":"A","date":"2018-05-03T07:30:32.000Z","volume":5000,"label":" ","price":3.69},{"type":"B","date":"2018-05-03T07:30:32.000Z","volume":50000,"label":" ","price":3.67},{"type":"A","date":"2018-05-03T07:30:34.000Z","volume":2500,"label":" ","price":3.69},{"type":"A","date":"2018-05-03T07:32:04.000Z","volume":47500,"label":" ","price":3.69},{"type":"B","date":"2018-05-03T07:33:20.000Z","volume":25000,"label":"Y","price":3.67},{"type":"B","date":"2018-05-03T07:33:20.000Z","volume":47500,"label":" ","price":3.67},{"type":"A","date":"2018-05-03T07:34:03.000Z","volume":2500,"label":" ","price":3.69},{"type":"A","date":"2018-05-03T07:34:35.000Z","volume":27500,"label":" ","price":3.69},{"type":"A","date":"2018-05-03T07:34:54.000Z","volume":27500,"label":" ","price":3.69},{"type":"A","date":"2018-05-03T07:35:17.000Z","volume":10000,"label":" ","price":3.69},{"type":"A","date":"2018-05-03T07:35:17.000Z","volume":2500,"label":" ","price":3.69},{"type":"B","date":"2018-05-03T07:35:42.000Z","volume":17500,"label":"Y","price":3.68},{"type":"B","date":"2018-05-03T07:35:42.000Z","volume":22500,"label":" ","price":3.68},{"type":"A","date":"2018-05-03T07:36:17.000Z","volume":25000,"label":" ","price":3.69},{"type":"A","date":"2018-05-03T07:37:00.000Z","volume":350000,"label":" ","price":3.69},{"type":"B","date":"2018-05-03T07:37:00.000Z","volume":10000,"label":"Y","price":3.68},{"type":"B","date":"2018-05-03T07:37:00.000Z","volume":5000,"label":" ","price":3.68},{"type":"A","date":"2018-05-03T07:37:10.000Z","volume":17500,"label":" ","price":3.69},{"type":"A","date":"2018-05-03T07:37:21.000Z","volume":200000,"label":" ","price":3.69},{"type":"A","date":"2018-05-03T07:37:25.000Z","volume":60000,"label":" ","price":3.69},{"type":"A","date":"2018-05-03T07:37:27.000Z","volume":250000,"label":" ","price":3.69},{"type":"A","date":"2018-05-03T07:37:34.000Z","volume":100000,"label":" ","price":3.69},{"type":"A","date":"2018-05-03T07:37:46.000Z","volume":115000,"label":" ","price":3.69},{"type":"B","date":"2018-05-03T07:38:38.000Z","volume":5000,"label":" ","price":3.69},{"type":"A","date":"2018-05-03T07:39:58.000Z","volume":30000,"label":" ","price":3.7},{"type":"B","date":"2018-05-03T07:41:13.000Z","volume":47500,"label":" ","price":3.69},{"type":"A","date":"2018-05-03T07:42:24.000Z","volume":250000,"label":" ","price":3.7},{"type":"A","date":"2018-05-03T07:42:38.000Z","volume":300000,"label":" ","price":3.7},{"type":"A","date":"2018-05-03T07:42:39.000Z","volume":30000,"label":" ","price":3.7},{"type":"A","date":"2018-05-03T07:42:42.000Z","volume":10000,"label":" ","price":3.7},{"type":"A","date":"2018-05-03T07:42:42.000Z","volume":75000,"label":" ","price":3.7},{"type":"A","date":"2018-05-03T07:42:52.000Z","volume":150000,"label":" ","price":3.7},{"type":"A","date":"2018-05-03T07:42:59.000Z","volume":35000,"label":" ","price":3.7},{"type":"A","date":"2018-05-03T07:42:59.000Z","volume":85000,"label":"Y","price":3.7},{"type":"A","date":"2018-05-03T07:43:08.000Z","volume":140000,"label":" ","price":3.7},{"type":"A","date":"2018-05-03T07:43:11.000Z","volume":2500,"label":" ","price":3.71},{"type":"A","date":"2018-05-03T07:44:03.000Z","volume":2500,"label":" ","price":3.71},{"type":"B","date":"2018-05-03T07:44:17.000Z","volume":22500,"label":" ","price":3.7},{"type":"B","date":"2018-05-03T07:44:33.000Z","volume":10000,"label":" ","price":3.7},{"type":"B","date":"2018-05-03T07:45:34.000Z","volume":7500,"label":" ","price":3.7},{"type":"A","date":"2018-05-03T07:45:34.000Z","volume":30000,"label":" ","price":3.71},{"type":"U","date":"2018-05-03T07:45:38.000Z","volume":2500,"label":"X","price":3.7},{"type":"B","date":"2018-05-03T07:45:56.000Z","volume":22500,"label":"Y","price":3.7},{"type":"B","date":"2018-05-03T07:45:56.000Z","volume":12500,"label":" ","price":3.7},{"type":"B","date":"2018-05-03T07:45:56.000Z","volume":97500,"label":" ","price":3.7},{"type":"B","date":"2018-05-03T07:46:35.000Z","volume":15000,"label":"Y","price":3.7},{"type":"B","date":"2018-05-03T07:46:35.000Z","volume":15000,"label":" ","price":3.7},{"type":"B","date":"2018-05-03T07:46:36.000Z","volume":10000,"label":" ","price":3.7},{"type":"B","date":"2018-05-03T07:46:41.000Z","volume":2500,"label":"Y","price":3.7},{"type":"B","date":"2018-05-03T07:46:41.000Z","volume":40000,"label":" ","price":3.7},{"type":"B","date":"2018-05-03T07:47:25.000Z","volume":17500,"label":"Y","price":3.7},{"type":"B","date":"2018-05-03T07:47:36.000Z","volume":12500,"label":"Y","price":3.7},{"type":"B","date":"2018-05-03T07:47:38.000Z","volume":10000,"label":" ","price":3.7},{"type":"B","date":"2018-05-03T07:47:51.000Z","volume":15000,"label":"Y","price":3.7},{"type":"A","date":"2018-05-03T07:48:16.000Z","volume":10000,"label":" ","price":3.71},{"type":"B","date":"2018-05-03T07:48:42.000Z","volume":10000,"label":" ","price":3.7},{"type":"A","date":"2018-05-03T07:48:44.000Z","volume":157500,"label":"Y","price":3.71},{"type":"A","date":"2018-05-03T07:48:44.000Z","volume":22500,"label":" ","price":3.71},{"type":"A","date":"2018-05-03T07:48:46.000Z","volume":175000,"label":" ","price":3.71},{"type":"A","date":"2018-05-03T07:48:53.000Z","volume":2500,"label":" ","price":3.71},{"type":"A","date":"2018-05-03T07:49:02.000Z","volume":150000,"label":" ","price":3.71},{"type":"A","date":"2018-05-03T07:49:03.000Z","volume":97500,"label":" ","price":3.71},{"type":"A","date":"2018-05-03T07:49:20.000Z","volume":80000,"label":"Y","price":3.72},{"type":"A","date":"2018-05-03T07:49:23.000Z","volume":150000,"label":"Y","price":3.72},{"type":"A","date":"2018-05-03T07:49:30.000Z","volume":60000,"label":" ","price":3.72},{"type":"B","date":"2018-05-03T07:49:36.000Z","volume":22500,"label":"Y","price":3.71},{"type":"B","date":"2018-05-03T07:49:40.000Z","volume":30000,"label":"Y","price":3.71},{"type":"B","date":"2018-05-03T07:49:40.000Z","volume":5000,"label":" ","price":3.71},{"type":"A","date":"2018-05-03T07:49:44.000Z","volume":110000,"label":"Y","price":3.72},{"type":"A","date":"2018-05-03T07:49:48.000Z","volume":80000,"label":"Y","price":3.72},{"type":"A","date":"2018-05-03T07:49:56.000Z","volume":112500,"label":" ","price":3.72},{"type":"B","date":"2018-05-03T07:49:58.000Z","volume":37500,"label":"Y","price":3.71},{"type":"A","date":"2018-05-03T07:49:59.000Z","volume":92500,"label":" ","price":3.72},{"type":"B","date":"2018-05-03T07:50:19.000Z","volume":7500,"label":"Y","price":3.72},{"type":"B","date":"2018-05-03T07:50:19.000Z","volume":22500,"label":" ","price":3.72},{"type":"A","date":"2018-05-03T07:50:21.000Z","volume":350000,"label":"Y","price":3.73},{"type":"A","date":"2018-05-03T07:50:27.000Z","volume":140000,"label":"Y","price":3.73},{"type":"A","date":"2018-05-03T07:50:27.000Z","volume":520000,"label":" ","price":3.73},{"type":"B","date":"2018-05-03T07:50:29.000Z","volume":25000,"label":"Y","price":3.73},{"type":"A","date":"2018-05-03T07:50:42.000Z","volume":60000,"label":"Y","price":3.74},{"type":"A","date":"2018-05-03T07:50:44.000Z","volume":170000,"label":" ","price":3.74},{"type":"A","date":"2018-05-03T07:50:45.000Z","volume":10000,"label":"Y","price":3.74},{"type":"A","date":"2018-05-03T07:50:45.000Z","volume":100000,"label":" ","price":3.74},{"type":"A","date":"2018-05-03T07:50:47.000Z","volume":35000,"label":"Y","price":3.74},{"type":"A","date":"2018-05-03T07:50:47.000Z","volume":50000,"label":" ","price":3.74},{"type":"A","date":"2018-05-03T07:50:48.000Z","volume":5000,"label":" ","price":3.74},{"type":"B","date":"2018-05-03T07:51:04.000Z","volume":145000,"label":"Y","price":3.74},{"type":"B","date":"2018-05-03T07:51:04.000Z","volume":5000,"label":" ","price":3.74},{"type":"A","date":"2018-05-03T07:51:07.000Z","volume":15000,"label":" ","price":3.75},{"type":"A","date":"2018-05-03T07:51:09.000Z","volume":50000,"label":"Y","price":3.75},{"type":"B","date":"2018-05-03T07:51:14.000Z","volume":35000,"label":" ","price":3.74},{"type":"A","date":"2018-05-03T07:51:18.000Z","volume":10000,"label":" ","price":3.75},{"type":"A","date":"2018-05-03T07:51:19.000Z","volume":2500,"label":" ","price":3.75},{"type":"A","date":"2018-05-03T07:51:19.000Z","volume":30000,"label":"Y","price":3.75},{"type":"B","date":"2018-05-03T07:51:24.000Z","volume":30000,"label":"Y","price":3.74},{"type":"A","date":"2018-05-03T07:51:25.000Z","volume":37500,"label":"Y","price":3.75},{"type":"A","date":"2018-05-03T07:51:25.000Z","volume":7500,"label":" ","price":3.75},{"type":"A","date":"2018-05-03T07:51:31.000Z","volume":22500,"label":" ","price":3.75},{"type":"A","date":"2018-05-03T07:51:39.000Z","volume":100000,"label":" ","price":3.75},{"type":"A","date":"2018-05-03T07:51:39.000Z","volume":20000,"label":"Y","price":3.75},{"type":"A","date":"2018-05-03T07:51:39.000Z","volume":45000,"label":" ","price":3.75},{"type":"B","date":"2018-05-03T07:51:40.000Z","volume":337500,"label":"Y","price":3.74},{"type":"B","date":"2018-05-03T07:51:40.000Z","volume":12500,"label":" ","price":3.74},{"type":"B","date":"2018-05-03T07:51:44.000Z","volume":70000,"label":" ","price":3.74},{"type":"B","date":"2018-05-03T07:51:52.000Z","volume":10000,"label":" ","price":3.73},{"type":"A","date":"2018-05-03T07:51:52.000Z","volume":140000,"label":" ","price":3.74},{"type":"A","date":"2018-05-03T07:51:56.000Z","volume":50000,"label":"Y","price":3.75},{"type":"A","date":"2018-05-03T07:52:20.000Z","volume":10000,"label":"Y","price":3.75},{"type":"B","date":"2018-05-03T07:52:33.000Z","volume":5000,"label":"Y","price":3.74},{"type":"B","date":"2018-05-03T07:52:33.000Z","volume":40000,"label":" ","price":3.74},{"type":"B","date":"2018-05-03T07:52:38.000Z","volume":35000,"label":"Y","price":3.74},{"type":"B","date":"2018-05-03T07:52:44.000Z","volume":25000,"label":"Y","price":3.74},{"type":"B","date":"2018-05-03T07:52:51.000Z","volume":45000,"label":"Y","price":3.74},{"type":"B","date":"2018-05-03T07:52:51.000Z","volume":7500,"label":" ","price":3.74},{"type":"A","date":"2018-05-03T07:52:54.000Z","volume":2500,"label":" ","price":3.75},{"type":"A","date":"2018-05-03T07:52:56.000Z","volume":37500,"label":"Y","price":3.75},{"type":"A","date":"2018-05-03T07:52:56.000Z","volume":47500,"label":" ","price":3.75},{"type":"A","date":"2018-05-03T07:53:04.000Z","volume":42500,"label":" ","price":3.75},{"type":"B","date":"2018-05-03T07:53:08.000Z","volume":35000,"label":"Y","price":3.74},{"type":"B","date":"2018-05-03T07:53:28.000Z","volume":135000,"label":"Y","price":3.74},{"type":"B","date":"2018-05-03T07:53:56.000Z","volume":42500,"label":" ","price":3.74},{"type":"A","date":"2018-05-03T07:53:57.000Z","volume":12500,"label":" ","price":3.75},{"type":"B","date":"2018-05-03T07:53:57.000Z","volume":12500,"label":" ","price":3.74},{"type":"B","date":"2018-05-03T07:54:21.000Z","volume":32500,"label":"Y","price":3.74},{"type":"B","date":"2018-05-03T07:54:21.000Z","volume":2500,"label":" ","price":3.74},{"type":"B","date":"2018-05-03T07:54:23.000Z","volume":15000,"label":" ","price":3.74},{"type":"B","date":"2018-05-03T07:54:45.000Z","volume":17500,"label":"Y","price":3.74},{"type":"A","date":"2018-05-03T07:54:49.000Z","volume":82500,"label":"Y","price":3.75},{"type":"A","date":"2018-05-03T07:54:49.000Z","volume":400000,"label":" ","price":3.75},{"type":"B","date":"2018-05-03T07:54:52.000Z","volume":17500,"label":"Y","price":3.75},{"type":"B","date":"2018-05-03T07:54:52.000Z","volume":2500,"label":" ","price":3.75},{"type":"A","date":"2018-05-03T07:55:05.000Z","volume":12500,"label":" ","price":3.76},{"type":"A","date":"2018-05-03T07:55:05.000Z","volume":2500,"label":"Y","price":3.76},{"type":"B","date":"2018-05-03T07:55:06.000Z","volume":15000,"label":" ","price":3.75},{"type":"A","date":"2018-05-03T07:55:29.000Z","volume":75000,"label":"Y","price":3.76},{"type":"A","date":"2018-05-03T07:55:31.000Z","volume":80000,"label":"Y","price":3.76},{"type":"B","date":"2018-05-03T07:55:34.000Z","volume":15000,"label":"Y","price":3.75},{"type":"B","date":"2018-05-03T07:55:34.000Z","volume":2500,"label":" ","price":3.75},{"type":"A","date":"2018-05-03T07:55:40.000Z","volume":75000,"label":"Y","price":3.76},{"type":"A","date":"2018-05-03T07:55:40.000Z","volume":45000,"label":"Y","price":3.76},{"type":"A","date":"2018-05-03T07:55:41.000Z","volume":25000,"label":" ","price":3.76},{"type":"B","date":"2018-05-03T07:55:43.000Z","volume":17500,"label":"Y","price":3.75},{"type":"A","date":"2018-05-03T07:55:50.000Z","volume":60000,"label":"Y","price":3.76},{"type":"A","date":"2018-05-03T07:55:54.000Z","volume":12500,"label":"Y","price":3.76},{"type":"A","date":"2018-05-03T07:55:54.000Z","volume":187500,"label":" ","price":3.76},{"type":"B","date":"2018-05-03T07:55:54.000Z","volume":22500,"label":"Y","price":3.75},{"type":"A","date":"2018-05-03T07:55:56.000Z","volume":100000,"label":" ","price":3.76},{"type":"A","date":"2018-05-03T07:56:09.000Z","volume":50000,"label":" ","price":3.76},{"type":"B","date":"2018-05-03T07:56:10.000Z","volume":20000,"label":"Y","price":3.75},{"type":"A","date":"2018-05-03T07:56:10.000Z","volume":177500,"label":" ","price":3.76},{"type":"A","date":"2018-05-03T07:56:34.000Z","volume":90000,"label":" ","price":3.77},{"type":"A","date":"2018-05-03T07:56:36.000Z","volume":55000,"label":"Y","price":3.77},{"type":"A","date":"2018-05-03T07:56:36.000Z","volume":25000,"label":" ","price":3.77},{"type":"B","date":"2018-05-03T07:56:39.000Z","volume":17500,"label":" ","price":3.76},{"type":"A","date":"2018-05-03T07:56:40.000Z","volume":25000,"label":"Y","price":3.77},{"type":"A","date":"2018-05-03T07:56:40.000Z","volume":75000,"label":" ","price":3.77},{"type":"B","date":"2018-05-03T07:56:41.000Z","volume":30000,"label":"Y","price":3.76},{"type":"B","date":"2018-05-03T07:56:51.000Z","volume":17500,"label":"Y","price":3.76},{"type":"A","date":"2018-05-03T07:56:52.000Z","volume":115000,"label":" ","price":3.77},{"type":"B","date":"2018-05-03T07:56:55.000Z","volume":10000,"label":" ","price":3.77},{"type":"B","date":"2018-05-03T07:57:00.000Z","volume":17500,"label":"Y","price":3.77},{"type":"B","date":"2018-05-03T07:57:05.000Z","volume":20000,"label":" ","price":3.77},{"type":"B","date":"2018-05-03T07:57:09.000Z","volume":25000,"label":"Y","price":3.77},{"type":"A","date":"2018-05-03T07:57:24.000Z","volume":75000,"label":"Y","price":3.78},{"type":"A","date":"2018-05-03T07:57:29.000Z","volume":90000,"label":" ","price":3.78},{"type":"A","date":"2018-05-03T07:57:32.000Z","volume":30000,"label":"Y","price":3.78},{"type":"A","date":"2018-05-03T07:57:36.000Z","volume":115000,"label":"Y","price":3.78},{"type":"A","date":"2018-05-03T07:57:36.000Z","volume":35000,"label":" ","price":3.78},{"type":"A","date":"2018-05-03T07:57:39.000Z","volume":20000,"label":" ","price":3.78},{"type":"A","date":"2018-05-03T07:57:56.000Z","volume":5000,"label":"Y","price":3.79},{"type":"A","date":"2018-05-03T07:58:02.000Z","volume":2500,"label":" ","price":3.79},{"type":"A","date":"2018-05-03T07:58:09.000Z","volume":100000,"label":"Y","price":3.79},{"type":"B","date":"2018-05-03T07:58:09.000Z","volume":12500,"label":" ","price":3.78},{"type":"B","date":"2018-05-03T07:58:12.000Z","volume":7500,"label":" ","price":3.78},{"type":"A","date":"2018-05-03T07:58:21.000Z","volume":5000,"label":" ","price":3.79},{"type":"B","date":"2018-05-03T07:58:22.000Z","volume":12500,"label":" ","price":3.78},{"type":"B","date":"2018-05-03T07:58:28.000Z","volume":65000,"label":" ","price":3.78},{"type":"B","date":"2018-05-03T07:58:30.000Z","volume":2500,"label":" ","price":3.78},{"type":"A","date":"2018-05-03T07:58:31.000Z","volume":2500,"label":"Y","price":3.79},{"type":"B","date":"2018-05-03T07:58:34.000Z","volume":17500,"label":" ","price":3.78},{"type":"B","date":"2018-05-03T07:58:34.000Z","volume":100000,"label":" ","price":3.78},{"type":"A","date":"2018-05-03T07:58:40.000Z","volume":2500,"label":"Y","price":3.79},{"type":"B","date":"2018-05-03T07:58:40.000Z","volume":17500,"label":"Y","price":3.78},{"type":"B","date":"2018-05-03T07:58:48.000Z","volume":17500,"label":"Y","price":3.78},{"type":"A","date":"2018-05-03T07:58:54.000Z","volume":2500,"label":"Y","price":3.79},{"type":"B","date":"2018-05-03T07:58:55.000Z","volume":15000,"label":"Y","price":3.78},{"type":"B","date":"2018-05-03T07:58:55.000Z","volume":5000,"label":" ","price":3.78},{"type":"B","date":"2018-05-03T07:59:00.000Z","volume":7500,"label":" ","price":3.78},{"type":"B","date":"2018-05-03T07:59:04.000Z","volume":10000,"label":"Y","price":3.78},{"type":"B","date":"2018-05-03T07:59:04.000Z","volume":5000,"label":" ","price":3.78},{"type":"B","date":"2018-05-03T07:59:08.000Z","volume":17500,"label":"Y","price":3.78},{"type":"B","date":"2018-05-03T07:59:12.000Z","volume":2500,"label":" ","price":3.78},{"type":"A","date":"2018-05-03T07:59:12.000Z","volume":2500,"label":" ","price":3.79},{"type":"B","date":"2018-05-03T07:59:15.000Z","volume":7500,"label":" ","price":3.78},{"type":"B","date":"2018-05-03T07:59:18.000Z","volume":35000,"label":"Y","price":3.78}