[{"type":"U","date":"2018-04-13T01:20:00.000Z","volume":22000,"label":"U","price":1.95},{"type":"B","date":"2018-04-13T01:30:09.000Z","volume":26000,"label":" ","price":1.95},{"type":"B","date":"2018-04-13T01:30:14.000Z","volume":14000,"label":" ","price":1.95},{"type":"A","date":"2018-04-13T01:30:19.000Z","volume":6000,"label":" ","price":1.96},{"type":"B","date":"2018-04-13T01:30:20.000Z","volume":20000,"label":" ","price":1.94},{"type":"B","date":"2018-04-13T01:30:47.000Z","volume":14000,"label":" ","price":1.95},{"type":"B","date":"2018-04-13T01:30:47.000Z","volume":8000,"label":" ","price":1.95},{"type":"A","date":"2018-04-13T01:30:49.000Z","volume":2000,"label":" ","price":1.95},{"type":"B","date":"2018-04-13T01:31:13.000Z","volume":14000,"label":" ","price":1.94},{"type":"A","date":"2018-04-13T01:31:13.000Z","volume":2000,"label":" ","price":1.95},{"type":"B","date":"2018-04-13T01:31:13.000Z","volume":86000,"label":" ","price":1.93},{"type":"A","date":"2018-04-13T01:31:15.000Z","volume":2000,"label":" ","price":1.95},{"type":"A","date":"2018-04-13T01:32:13.000Z","volume":8000,"label":"Y","price":1.95},{"type":"A","date":"2018-04-13T01:32:13.000Z","volume":14000,"label":" ","price":1.95},{"type":"A","date":"2018-04-13T01:32:15.000Z","volume":2000,"label":" ","price":1.95},{"type":"A","date":"2018-04-13T01:34:53.000Z","volume":34000,"label":"Y","price":1.95},{"type":"A","date":"2018-04-13T01:34:53.000Z","volume":10000,"label":" ","price":1.95},{"type":"A","date":"2018-04-13T01:34:53.000Z","volume":56000,"label":" ","price":1.95},{"type":"U","date":"2018-04-13T01:34:55.000Z","volume":6000,"label":" ","price":1.95},{"type":"A","date":"2018-04-13T01:34:57.000Z","volume":4000,"label":" ","price":1.95},{"type":"B","date":"2018-04-13T01:35:04.000Z","volume":2000,"label":" ","price":1.94},{"type":"B","date":"2018-04-13T01:35:07.000Z","volume":12000,"label":" ","price":1.94},{"type":"B","date":"2018-04-13T01:35:46.000Z","volume":2000,"label":" ","price":1.94},{"type":"B","date":"2018-04-13T01:36:04.000Z","volume":26000,"label":" ","price":1.94},{"type":"B","date":"2018-04-13T01:38:18.000Z","volume":144000,"label":" ","price":1.93},{"type":"A","date":"2018-04-13T01:38:18.000Z","volume":6000,"label":" ","price":1.94},{"type":"U","date":"2018-04-13T01:38:18.000Z","volume":12000,"label":" ","price":1.93},{"type":"B","date":"2018-04-13T01:39:33.000Z","volume":6000,"label":"Y","price":1.92},{"type":"A","date":"2018-04-13T01:41:30.000Z","volume":6000,"label":" ","price":1.93},{"type":"A","date":"2018-04-13T01:42:19.000Z","volume":2000,"label":" ","price":1.94},{"type":"B","date":"2018-04-13T01:43:26.000Z","volume":6000,"label":"Y","price":1.93},{"type":"B","date":"2018-04-13T01:43:26.000Z","volume":8000,"label":" ","price":1.93},{"type":"B","date":"2018-04-13T01:43:26.000Z","volume":6000,"label":" ","price":1.93},{"type":"B","date":"2018-04-13T01:45:17.000Z","volume":2000,"label":" ","price":1.93},{"type":"B","date":"2018-04-13T01:45:17.000Z","volume":4000,"label":" ","price":1.93},{"type":"B","date":"2018-04-13T01:46:10.000Z","volume":4000,"label":" ","price":1.93},{"type":"A","date":"2018-04-13T01:46:27.000Z","volume":8000,"label":" ","price":1.93},{"type":"B","date":"2018-04-13T01:47:53.000Z","volume":54000,"label":" ","price":1.93},{"type":"B","date":"2018-04-13T01:47:53.000Z","volume":38000,"label":"Y","price":1.92},{"type":"B","date":"2018-04-13T01:47:53.000Z","volume":42000,"label":" ","price":1.92},{"type":"A","date":"2018-04-13T01:47:55.000Z","volume":2000,"label":" ","price":1.94},{"type":"B","date":"2018-04-13T01:48:41.000Z","volume":4000,"label":" ","price":1.93},{"type":"A","date":"2018-04-13T01:51:27.000Z","volume":20000,"label":" ","price":1.93},{"type":"A","date":"2018-04-13T01:51:27.000Z","volume":10000,"label":" ","price":1.93},{"type":"A","date":"2018-04-13T01:51:29.000Z","volume":2000,"label":" ","price":1.94},{"type":"B","date":"2018-04-13T01:52:21.000Z","volume":8000,"label":" ","price":1.93},{"type":"B","date":"2018-04-13T01:55:22.000Z","volume":4000,"label":" ","price":1.93},{"type":"A","date":"2018-04-13T02:00:52.000Z","volume":6000,"label":" ","price":1.93},{"type":"A","date":"2018-04-13T02:01:01.000Z","volume":10000,"label":" ","price":1.93},{"type":"A","date":"2018-04-13T02:01:01.000Z","volume":2000,"label":" ","price":1.93},{"type":"U","date":"2018-04-13T02:01:03.000Z","volume":2000,"label":" ","price":1.93},{"type":"B","date":"2018-04-13T02:01:30.000Z","volume":18000,"label":"Y","price":1.92},{"type":"B","date":"2018-04-13T02:01:30.000Z","volume":2000,"label":" ","price":1.92},{"type":"B","date":"2018-04-13T02:01:32.000Z","volume":42000,"label":" ","price":1.92},{"type":"A","date":"2018-04-13T02:01:33.000Z","volume":2000,"label":" ","price":1.93},{"type":"A","date":"2018-04-13T02:02:26.000Z","volume":20000,"label":" ","price":1.93},{"type":"A","date":"2018-04-13T02:02:26.000Z","volume":184000,"label":" ","price":1.93},{"type":"B","date":"2018-04-13T02:02:26.000Z","volume":70000,"label":" ","price":1.93},{"type":"A","date":"2018-04-13T02:02:26.000Z","volume":8000,"label":" ","price":1.94},{"type":"B","date":"2018-04-13T02:02:40.000Z","volume":4000,"label":" ","price":1.93},{"type":"A","date":"2018-04-13T02:03:24.000Z","volume":140000,"label":" ","price":1.93},{"type":"B","date":"2018-04-13T02:03:27.000Z","volume":2000,"label":" ","price":1.93},{"type":"B","date":"2018-04-13T02:03:28.000Z","volume":4000,"label":" ","price":1.93},{"type":"B","date":"2018-04-13T02:03:34.000Z","volume":10000,"label":" ","price":1.93},{"type":"A","date":"2018-04-13T02:03:34.000Z","volume":6000,"label":" ","price":1.94},{"type":"B","date":"2018-04-13T02:04:37.000Z","volume":2000,"label":" ","price":1.93},{"type":"B","date":"2018-04-13T02:05:10.000Z","volume":2000,"label":" ","price":1.93},{"type":"A","date":"2018-04-13T02:05:48.000Z","volume":6000,"label":" ","price":1.94},{"type":"A","date":"2018-04-13T02:05:50.000Z","volume":2000,"label":" ","price":1.94},{"type":"A","date":"2018-04-13T02:06:05.000Z","volume":120000,"label":" ","price":1.94},{"type":"A","date":"2018-04-13T02:06:14.000Z","volume":36000,"label":" ","price":1.95},{"type":"A","date":"2018-04-13T02:06:14.000Z","volume":14000,"label":" ","price":1.95},{"type":"B","date":"2018-04-13T02:06:28.000Z","volume":88000,"label":" ","price":1.94},{"type":"U","date":"2018-04-13T02:06:30.000Z","volume":4000,"label":" ","price":1.94},{"type":"B","date":"2018-04-13T02:08:14.000Z","volume":4000,"label":" ","price":1.94},{"type":"B","date":"2018-04-13T02:13:50.000Z","volume":300000,"label":" ","price":1.94},{"type":"B","date":"2018-04-13T02:13:50.000Z","volume":82000,"label":" ","price":1.94},{"type":"A","date":"2018-04-13T02:13:50.000Z","volume":2000,"label":" ","price":1.94},{"type":"A","date":"2018-04-13T02:13:50.000Z","volume":2000,"label":" ","price":1.94},{"type":"A","date":"2018-04-13T02:13:52.000Z","volume":2000,"label":" ","price":1.94},{"type":"B","date":"2018-04-13T02:18:23.000Z","volume":14000,"label":" ","price":1.93},{"type":"A","date":"2018-04-13T02:18:25.000Z","volume":2000,"label":" ","price":1.94},{"type":"B","date":"2018-04-13T02:22:39.000Z","volume":14000,"label":" ","price":1.93},{"type":"A","date":"2018-04-13T02:22:41.000Z","volume":2000,"label":" ","price":1.94},{"type":"B","date":"2018-04-13T02:22:52.000Z","volume":196000,"label":" ","price":1.93},{"type":"A","date":"2018-04-13T02:22:53.000Z","volume":8000,"label":" ","price":1.93},{"type":"A","date":"2018-04-13T02:22:54.000Z","volume":2000,"label":" ","price":1.93},{"type":"A","date":"2018-04-13T02:23:17.000Z","volume":10000,"label":" ","price":1.93},{"type":"B","date":"2018-04-13T02:24:24.000Z","volume":2000,"label":" ","price":1.92},{"type":"A","date":"2018-04-13T02:25:19.000Z","volume":16000,"label":" ","price":1.93},{"type":"U","date":"2018-04-13T02:25:19.000Z","volume":2000,"label":"X","price":1.93},{"type":"A","date":"2018-04-13T02:25:21.000Z","volume":2000,"label":" ","price":1.93},{"type":"A","date":"2018-04-13T02:26:33.000Z","volume":44000,"label":" ","price":1.93},{"type":"A","date":"2018-04-13T02:26:35.000Z","volume":2000,"label":" ","price":1.93},{"type":"A","date":"2018-04-13T02:27:32.000Z","volume":30000,"label":" ","price":1.93},{"type":"A","date":"2018-04-13T02:27:48.000Z","volume":16000,"label":" ","price":1.93},{"type":"A","date":"2018-04-13T02:27:48.000Z","volume":34000,"label":" ","price":1.93},{"type":"A","date":"2018-04-13T02:27:50.000Z","volume":2000,"label":" ","price":1.93},{"type":"A","date":"2018-04-13T02:28:10.000Z","volume":30000,"label":" ","price":1.93},{"type":"A","date":"2018-04-13T02:28:10.000Z","volume":2000,"label":" ","price":1.93},{"type":"A","date":"2018-04-13T02:30:20.000Z","volume":2000,"label":" ","price":1.93},{"type":"A","date":"2018-04-13T02:30:30.000Z","volume":30000,"label":" ","price":1.93},{"type":"A","date":"2018-04-13T02:30:32.000Z","volume":2000,"label":" ","price":1.93},{"type":"A","date":"2018-04-13T02:33:40.000Z","volume":2000,"label":" ","price":1.93},{"type":"B","date":"2018-04-13T02:36:07.000Z","volume":250000,"label":" ","price":1.92},{"type":"B","date":"2018-04-13T02:36:07.000Z","volume":248000,"label":" ","price":1.92},{"type":"A","date":"2018-04-13T02:36:07.000Z","volume":2000,"label":" ","price":1.93},{"type":"B","date":"2018-04-13T02:36:07.000Z","volume":92000,"label":" ","price":1.92},{"type":"B","date":"2018-04-13T02:36:08.000Z","volume":120000,"label":" ","price":1.92},{"type":"A","date":"2018-04-13T02:36:09.000Z","volume":4000,"label":" ","price":1.92},{"type":"A","date":"2018-04-13T02:36:11.000Z","volume":2000,"label":" ","price":1.93},{"type":"A","date":"2018-04-13T02:40:05.000Z","volume":2000,"label":"Y","price":1.92},{"type":"B","date":"2018-04-13T02:41:37.000Z","volume":18000,"label":" ","price":1.91},{"type":"B","date":"2018-04-13T02:45:24.000Z","volume":10000,"label":" ","price":1.91},{"type":"B","date":"2018-04-13T02:48:26.000Z","volume":2000,"label":" ","price":1.91},{"type":"A","date":"2018-04-13T02:48:26.000Z","volume":90000,"label":" ","price":1.92},{"type":"B","date":"2018-04-13T02:51:04.000Z","volume":38000,"label":" ","price":1.92},{"type":"B","date":"2018-04-13T02:51:45.000Z","volume":98000,"label":" ","price":1.92},{"type":"B","date":"2018-04-13T02:54:12.000Z","volume":10000,"label":" ","price":1.91},{"type":"A","date":"2018-04-13T02:54:42.000Z","volume":38000,"label":" ","price":1.92},{"type":"B","date":"2018-04-13T02:57:11.000Z","volume":650000,"label":" ","price":1.91},{"type":"B","date":"2018-04-13T02:57:11.000Z","volume":8000,"label":" ","price":1.91},{"type":"A","date":"2018-04-13T02:57:24.000Z","volume":4000,"label":" ","price":1.91},{"type":"A","date":"2018-04-13T02:59:22.000Z","volume":2000,"label":" ","price":1.91},{"type":"A","date":"2018-04-13T02:59:23.000Z","volume":8000,"label":" ","price":1.91},{"type":"B","date":"2018-04-13T02:59:29.000Z","volume":10000,"label":" ","price":1.9},{"type":"B","date":"2018-04-13T02:59:36.000Z","volume":10000,"label":" ","price":1.9},{"type":"B","date":"2018-04-13T02:59:54.000Z","volume":2000,"label":" ","price":1.9},{"type":"A","date":"2018-04-13T02:59:54.000Z","volume":16000,"label":" ","price":1.91},{"type":"B","date":"2018-04-13T03:04:53.000Z","volume":2000,"label":" ","price":1.9},{"type":"A","date":"2018-04-13T03:05:35.000Z","volume":2000,"label":" ","price":1.91},{"type":"A","date":"2018-04-13T03:05:54.000Z","volume":2000,"label":"Y","price":1.91},{"type":"A","date":"2018-04-13T03:05:54.000Z","volume":20000,"label":" ","price":1.91},{"type":"A","date":"2018-04-13T03:06:52.000Z","volume":4000,"label":"Y","price":1.91},{"type":"A","date":"2018-04-13T03:06:52.000Z","volume":6000,"label":" ","price":1.91},{"type":"A","date":"2018-04-13T03:10:11.000Z","volume":50000,"label":"Y","price":1.91},{"type":"A","date":"2018-04-13T03:10:11.000Z","volume":30000,"label":" ","price":1.91},{"type":"A","date":"2018-04-13T03:10:56.000Z","volume":30000,"label":" ","price":1.91},{"type":"B","date":"2018-04-13T03:11:01.000Z","volume":414000,"label":" ","price":1.9},{"type":"B","date":"2018-04-13T03:11:01.000Z","volume":2000,"label":" ","price":1.9},{"type":"A","date":"2018-04-13T03:12:26.000Z","volume":10000,"label":" ","price":1.9},{"type":"A","date":"2018-04-13T03:13:32.000Z","volume":32000,"label":" ","price":1.9},{"type":"B","date":"2018-04-13T03:14:56.000Z","volume":164000,"label":"Y","price":1.89},{"type":"B","date":"2018-04-13T03:14:56.000Z","volume":86000,"label":" ","price":1.89},{"type":"B","date":"2018-04-13T03:15:52.000Z","volume":10000,"label":" ","price":1.89},{"type":"A","date":"2018-04-13T03:19:04.000Z","volume":20000,"label":" ","price":1.9},{"type":"B","date":"2018-04-13T03:19:54.000Z","volume":10000,"label":" ","price":1.89},{"type":"A","date":"2018-04-13T03:21:16.000Z","volume":10000,"label":" ","price":1.9},{"type":"A","date":"2018-04-13T03:23:15.000Z","volume":12000,"label":" ","price":1.9},{"type":"A","date":"2018-04-13T03:24:02.000Z","volume":2000,"label":" ","price":1.9},{"type":"A","date":"2018-04-13T03:27:07.000Z","volume":20000,"label":" ","price":1.9},{"type":"A","date":"2018-04-13T03:27:44.000Z","volume":4000,"label":" ","price":1.9},{"type":"B","date":"2018-04-13T03:28:08.000Z","volume":12000,"label":" ","price":1.89},{"type":"A","date":"2018-04-13T03:28:09.000Z","volume":120000,"label":" ","price":1.9},{"type":"A","date":"2018-04-13T03:29:08.000Z","volume":4000,"label":" ","price":1.9},{"type":"A","date":"2018-04-13T03:30:35.000Z","volume":20000,"label":" ","price":1.9},{"type":"A","date":"2018-04-13T03:31:06.000Z","volume":20000,"label":" ","price":1.9},{"type":"A","date":"2018-04-13T03:32:42.000Z","volume":30000,"label":" ","price":1.9},{"type":"A","date":"2018-04-13T03:33:15.000Z","volume":4000,"label":" ","price":1.9},{"type":"A","date":"2018-04-13T03:33:56.000Z","volume":50000,"label":" ","price":1.9},{"type":"A","date":"2018-04-13T03:33:56.000Z","volume":64000,"label":" ","price":1.9},{"type":"B","date":"2018-04-13T03:34:27.000Z","volume":2000,"label":" ","price":1.9},{"type":"A","date":"2018-04-13T03:34:43.000Z","volume":2000,"label":" ","price":1.91},{"type":"B","date":"2018-04-13T03:36:25.000Z","volume":18000,"label":" ","price":1.9},{"type":"A","date":"2018-04-13T03:38:26.000Z","volume":4000,"label":" ","price":1.9},{"type":"U","date":"2018-04-13T03:38:31.000Z","volume":6000,"label":"X","price":1.895},{"type":"A","date":"2018-04-13T03:39:12.000Z","volume":10000,"label":" ","price":1.9},{"type":"A","date":"2018-04-13T03:39:20.000Z","volume":30000,"label":" ","price":1.9},{"type":"A","date":"2018-04-13T03:39:34.000Z","volume":2000,"label":" ","price":1.9},{"type":"A","date":"2018-04-13T03:39:35.000Z","volume":52000,"label":" ","price":1.9},{"type":"B","date":"2018-04-13T03:42:28.000Z","volume":2000,"label":" ","price":1.9},{"type":"B","date":"2018-04-13T03:42:51.000Z","volume":2000,"label":" ","price":1.9},{"type":"B","date":"2018-04-13T03:44:07.000Z","volume":84000,"label":" ","price":1.9},{"type":"A","date":"2018-04-13T03:48:11.000Z","volume":4000,"label":" ","price":1.9},{"type":"A","date":"2018-04-13T03:52:57.000Z","volume":10000,"label":" ","price":1.9},{"type":"B","date":"2018-04-13T03:57:07.000Z","volume":6000,"label":" ","price":1.89},{"type":"A","date":"2018-04-13T03:57:08.000Z","volume":2000,"label":" ","price":1.9},{"type":"A","date":"2018-04-13T03:58:56.000Z","volume":2000,"label":" ","price":1.9},{"type":"A","date":"2018-04-13T05:00:01.000Z","volume":50000,"label":" ","price":1.9},{"type":"A","date":"2018-04-13T05:00:04.000Z","volume":20000,"label":" ","price":1.9},{"type":"A","date":"2018-04-13T05:01:44.000Z","volume":4000,"label":" ","price":1.9},{"type":"A","date":"2018-04-13T05:01:44.000Z","volume":66000,"label":" ","price":1.9},{"type":"A","date":"2018-04-13T05:03:05.000Z","volume":64000,"label":" ","price":1.91},{"type":"B","date":"2018-04-13T05:03:05.000Z","volume":10000,"label":" ","price":1.91},{"type":"B","date":"2018-04-13T05:05:56.000Z","volume":2000,"label":"Y","price":1.91},{"type":"B","date":"2018-04-13T05:05:56.000Z","volume":2000,"label":" ","price":1.91},{"type":"B","date":"2018-04-13T05:06:41.000Z","volume":34000,"label":" ","price":1.91},{"type":"A","date":"2018-04-13T05:06:41.000Z","volume":2000,"label":" ","price":1.91},{"type":"A","date":"2018-04-13T05:06:49.000Z","volume":2000,"label":" ","price":1.91},{"type":"B","date":"2018-04-13T05:08:32.000Z","volume":2000,"label":" ","price":1.9},{"type":"B","date":"2018-04-13T05:10:42.000Z","volume":8000,"label":"Y","price":1.9},{"type":"B","date":"2018-04-13T05:10:42.000Z","volume":4000,"label":" ","price":1.9},{"type":"B","date":"2018-04-13T05:12:54.000Z","volume":4000,"label":" ","price":1.9},{"type":"A","date":"2018-04-13T05:14:30.000Z","volume":10000,"label":" ","price":1.91},{"type":"B","date":"2018-04-13T05:17:37.000Z","volume":16000,"label":" ","price":1.91},{"type":"A","date":"2018-04-13T05:21:54.000Z","volume":16000,"label":" ","price":1.91},{"type":"B","date":"2018-04-13T05:24:48.000Z","volume":200000,"label":" ","price":1.9},{"type":"B","date":"2018-04-13T05:25:02.000Z","volume":2000,"label":" ","price":1.9},{"type":"B","date":"2018-04-13T05:25:59.000Z","volume":4000,"label":" ","price":1.9},{"type":"B","date":"2018-04-13T05:27:43.000Z","volume":4000,"label":" ","price":1.9},{"type":"B","date":"2018-04-13T05:27:43.000Z","volume":2000,"label":" ","price":1.9},{"type":"B","date":"2018-04-13T05:28:33.000Z","volume":6000,"label":" ","price":1.9},{"type":"B","date":"2018-04-13T05:35:38.000Z","volume":60000,"label":" ","price":1.9},{"type":"B","date":"2018-04-13T05:35:42.000Z","volume":10000,"label":" ","price":1.9},{"type":"B","date":"2018-04-13T05:36:02.000Z","volume":2000,"label":" ","price":1.9},{"type":"A","date":"2018-04-13T05:37:18.000Z","volume":10000,"label":" ","price":1.91},{"type":"A","date":"2018-04-13T05:39:34.000Z","volume":132000,"label":" ","price":1.91},{"type":"U","date":"2018-04-13T05:39:34.000Z","volume":2000,"label":"X","price":1.92},{"type":"A","date":"2018-04-13T05:39:34.000Z","volume":14000,"label":" ","price":1.92},{"type":"U","date":"2018-04-13T05:39:34.000Z","volume":2000,"label":"X","price":1.92},{"type":"U","date":"2018-04-13T05:39:34.000Z","volume":2000,"label":"X","price":1.92},{"type":"A","date":"2018-04-13T05:39:35.000Z","volume":168000,"label":" ","price":1.93},{"type":"B","date":"2018-04-13T05:39:35.000Z","volume":4000,"label":" ","price":1.91},{"type":"U","date":"2018-04-13T05:39:36.000Z","volume":4000,"label":" ","price":1.91},{"type":"A","date":"2018-04-13T05:39:49.000Z","volume":66000,"label":" ","price":1.93},{"type":"A","date":"2018-04-13T05:39:50.000Z","volume":134000,"label":" ","price":1.94},{"type":"A","date":"2018-04-13T05:39:50.000Z","volume":4000,"label":" ","price":1.93},{"type":"B","date":"2018-04-13T05:39:51.000Z","volume":8000,"label":" ","price":1.92},{"type":"A","date":"2018-04-13T05:40:10.000Z","volume":10000,"label":" ","price":1.92},{"type":"A","date":"2018-04-13T05:40:10.000Z","volume":70000,"label":" ","price":1.93},{"type":"A","date":"2018-04-13T05:40:10.000Z","volume":124000,"label":" ","price":1.94},{"type":"A","date":"2018-04-13T05:40:10.000Z","volume":584000,"label":" ","price":1.95},{"type":"A","date":"2018-04-13T05:40:10.000Z","volume":212000,"label":" ","price":1.95},{"type":"A","date":"2018-04-13T05:40:22.000Z","volume":10000,"label":" ","price":1.93},{"type":"A","date":"2018-04-13T05:40:47.000Z","volume":20000,"label":" ","price":1.94},{"type":"A","date":"2018-04-13T05:41:45.000Z","volume":10000,"label":" ","price":1.94},{"type":"A","date":"2018-04-13T05:42:29.000Z","volume":2000,"label":" ","price":1.93},{"type":"A","date":"2018-04-13T05:42:48.000Z","volume":30000,"label":" ","price":1.93},{"type":"A","date":"2018-04-13T05:48:42.000Z","volume":88000,"label":" ","price":1.93},{"type":"A","date":"2018-04-13T05:48:42.000Z","volume":10000,"label":" ","price":1.93},{"type":"B","date":"2018-04-13T05:48:51.000Z","volume":8000,"label":" ","price":1.93},{"type":"B","date":"2018-04-13T05:49:05.000Z","volume":14000,"label":" ","price":1.93},{"type":"B","date":"2018-04-13T05:49:34.000Z","volume":2000,"label":" ","price":1.93},{"type":"A","date":"2018-04-13T05:50:08.000Z","volume":60000,"label":" ","price":1.93},{"type":"B","date":"2018-04-13T05:50:43.000Z","volume":40000,"label":" ","price":1.93},{"type":"A","date":"2018-04-13T05:51:47.000Z","volume":10000,"label":" ","price":1.93},{"type":"B","date":"2018-04-13T06:02:10.000Z","volume":16000,"label":" ","price":1.92},{"type":"B","date":"2018-04-13T06:03:48.000Z","volume":6000,"label":" ","price":1.92},{"type":"B","date":"2018-04-13T06:07:42.000Z","volume":2000,"label":" ","price":1.92},{"type":"B","date":"2018-04-13T06:07:42.000Z","volume":6000,"label":" ","price":1.92},{"type":"B","date":"2018-04-13T06:08:35.000Z","volume":6000,"label":" ","price":1.92},{"type":"B","date":"2018-04-13T06:10:57.000Z","volume":34000,"label":" ","price":1.92},{"type":"B","date":"2018-04-13T06:10:57.000Z","volume":194000,"label":" ","price":1.91},{"type":"B","date":"2018-04-13T06:10:57.000Z","volume":48000,"label":" ","price":1.91},{"type":"A","date":"2018-04-13T06:11:33.000Z","volume":2000,"label":" ","price":1.92},{"type":"B","date":"2018-04-13T06:12:25.000Z","volume":4000,"label":" ","price":1.91},{"type":"U","date":"2018-04-13T06:12:54.000Z","volume":2000,"label":"X","price":1.905},{"type":"A","date":"2018-04-13T06:13:18.000Z","volume":40000,"label":" ","price":1.91},{"type":"A","date":"2018-04-13T06:13:18.000Z","volume":12000,"label":" ","price":1.91},{"type":"A","date":"2018-04-13T06:13:18.000Z","volume":8000,"label":" ","price":1.91},{"type":"B","date":"2018-04-13T06:15:35.000Z","volume":44000,"label":" ","price":1.91},{"type":"A","date":"2018-04-13T06:15:42.000Z","volume":4000,"label":" ","price":1.91},{"type":"A","date":"2018-04-13T06:18:00.000Z","volume":10000,"label":" ","price":1.91},{"type":"A","date":"2018-04-13T06:19:34.000Z","volume":72000,"label":" ","price":1.91},{"type":"A","date":"2018-04-13T06:19:44.000Z","volume":6000,"label":" ","price":1.91},{"type":"A","date":"2018-04-13T06:20:07.000Z","volume":2000,"label":" ","price":1.91},{"type":"A","date":"2018-04-13T06:21:22.000Z","volume":10000,"label":" ","price":1.91},{"type":"A","date":"2018-04-13T06:22:52.000Z","volume":10000,"label":" ","price":1.91},{"type":"B","date":"2018-04-13T06:24:10.000Z","volume":430000,"label":" ","price":1.9},{"type":"B","date":"2018-04-13T06:24:10.000Z","volume":8000,"label":" ","price":1.9},{"type":"A","date":"2018-04-13T06:24:12.000Z","volume":26000,"label":" ","price":1.9},{"type":"B","date":"2018-04-13T06:24:58.000Z","volume":2000,"label":" ","price":1.89},{"type":"A","date":"2018-04-13T06:25:09.000Z","volume":6000,"label":" ","price":1.9},{"type":"A","date":"2018-04-13T06:25:35.000Z","volume":6000,"label":" ","price":1.9},{"type":"A","date":"2018-04-13T06:27:06.000Z","volume":90000,"label":" ","price":1.9},{"type":"B","date":"2018-04-13T06:27:30.000Z","volume":14000,"label":" ","price":1.9},{"type":"A","date":"2018-04-13T06:27:57.000Z","volume":50000,"label":" ","price":1.9},{"type":"A","date":"2018-04-13T06:29:17.000Z","volume":8000,"label":" ","price":1.9},{"type":"A","date":"2018-04-13T06:29:19.000Z","volume":52000,"label":" ","price":1.9},{"type":"B","date":"2018-04-13T06:29:24.000Z","volume":2000,"label":" ","price":1.9},{"type":"A","date":"2018-04-13T06:30:13.000Z","volume":2000,"label":" ","price":1.9},{"type":"A","date":"2018-04-13T06:31:28.000Z","volume":16000,"label":" ","price":1.9},{"type":"A","date":"2018-04-13T06:31:29.000Z","volume":34000,"label":" ","price":1.91},{"type":"A","date":"2018-04-13T06:32:10.000Z","volume":50000,"label":" ","price":1.9},{"type":"A","date":"2018-04-13T06:32:48.000Z","volume":6000,"label":" ","price":1.9},{"type":"A","date":"2018-04-13T06:36:46.000Z","volume":10000,"label":" ","price":1.9},{"type":"A","date":"2018-04-13T06:37:31.000Z","volume":10000,"label":" ","price":1.9},{"type":"A","date":"2018-04-13T06:37:51.000Z","volume":10000,"label":" ","price":1.9},{"type":"A","date":"2018-04-13T06:37:51.000Z","volume":14000,"label":" ","price":1.9},{"type":"A","date":"2018-04-13T06:38:32.000Z","volume":8000,"label":" ","price":1.9},{"type":"B","date":"2018-04-13T06:38:58.000Z","volume":50000,"label":" ","price":1.89},{"type":"B","date":"2018-04-13T06:39:38.000Z","volume":40000,"label":" ","price":1.89},{"type":"B","date":"2018-04-13T06:40:19.000Z","volume":2000,"label":" ","price":1.89},{"type":"A","date":"2018-04-13T06:42:48.000Z","volume":2000,"label":" ","price":1.9},{"type":"A","date":"2018-04-13T06:42:49.000Z","volume":40000,"label":" ","price":1.9},{"type":"A","date":"2018-04-13T06:43:06.000Z","volume":2000,"label":" ","price":1.9},{"type":"A","date":"2018-04-13T06:44:01.000Z","volume":50000,"label":" ","price":1.9},{"type":"A","date":"2018-04-13T06:44:37.000Z","volume":10000,"label":" ","price":1.9},{"type":"A","date":"2018-04-13T06:44:37.000Z","volume":10000,"label":" ","price":1.9},{"type":"U","date":"2018-04-13T06:45:41.000Z","volume":2000,"label":"X","price":1.9},{"type":"B","date":"2018-04-13T06:46:43.000Z","volume":28000,"label":" ","price":1.9},{"type":"A","date":"2018-04-13T06:47:01.000Z","volume":2000,"label":" ","price":1.9},{"type":"A","date":"2018-04-13T06:47:21.000Z","volume":20000,"label":" ","price":1.9},{"type":"A","date":"2018-04-13T06:47:36.000Z","volume":2000,"label":" ","price":1.9},{"type":"A","date":"2018-04-13T06:49:01.000Z","volume":10000,"label":" ","price":1.9},{"type":"A","date":"2018-04-13T06:49:12.000Z","volume":10000,"label":" ","price":1.9},{"type":"A","date":"2018-04-13T06:49:34.000Z","volume":50000,"label":" ","price":1.9},{"type":"A","date":"2018-04-13T06:49:35.000Z","volume":52000,"label":" ","price":1.9},{"type":"A","date":"2018-04-13T06:51:00.000Z","volume":70000,"label":" ","price":1.9},{"type":"A","date":"2018-04-13T06:51:54.000Z","volume":82000,"label":" ","price":1.9},{"type":"B","date":"2018-04-13T06:52:29.000Z","volume":2000,"label":" ","price":1.9},{"type":"B","date":"2018-04-13T06:52:38.000Z","volume":64000,"label":" ","price":1.9},{"type":"A","date":"2018-04-13T06:53:31.000Z","volume":10000,"label":" ","price":1.9},{"type":"A","date":"2018-04-13T06:55:50.000Z","volume":30000,"label":" ","price":1.9},{"type":"A","date":"2018-04-13T06:57:31.000Z","volume":20000,"label":" ","price":1.9},{"type":"A","date":"2018-04-13T06:57:37.000Z","volume":10000,"label":" ","price":1.9},{"type":"B","date":"2018-04-13T06:57:46.000Z","volume":1000000,"label":" ","price":1.89},{"type":"A","date":"2018-04-13T06:57:46.000Z","volume":46000,"label":" ","price":1.9},{"type":"B","date":"2018-04-13T06:58:08.000Z","volume":66000,"label":" ","price":1.89},{"type":"B","date":"2018-04-13T06:58:08.000Z","volume":588000,"label":" ","price":1.88},{"type":"A","date":"2018-04-13T06:58:08.000Z","volume":6000,"label":" ","price":1.88},{"type":"A","date":"2018-04-13T06:58:08.000Z","volume":100000,"label":" ","price":1.88},{"type":"A","date":"2018-04-13T06:58:08.000Z","volume":4000,"label":" ","price":1.88},{"type":"A","date":"2018-04-13T06:58:08.000Z","volume":2000,"label":" ","price":1.88},{"type":"A","date":"2018-04-13T06:58:10.000Z","volume":40000,"label":" ","price":1.88},{"type":"A","date":"2018-04-13T06:58:10.000Z","volume":2000,"label":" ","price":1.88},{"type":"A","date":"2018-04-13T06:58:11.000Z","volume":46000,"label":" ","price":1.88},{"type":"B","date":"2018-04-13T06:58:33.000Z","volume":238000,"label":" ","price":1.88},{"type":"B","date":"2018-04-13T06:58:33.000Z","volume":762000,"label":" ","price":1.87},{"type":"U","date":"2018-04-13T06:58:42.000Z","volume":10000,"label":" ","price":1.88},{"type":"A","date":"2018-04-13T06:59:03.000Z","volume":2000,"label":" ","price":1.88},{"type":"A","date":"2018-04-13T06:59:03.000Z","volume":50000,"label":" ","price":1.88},{"type":"B","date":"2018-04-13T06:59:35.000Z","volume":20000,"label":" ","price":1.88},{"type":"B","date":"2018-04-13T06:59:43.000Z","volume":8000,"label":" ","price":1.88},{"type":"A","date":"2018-04-13T07:00:31.000Z","volume":4000,"label":" ","price":1.89},{"type":"B","date":"2018-04-13T07:00:41.000Z","volume":2000,"label":"Y","price":1.88},{"type":"B","date":"2018-04-13T07:00:41.000Z","volume":74000,"label":" ","price":1.88},{"type":"B","date":"2018-04-13T07:00:41.000Z","volume":58000,"label":"Y","price":1.87},{"type":"B","date":"2018-04-13T07:00:41.000Z","volume":248000,"label":" ","price":1.87},{"type":"B","date":"2018-04-13T07:01:09.000Z","volume":96000,"label":" ","price":1.87},{"type":"B","date":"2018-04-13T07:01:09.000Z","volume":904000,"label":" ","price":1.86},{"type":"A","date":"2018-04-13T07:01:11.000Z","volume":4000,"label":" ","price":1.88},{"type":"B","date":"2018-04-13T07:01:55.000Z","volume":2000,"label":" ","price":1.87},{"type":"A","date":"2018-04-13T07:05:30.000Z","volume":24000,"label":" ","price":1.88},{"type":"U","date":"2018-04-13T07:05:30.000Z","volume":2000,"label":"X","price":1.88},{"type":"A","date":"2018-04-13T07:05:32.000Z","volume":2000,"label":" ","price":1.88},{"type":"A","date":"2018-04-13T07:05:32.000Z","volume":20000,"label":" ","price":1.88},{"type":"A","date":"2018-04-13T07:05:57.000Z","volume":2000,"label":" ","price":1.88},{"type":"A","date":"2018-04-13T07:06:24.000Z","volume":100000,"label":" ","price":1.88},{"type":"A","date":"2018-04-13T07:07:24.000Z","volume":20000,"label":" ","price":1.88},{"type":"A","date":"2018-04-13T07:07:25.000Z","volume":4000,"label":" ","price":1.88},{"type":"A","date":"2018-04-13T07:07:47.000Z","volume":100000,"label":" ","price":1.88},{"type":"A","date":"2018-04-13T07:07:47.000Z","volume":100000,"label":" ","price":1.88},{"type":"A","date":"2018-04-13T07:07:47.000Z","volume":10000,"label":"Y","price":1.88},{"type":"A","date":"2018-04-13T07:07:47.000Z","volume":64000,"label":" ","price":1.88},{"type":"A","date":"2018-04-13T07:08:29.000Z","volume":224000,"label":" ","price":1.89},{"type":"A","date":"2018-04-13T07:09:10.000Z","volume":300000,"label":" ","price":1.9},{"type":"B","date":"2018-04-13T07:09:17.000Z","volume":50000,"label":" ","price":1.89},{"type":"A","date":"2018-04-13T07:11:26.000Z","volume":120000,"label":" ","price":1.9},{"type":"B","date":"2018-04-13T07:14:03.000Z","volume":2000,"label":" ","price":1.89},{"type":"B","date":"2018-04-13T07:14:55.000Z","volume":42000,"label":" ","price":1.89},{"type":"A","date":"2018-04-13T07:16:06.000Z","volume":2000,"label":" ","price":1.89},{"type":"A","date":"2018-04-13T07:16:17.000Z","volume":8000,"label":" ","price":1.89},{"type":"B","date":"2018-04-13T07:17:37.000Z","volume":12000,"label":" ","price":1.89},{"type":"B","date":"2018-04-13T07:17:45.000Z","volume":6000,"label":" ","price":1.89},{"type":"A","date":"2018-04-13T07:21:26.000Z","volume":20000,"label":" ","price":1.9},{"type":"A","date":"2018-04-13T07:27:52.000Z","volume":10000,"label":" ","price":1.9},{"type":"A","date":"2018-04-13T07:28:38.000Z","volume":20000,"label":" ","price":1.9},{"type":"A","date":"2018-04-13T07:29:19.000Z","volume":20000,"label":" ","price":1.9},{"type":"B","date":"2018-04-13T07:30:06.000Z","volume":50000,"label":" ","price":1.89},{"type":"U","date":"2018-04-13T07:31:08.000Z","volume":2000,"label":"X","price":1.9},{"type":"U","date":"2018-04-13T07:32:23.000Z","volume":2000,"label":"X","price":1.895},{"type":"B","date":"2018-04-13T07:34:22.000Z","volume":4000,"label":" ","price":1.89},{"type":"A","date":"2018-04-13T07:34:54.000Z","volume":10000,"label":" ","price":1.9},{"type":"A","date":"2018-04-13T07:35:43.000Z","volume":2000,"label":" ","price":1.9},{"type":"B","date":"2018-04-13T07:36:25.000Z","volume":200000,"label":" ","price":1.89},{"type":"A","date":"2018-04-13T07:36:26.000Z","volume":4000,"label":" ","price":1.9},{"type":"B","date":"2018-04-13T07:37:23.000Z","volume":2000,"label":" ","price":1.89},{"type":"B","date":"2018-04-13T07:40:03.000Z","volume":32000,"label":" ","price":1.89},{"type":"A","date":"2018-04-13T07:40:04.000Z","volume":58000,"label":" ","price":1.89},{"type":"A","date":"2018-04-13T07:40:21.000Z","volume":4000,"label":" ","price":1.89},{"type":"A","date":"2018-04-13T07:41:45.000Z","volume":4000,"label":" ","price":1.89},{"type":"A","date":"2018-04-13T07:42:36.000Z","volume":6000,"label":" ","price":1.89},{"type":"B","date":"2018-04-13T07:43:04.000Z","volume":4000,"label":" ","price":1.88},{"type":"A","date":"2018-04-13T07:43:13.000Z","volume":158000,"label":" ","price":1.89},{"type":"B","date":"2018-04-13T07:43:26.000Z","volume":2000,"label":" ","price":1.89},{"type":"B","date":"2018-04-13T07:43:56.000Z","volume":78000,"label":" ","price":1.89},{"type":"A","date":"2018-04-13T07:44:32.000Z","volume":76000,"label":" ","price":1.89},{"type":"A","date":"2018-04-13T07:44:35.000Z","volume":14000,"label":" ","price":1.89},{"type":"B","date":"2018-04-13T07:44:36.000Z","volume":26000,"label":" ","price":1.89},{"type":"U","date":"2018-04-13T07:45:34.000Z","volume":2000,"label":" ","price":1.89},{"type":"B","date":"2018-04-13T07:46:04.000Z","volume":26000,"label":" ","price":1.89},{"type":"A","date":"2018-04-13T07:47:20.000Z","volume":136000,"label":" ","price":1.89},{"type":"A","date":"2018-04-13T07:49:13.000Z","volume":2000,"label":" ","price":1.89},{"type":"B","date":"2018-04-13T07:49:37.000Z","volume":10000,"label":" ","price":1.88},{"type":"A","date":"2018-04-13T07:49:46.000Z","volume":50000,"label":" ","price":1.89},{"type":"A","date":"2018-04-13T07:50:39.000Z","volume":28000,"label":" ","price":1.89},{"type":"A","date":"2018-04-13T07:50:49.000Z","volume":10000,"label":"Y","price":1.89},{"type":"B","date":"2018-04-13T07:51:08.000Z","volume":4000,"label":" ","price":1.88},{"type":"A","date":"2018-04-13T07:51:43.000Z","volume":20000,"label":" ","price":1.89},{"type":"A","date":"2018-04-13T07:51:45.000Z","volume":2000,"label":" ","price":1.89},{"type":"A","date":"2018-04-13T07:51:45.000Z","volume":2000,"label":" ","price":1.89},{"type":"A","date":"2018-04-13T07:53:13.000Z","volume":2000,"label":" ","price":1.89},{"type":"A","date":"2018-04-13T07:54:21.000Z","volume":30000,"label":" ","price":1.89},{"type":"B","date":"2018-04-13T07:54:42.000Z","volume":200000,"label":" ","price":1.88},{"type":"A","date":"2018-04-13T07:55:03.000Z","volume":30000,"label":" ","price":1.89},{"type":"B","date":"2018-04-13T07:55:08.000Z","volume":60000,"label":" ","price":1.88},{"type":"B","date":"2018-04-13T07:55:22.000Z","volume":2000,"label":" ","price":1.88},{"type":"A","date":"2018-04-13T07:55:38.000Z","volume":20000,"label":" ","price":1.89},{"type":"A","date":"2018-04-13T07:56:24.000Z","volume":2000,"label":" ","price":1.89},{"type":"A","date":"2018-04-13T07:56:31.000Z","volume":192000,"label":" ","price":1.89},{"type":"A","date":"2018-04-13T07:56:45.000Z","volume":2000,"label":" ","price":1.9},{"type":"A","date":"2018-04-13T07:57:26.000Z","volume":2000,"label":" ","price":1.9},{"type":"A","date":"2018-04-13T07:57:38.000Z","volume":2000,"label":" ","price":1.9},{"type":"B","date":"2018-04-13T07:57:55.000Z","volume":6000,"label":" ","price":1.89},{"type":"A","date":"2018-04-13T07:58:03.000Z","volume":2000,"label":" ","price":1.9},{"type":"A","date":"2018-04-13T07:58:06.000Z","volume":20000,"label":" ","price":1.9},{"type":"A","date":"2018-04-13T07:58:14.000Z","volume":2000,"label":" ","price":1.9},{"type":"A","date":"2018-04-13T07:58:16.000Z","volume":2000,"label":" ","price":1.9},{"type":"A","date":"2018-04-13T07:58:26.000Z","volume":2000,"label":" ","price":1.9},{"type":"A","date":"2018-04-13T07:58:40.000Z","volume":2000,"label":" ","price":1.9},{"type":"B","date":"2018-04-13T07:58:53.000Z","volume":2000,"label":" ","price":1.89},{"type":"A","date":"2018-04-13T07:58:54.000Z","volume":2000,"label":" ","price":1.9},{"type":"A","date":"2018-04-13T07:59:06.000Z","volume":2000,"label":" ","price":1.9},{"type":"A","date":"2018-04-13T07:59:10.000Z","volume":2000,"label":" ","price":1.9},{"type":"A","date":"2018-04-13T07:59:13.000Z","volume":2000,"label":" ","price":1.9},{"type":"B","date":"2018-04-13T07:59:13.000Z","volume":2000,"label":" ","price":1.89},{"type":"A","date":"2018-04-13T07:59:17.000Z","volume":2000,"label":" ","price":1.9},{"type":"A","date":"2018-04-13T07:59:19.000Z","volume":2000,"label":" ","price":1.9},{"type":"B","date":"2018-04-13T07:59:24.000Z","volume":2000,"label":" ","price":1.89},{"type":"B","date":"2018-04-13T07:59:26.000Z","volume":10000,"label":" ","price":1.89},{"type":"A","date":"2018-04-13T07:59:26.000Z","volume":26000,"label":" ","price":1.9},{"type":"B","date":"2018-04-13T07:59:28.000Z","volume":2000,"label":" ","price":1.89},{"type":"A","date":"2018-04-13T07:59:50.000Z","volume":2000,"label":" ","price":1.9},{"type":"A","date":"2018-04-13T07:59:53.000Z","volume":4000,"label":" ","price":1.9},{"type":"B","date":"2018-04-13T07:59:54.000Z","volume":40000,"label":" ","price":1.89},{"type":"U","date":"2018-04-13T08:08:17.000Z","volume":200000,"label":"U","price":1.88}]