[{"type":"B","date":"2018-03-20T01:30:26.000Z","volume":4000,"label":" ","price":1.61},{"type":"A","date":"2018-03-20T01:31:07.000Z","volume":6000,"label":" ","price":1.62},{"type":"A","date":"2018-03-20T01:31:08.000Z","volume":2000,"label":" ","price":1.63},{"type":"A","date":"2018-03-20T01:31:08.000Z","volume":4000,"label":" ","price":1.63},{"type":"A","date":"2018-03-20T01:31:08.000Z","volume":38000,"label":" ","price":1.63},{"type":"B","date":"2018-03-20T01:31:15.000Z","volume":14000,"label":" ","price":1.61},{"type":"A","date":"2018-03-20T01:32:17.000Z","volume":10000,"label":" ","price":1.61},{"type":"A","date":"2018-03-20T01:32:23.000Z","volume":10000,"label":" ","price":1.61},{"type":"A","date":"2018-03-20T01:32:23.000Z","volume":2000,"label":" ","price":1.61},{"type":"B","date":"2018-03-20T01:32:55.000Z","volume":4000,"label":" ","price":1.61},{"type":"B","date":"2018-03-20T01:33:43.000Z","volume":6000,"label":" ","price":1.61},{"type":"B","date":"2018-03-20T01:34:35.000Z","volume":12000,"label":" ","price":1.61},{"type":"B","date":"2018-03-20T01:34:41.000Z","volume":4000,"label":" ","price":1.61},{"type":"B","date":"2018-03-20T01:34:53.000Z","volume":12000,"label":" ","price":1.61},{"type":"B","date":"2018-03-20T01:35:50.000Z","volume":26000,"label":" ","price":1.61},{"type":"A","date":"2018-03-20T01:35:53.000Z","volume":10000,"label":"Y","price":1.61},{"type":"A","date":"2018-03-20T01:36:05.000Z","volume":18000,"label":" ","price":1.61},{"type":"B","date":"2018-03-20T01:36:09.000Z","volume":6000,"label":" ","price":1.6},{"type":"B","date":"2018-03-20T01:36:40.000Z","volume":20000,"label":" ","price":1.6},{"type":"B","date":"2018-03-20T01:36:48.000Z","volume":10000,"label":" ","price":1.6},{"type":"B","date":"2018-03-20T01:37:43.000Z","volume":10000,"label":" ","price":1.6},{"type":"A","date":"2018-03-20T01:38:41.000Z","volume":10000,"label":"Y","price":1.6},{"type":"B","date":"2018-03-20T01:38:41.000Z","volume":58000,"label":" ","price":1.59},{"type":"B","date":"2018-03-20T01:38:51.000Z","volume":94000,"label":" ","price":1.58},{"type":"B","date":"2018-03-20T01:38:51.000Z","volume":22000,"label":" ","price":1.57},{"type":"B","date":"2018-03-20T01:38:51.000Z","volume":32000,"label":" ","price":1.56},{"type":"B","date":"2018-03-20T01:38:51.000Z","volume":642000,"label":" ","price":1.55},{"type":"B","date":"2018-03-20T01:38:51.000Z","volume":158000,"label":" ","price":1.55},{"type":"A","date":"2018-03-20T01:39:04.000Z","volume":10000,"label":" ","price":1.57},{"type":"A","date":"2018-03-20T01:39:08.000Z","volume":44000,"label":" ","price":1.6},{"type":"A","date":"2018-03-20T01:39:08.000Z","volume":6000,"label":" ","price":1.6},{"type":"A","date":"2018-03-20T01:39:39.000Z","volume":4000,"label":" ","price":1.58},{"type":"B","date":"2018-03-20T01:39:55.000Z","volume":12000,"label":" ","price":1.57},{"type":"B","date":"2018-03-20T01:40:02.000Z","volume":32000,"label":" ","price":1.57},{"type":"B","date":"2018-03-20T01:40:02.000Z","volume":10000,"label":" ","price":1.57},{"type":"A","date":"2018-03-20T01:40:23.000Z","volume":70000,"label":" ","price":1.58},{"type":"B","date":"2018-03-20T01:40:28.000Z","volume":20000,"label":" ","price":1.57},{"type":"B","date":"2018-03-20T01:40:28.000Z","volume":4000,"label":" ","price":1.57},{"type":"B","date":"2018-03-20T01:40:36.000Z","volume":2000,"label":" ","price":1.58},{"type":"B","date":"2018-03-20T01:40:39.000Z","volume":18000,"label":" ","price":1.58},{"type":"B","date":"2018-03-20T01:40:46.000Z","volume":8000,"label":" ","price":1.56},{"type":"A","date":"2018-03-20T01:40:56.000Z","volume":4000,"label":" ","price":1.58},{"type":"A","date":"2018-03-20T01:40:56.000Z","volume":6000,"label":" ","price":1.58},{"type":"A","date":"2018-03-20T01:41:01.000Z","volume":24000,"label":" ","price":1.59},{"type":"U","date":"2018-03-20T01:41:03.000Z","volume":16000,"label":" ","price":1.58},{"type":"U","date":"2018-03-20T01:41:03.000Z","volume":4000,"label":" ","price":1.58},{"type":"A","date":"2018-03-20T01:41:05.000Z","volume":26000,"label":" ","price":1.59},{"type":"A","date":"2018-03-20T01:41:12.000Z","volume":22000,"label":" ","price":1.6},{"type":"B","date":"2018-03-20T01:41:52.000Z","volume":10000,"label":" ","price":1.6},{"type":"A","date":"2018-03-20T01:41:53.000Z","volume":26000,"label":" ","price":1.61},{"type":"A","date":"2018-03-20T01:41:53.000Z","volume":2000,"label":" ","price":1.62},{"type":"B","date":"2018-03-20T01:41:54.000Z","volume":2000,"label":" ","price":1.6},{"type":"B","date":"2018-03-20T01:42:07.000Z","volume":8000,"label":" ","price":1.6},{"type":"A","date":"2018-03-20T01:42:14.000Z","volume":28000,"label":" ","price":1.62},{"type":"A","date":"2018-03-20T01:42:14.000Z","volume":38000,"label":" ","price":1.63},{"type":"A","date":"2018-03-20T01:42:14.000Z","volume":34000,"label":" ","price":1.64},{"type":"A","date":"2018-03-20T01:42:31.000Z","volume":16000,"label":" ","price":1.63},{"type":"A","date":"2018-03-20T01:42:31.000Z","volume":4000,"label":" ","price":1.63},{"type":"A","date":"2018-03-20T01:43:38.000Z","volume":30000,"label":" ","price":1.62},{"type":"A","date":"2018-03-20T01:43:38.000Z","volume":20000,"label":" ","price":1.63},{"type":"A","date":"2018-03-20T01:43:44.000Z","volume":70000,"label":" ","price":1.63},{"type":"U","date":"2018-03-20T01:43:44.000Z","volume":8000,"label":" ","price":1.63},{"type":"A","date":"2018-03-20T01:44:04.000Z","volume":14000,"label":" ","price":1.63},{"type":"A","date":"2018-03-20T01:44:04.000Z","volume":46000,"label":" ","price":1.63},{"type":"U","date":"2018-03-20T01:44:13.000Z","volume":4000,"label":" ","price":1.63},{"type":"U","date":"2018-03-20T01:44:17.000Z","volume":4000,"label":" ","price":1.63},{"type":"A","date":"2018-03-20T01:45:06.000Z","volume":20000,"label":" ","price":1.63},{"type":"A","date":"2018-03-20T01:45:38.000Z","volume":46000,"label":" ","price":1.63},{"type":"A","date":"2018-03-20T01:45:38.000Z","volume":4000,"label":" ","price":1.63},{"type":"A","date":"2018-03-20T01:46:07.000Z","volume":2000,"label":" ","price":1.63},{"type":"A","date":"2018-03-20T01:46:41.000Z","volume":2000,"label":" ","price":1.63},{"type":"A","date":"2018-03-20T01:46:41.000Z","volume":8000,"label":" ","price":1.63},{"type":"A","date":"2018-03-20T01:46:55.000Z","volume":6000,"label":" ","price":1.63},{"type":"A","date":"2018-03-20T01:46:57.000Z","volume":2000,"label":" ","price":1.63},{"type":"A","date":"2018-03-20T01:47:03.000Z","volume":4000,"label":" ","price":1.63},{"type":"B","date":"2018-03-20T01:47:04.000Z","volume":10000,"label":" ","price":1.62},{"type":"B","date":"2018-03-20T01:48:08.000Z","volume":12000,"label":" ","price":1.62},{"type":"B","date":"2018-03-20T01:49:18.000Z","volume":12000,"label":" ","price":1.61},{"type":"B","date":"2018-03-20T01:49:35.000Z","volume":20000,"label":" ","price":1.61},{"type":"B","date":"2018-03-20T01:49:48.000Z","volume":2000,"label":" ","price":1.61},{"type":"A","date":"2018-03-20T01:50:02.000Z","volume":8000,"label":" ","price":1.62},{"type":"A","date":"2018-03-20T01:50:17.000Z","volume":28000,"label":"Y","price":1.62},{"type":"A","date":"2018-03-20T01:50:58.000Z","volume":56000,"label":" ","price":1.62},{"type":"A","date":"2018-03-20T01:50:58.000Z","volume":6000,"label":" ","price":1.62},{"type":"A","date":"2018-03-20T01:51:04.000Z","volume":36000,"label":" ","price":1.63},{"type":"A","date":"2018-03-20T01:51:04.000Z","volume":4000,"label":" ","price":1.63},{"type":"B","date":"2018-03-20T01:51:34.000Z","volume":6000,"label":" ","price":1.62},{"type":"A","date":"2018-03-20T01:53:16.000Z","volume":120000,"label":" ","price":1.64},{"type":"A","date":"2018-03-20T01:53:57.000Z","volume":4000,"label":" ","price":1.63},{"type":"A","date":"2018-03-20T01:53:58.000Z","volume":56000,"label":" ","price":1.63},{"type":"B","date":"2018-03-20T01:54:02.000Z","volume":10000,"label":" ","price":1.63},{"type":"A","date":"2018-03-20T01:55:10.000Z","volume":36000,"label":" ","price":1.64},{"type":"B","date":"2018-03-20T01:56:00.000Z","volume":14000,"label":" ","price":1.64},{"type":"B","date":"2018-03-20T01:56:06.000Z","volume":4000,"label":" ","price":1.64},{"type":"B","date":"2018-03-20T01:56:06.000Z","volume":2000,"label":" ","price":1.64},{"type":"A","date":"2018-03-20T01:56:24.000Z","volume":2000,"label":" ","price":1.65},{"type":"A","date":"2018-03-20T01:56:27.000Z","volume":50000,"label":" ","price":1.66},{"type":"A","date":"2018-03-20T01:56:29.000Z","volume":20000,"label":" ","price":1.66},{"type":"A","date":"2018-03-20T01:56:33.000Z","volume":28000,"label":" ","price":1.66},{"type":"A","date":"2018-03-20T01:56:34.000Z","volume":8000,"label":" ","price":1.66},{"type":"A","date":"2018-03-20T01:56:34.000Z","volume":4000,"label":" ","price":1.66},{"type":"B","date":"2018-03-20T01:57:06.000Z","volume":18000,"label":" ","price":1.66},{"type":"B","date":"2018-03-20T01:57:06.000Z","volume":12000,"label":" ","price":1.66},{"type":"A","date":"2018-03-20T01:58:05.000Z","volume":40000,"label":" ","price":1.67},{"type":"A","date":"2018-03-20T01:58:10.000Z","volume":22000,"label":" ","price":1.67},{"type":"A","date":"2018-03-20T01:58:21.000Z","volume":2000,"label":" ","price":1.67},{"type":"A","date":"2018-03-20T01:58:27.000Z","volume":4000,"label":" ","price":1.67},{"type":"B","date":"2018-03-20T01:58:30.000Z","volume":12000,"label":" ","price":1.67},{"type":"B","date":"2018-03-20T01:58:30.000Z","volume":14000,"label":" ","price":1.67},{"type":"B","date":"2018-03-20T01:59:20.000Z","volume":6000,"label":" ","price":1.67},{"type":"B","date":"2018-03-20T01:59:20.000Z","volume":2000,"label":" ","price":1.67},{"type":"A","date":"2018-03-20T01:59:22.000Z","volume":2000,"label":" ","price":1.68},{"type":"A","date":"2018-03-20T01:59:22.000Z","volume":4000,"label":" ","price":1.68},{"type":"B","date":"2018-03-20T01:59:34.000Z","volume":10000,"label":" ","price":1.67},{"type":"A","date":"2018-03-20T01:59:50.000Z","volume":8000,"label":" ","price":1.68},{"type":"A","date":"2018-03-20T01:59:50.000Z","volume":12000,"label":" ","price":1.69},{"type":"A","date":"2018-03-20T01:59:54.000Z","volume":18000,"label":" ","price":1.69},{"type":"U","date":"2018-03-20T02:00:15.000Z","volume":10000,"label":" ","price":1.68},{"type":"A","date":"2018-03-20T02:00:30.000Z","volume":18000,"label":" ","price":1.69},{"type":"A","date":"2018-03-20T02:00:49.000Z","volume":8000,"label":" ","price":1.69},{"type":"A","date":"2018-03-20T02:01:00.000Z","volume":20000,"label":" ","price":1.69},{"type":"U","date":"2018-03-20T02:01:05.000Z","volume":16000,"label":" ","price":1.68},{"type":"A","date":"2018-03-20T02:01:18.000Z","volume":10000,"label":" ","price":1.69},{"type":"A","date":"2018-03-20T02:02:50.000Z","volume":20000,"label":" ","price":1.69},{"type":"B","date":"2018-03-20T02:03:12.000Z","volume":14000,"label":" ","price":1.68},{"type":"A","date":"2018-03-20T02:03:32.000Z","volume":40000,"label":" ","price":1.7},{"type":"A","date":"2018-03-20T02:03:37.000Z","volume":20000,"label":" ","price":1.7},{"type":"A","date":"2018-03-20T02:03:37.000Z","volume":8000,"label":" ","price":1.7},{"type":"A","date":"2018-03-20T02:03:37.000Z","volume":4000,"label":" ","price":1.7},{"type":"B","date":"2018-03-20T02:03:38.000Z","volume":16000,"label":" ","price":1.7},{"type":"A","date":"2018-03-20T02:03:43.000Z","volume":6000,"label":" ","price":1.7},{"type":"A","date":"2018-03-20T02:03:44.000Z","volume":2000,"label":" ","price":1.71},{"type":"A","date":"2018-03-20T02:03:49.000Z","volume":80000,"label":" ","price":1.71},{"type":"A","date":"2018-03-20T02:03:52.000Z","volume":10000,"label":" ","price":1.71},{"type":"B","date":"2018-03-20T02:03:56.000Z","volume":4000,"label":" ","price":1.71},{"type":"A","date":"2018-03-20T02:03:56.000Z","volume":2000,"label":" ","price":1.72},{"type":"B","date":"2018-03-20T02:04:02.000Z","volume":4000,"label":" ","price":1.71},{"type":"A","date":"2018-03-20T02:04:03.000Z","volume":20000,"label":" ","price":1.72},{"type":"B","date":"2018-03-20T02:04:06.000Z","volume":22000,"label":" ","price":1.71},{"type":"A","date":"2018-03-20T02:04:10.000Z","volume":20000,"label":" ","price":1.72},{"type":"A","date":"2018-03-20T02:04:11.000Z","volume":60000,"label":" ","price":1.72},{"type":"A","date":"2018-03-20T02:04:12.000Z","volume":4000,"label":" ","price":1.72},{"type":"A","date":"2018-03-20T02:04:14.000Z","volume":40000,"label":" ","price":1.72},{"type":"A","date":"2018-03-20T02:04:15.000Z","volume":4000,"label":" ","price":1.72},{"type":"A","date":"2018-03-20T02:04:20.000Z","volume":30000,"label":" ","price":1.73},{"type":"A","date":"2018-03-20T02:04:20.000Z","volume":8000,"label":" ","price":1.73},{"type":"A","date":"2018-03-20T02:04:20.000Z","volume":32000,"label":" ","price":1.73},{"type":"A","date":"2018-03-20T02:04:24.000Z","volume":20000,"label":" ","price":1.73},{"type":"U","date":"2018-03-20T02:04:27.000Z","volume":2000,"label":" ","price":1.73},{"type":"A","date":"2018-03-20T02:04:33.000Z","volume":2000,"label":" ","price":1.74},{"type":"A","date":"2018-03-20T02:04:41.000Z","volume":2000,"label":" ","price":1.73},{"type":"A","date":"2018-03-20T02:04:47.000Z","volume":28000,"label":" ","price":1.73},{"type":"B","date":"2018-03-20T02:04:48.000Z","volume":28000,"label":" ","price":1.72},{"type":"A","date":"2018-03-20T02:04:49.000Z","volume":10000,"label":" ","price":1.72},{"type":"B","date":"2018-03-20T02:05:03.000Z","volume":20000,"label":" ","price":1.71},{"type":"B","date":"2018-03-20T02:05:10.000Z","volume":20000,"label":" ","price":1.7},{"type":"A","date":"2018-03-20T02:05:10.000Z","volume":8000,"label":" ","price":1.71},{"type":"B","date":"2018-03-20T02:05:10.000Z","volume":12000,"label":" ","price":1.71},{"type":"A","date":"2018-03-20T02:05:10.000Z","volume":30000,"label":" ","price":1.72},{"type":"A","date":"2018-03-20T02:06:06.000Z","volume":50000,"label":" ","price":1.72},{"type":"A","date":"2018-03-20T02:06:08.000Z","volume":6000,"label":" ","price":1.72},{"type":"A","date":"2018-03-20T02:06:12.000Z","volume":2000,"label":" ","price":1.72},{"type":"A","date":"2018-03-20T02:06:12.000Z","volume":18000,"label":"Y","price":1.73},{"type":"A","date":"2018-03-20T02:06:16.000Z","volume":2000,"label":" ","price":1.73},{"type":"A","date":"2018-03-20T02:06:16.000Z","volume":4000,"label":" ","price":1.74},{"type":"B","date":"2018-03-20T02:06:42.000Z","volume":6000,"label":" ","price":1.72},{"type":"B","date":"2018-03-20T02:06:42.000Z","volume":14000,"label":" ","price":1.71},{"type":"B","date":"2018-03-20T02:06:43.000Z","volume":10000,"label":" ","price":1.71},{"type":"A","date":"2018-03-20T02:06:52.000Z","volume":2000,"label":" ","price":1.71},{"type":"A","date":"2018-03-20T02:06:57.000Z","volume":116000,"label":" ","price":1.71},{"type":"A","date":"2018-03-20T02:06:58.000Z","volume":28000,"label":" ","price":1.71},{"type":"A","date":"2018-03-20T02:07:05.000Z","volume":50000,"label":" ","price":1.73},{"type":"A","date":"2018-03-20T02:07:05.000Z","volume":8000,"label":" ","price":1.73},{"type":"A","date":"2018-03-20T02:07:05.000Z","volume":34000,"label":" ","price":1.73},{"type":"A","date":"2018-03-20T02:07:05.000Z","volume":6000,"label":" ","price":1.73},{"type":"B","date":"2018-03-20T02:07:06.000Z","volume":2000,"label":" ","price":1.73},{"type":"B","date":"2018-03-20T02:07:06.000Z","volume":28000,"label":" ","price":1.71},{"type":"A","date":"2018-03-20T02:07:40.000Z","volume":20000,"label":" ","price":1.73},{"type":"A","date":"2018-03-20T02:07:52.000Z","volume":12000,"label":" ","price":1.73},{"type":"A","date":"2018-03-20T02:08:26.000Z","volume":100000,"label":" ","price":1.73},{"type":"A","date":"2018-03-20T02:08:34.000Z","volume":20000,"label":" ","price":1.73},{"type":"A","date":"2018-03-20T02:08:36.000Z","volume":4000,"label":" ","price":1.73},{"type":"A","date":"2018-03-20T02:08:45.000Z","volume":10000,"label":" ","price":1.73},{"type":"B","date":"2018-03-20T02:09:03.000Z","volume":10000,"label":" ","price":1.73},{"type":"A","date":"2018-03-20T02:09:33.000Z","volume":50000,"label":" ","price":1.74},{"type":"A","date":"2018-03-20T02:09:38.000Z","volume":20000,"label":" ","price":1.74},{"type":"A","date":"2018-03-20T02:09:39.000Z","volume":4000,"label":" ","price":1.74},{"type":"B","date":"2018-03-20T02:09:47.000Z","volume":2000,"label":" ","price":1.74},{"type":"A","date":"2018-03-20T02:09:54.000Z","volume":2000,"label":" ","price":1.75},{"type":"A","date":"2018-03-20T02:10:03.000Z","volume":100000,"label":" ","price":1.75},{"type":"A","date":"2018-03-20T02:10:08.000Z","volume":8000,"label":" ","price":1.75},{"type":"A","date":"2018-03-20T02:10:14.000Z","volume":2000,"label":" ","price":1.76},{"type":"A","date":"2018-03-20T02:10:20.000Z","volume":20000,"label":" ","price":1.76},{"type":"A","date":"2018-03-20T02:10:21.000Z","volume":100000,"label":" ","price":1.76},{"type":"A","date":"2018-03-20T02:11:00.000Z","volume":2000,"label":" ","price":1.76},{"type":"A","date":"2018-03-20T02:11:13.000Z","volume":44000,"label":" ","price":1.77},{"type":"A","date":"2018-03-20T02:11:30.000Z","volume":2000,"label":" ","price":1.78},{"type":"A","date":"2018-03-20T02:11:32.000Z","volume":18000,"label":" ","price":1.78},{"type":"A","date":"2018-03-20T02:11:32.000Z","volume":20000,"label":" ","price":1.78},{"type":"A","date":"2018-03-20T02:11:35.000Z","volume":2000,"label":" ","price":1.79},{"type":"A","date":"2018-03-20T02:11:38.000Z","volume":56000,"label":" ","price":1.79},{"type":"B","date":"2018-03-20T02:11:41.000Z","volume":2000,"label":" ","price":1.78},{"type":"A","date":"2018-03-20T02:11:42.000Z","volume":20000,"label":" ","price":1.79},{"type":"A","date":"2018-03-20T02:11:43.000Z","volume":2000,"label":" ","price":1.8},{"type":"B","date":"2018-03-20T02:11:43.000Z","volume":30000,"label":" ","price":1.79},{"type":"A","date":"2018-03-20T02:11:46.000Z","volume":20000,"label":" ","price":1.79},{"type":"B","date":"2018-03-20T02:11:47.000Z","volume":2000,"label":" ","price":1.79},{"type":"A","date":"2018-03-20T02:11:49.000Z","volume":18000,"label":" ","price":1.79},{"type":"B","date":"2018-03-20T02:11:51.000Z","volume":20000,"label":" ","price":1.79},{"type":"A","date":"2018-03-20T02:11:54.000Z","volume":180000,"label":" ","price":1.8},{"type":"A","date":"2018-03-20T02:11:57.000Z","volume":30000,"label":" ","price":1.8},{"type":"A","date":"2018-03-20T02:11:58.000Z","volume":20000,"label":" ","price":1.8},{"type":"B","date":"2018-03-20T02:12:01.000Z","volume":36000,"label":" ","price":1.8},{"type":"A","date":"2018-03-20T02:12:03.000Z","volume":26000,"label":" ","price":1.81},{"type":"B","date":"2018-03-20T02:12:07.000Z","volume":14000,"label":" ","price":1.8},{"type":"A","date":"2018-03-20T02:12:09.000Z","volume":6000,"label":" ","price":1.8},{"type":"B","date":"2018-03-20T02:12:10.000Z","volume":14000,"label":" ","price":1.8},{"type":"B","date":"2018-03-20T02:12:18.000Z","volume":2000,"label":" ","price":1.79},{"type":"B","date":"2018-03-20T02:12:25.000Z","volume":8000,"label":"Y","price":1.79},{"type":"B","date":"2018-03-20T02:12:25.000Z","volume":24000,"label":" ","price":1.79},{"type":"A","date":"2018-03-20T02:12:26.000Z","volume":8000,"label":" ","price":1.79},{"type":"A","date":"2018-03-20T02:12:26.000Z","volume":12000,"label":" ","price":1.8},{"type":"A","date":"2018-03-20T02:12:34.000Z","volume":2000,"label":" ","price":1.79},{"type":"A","date":"2018-03-20T02:12:35.000Z","volume":10000,"label":" ","price":1.8},{"type":"B","date":"2018-03-20T02:12:38.000Z","volume":10000,"label":" ","price":1.79},{"type":"A","date":"2018-03-20T02:12:39.000Z","volume":26000,"label":" ","price":1.8},{"type":"B","date":"2018-03-20T02:12:42.000Z","volume":14000,"label":" ","price":1.8},{"type":"A","date":"2018-03-20T02:12:48.000Z","volume":20000,"label":" ","price":1.8},{"type":"A","date":"2018-03-20T02:12:50.000Z","volume":14000,"label":" ","price":1.81},{"type":"A","date":"2018-03-20T02:13:01.000Z","volume":50000,"label":" ","price":1.81},{"type":"A","date":"2018-03-20T02:13:03.000Z","volume":2000,"label":" ","price":1.81},{"type":"B","date":"2018-03-20T02:13:10.000Z","volume":10000,"label":" ","price":1.8},{"type":"A","date":"2018-03-20T02:13:15.000Z","volume":20000,"label":" ","price":1.81},{"type":"A","date":"2018-03-20T02:13:15.000Z","volume":2000,"label":" ","price":1.81},{"type":"B","date":"2018-03-20T02:13:16.000Z","volume":18000,"label":" ","price":1.81},{"type":"A","date":"2018-03-20T02:13:18.000Z","volume":2000,"label":" ","price":1.81},{"type":"B","date":"2018-03-20T02:13:19.000Z","volume":38000,"label":" ","price":1.81},{"type":"B","date":"2018-03-20T02:13:20.000Z","volume":16000,"label":" ","price":1.81},{"type":"A","date":"2018-03-20T02:13:29.000Z","volume":14000,"label":" ","price":1.82},{"type":"A","date":"2018-03-20T02:13:45.000Z","volume":2000,"label":" ","price":1.82},{"type":"A","date":"2018-03-20T02:13:49.000Z","volume":4000,"label":" ","price":1.82},{"type":"A","date":"2018-03-20T02:13:51.000Z","volume":40000,"label":" ","price":1.82},{"type":"A","date":"2018-03-20T02:13:51.000Z","volume":20000,"label":" ","price":1.82},{"type":"A","date":"2018-03-20T02:14:02.000Z","volume":100000,"label":" ","price":1.82},{"type":"A","date":"2018-03-20T02:14:02.000Z","volume":6000,"label":" ","price":1.82},{"type":"B","date":"2018-03-20T02:14:11.000Z","volume":10000,"label":" ","price":1.81},{"type":"A","date":"2018-03-20T02:14:25.000Z","volume":40000,"label":" ","price":1.82},{"type":"A","date":"2018-03-20T02:14:25.000Z","volume":16000,"label":" ","price":1.82},{"type":"B","date":"2018-03-20T02:14:28.000Z","volume":4000,"label":" ","price":1.82},{"type":"B","date":"2018-03-20T02:14:38.000Z","volume":30000,"label":" ","price":1.81},{"type":"B","date":"2018-03-20T02:14:38.000Z","volume":14000,"label":" ","price":1.81},{"type":"B","date":"2018-03-20T02:14:38.000Z","volume":6000,"label":" ","price":1.81},{"type":"B","date":"2018-03-20T02:14:44.000Z","volume":20000,"label":" ","price":1.81},{"type":"B","date":"2018-03-20T02:14:44.000Z","volume":4000,"label":" ","price":1.81},{"type":"B","date":"2018-03-20T02:14:47.000Z","volume":20000,"label":" ","price":1.81},{"type":"B","date":"2018-03-20T02:14:56.000Z","volume":10000,"label":" ","price":1.8},{"type":"B","date":"2018-03-20T02:14:57.000Z","volume":10000,"label":" ","price":1.8},{"type":"B","date":"2018-03-20T02:14:57.000Z","volume":10000,"label":" ","price":1.8},{"type":"B","date":"2018-03-20T02:14:58.000Z","volume":8000,"label":" ","price":1.8},{"type":"B","date":"2018-03-20T02:15:05.000Z","volume":2000,"label":" ","price":1.79},{"type":"B","date":"2018-03-20T02:15:06.000Z","volume":20000,"label":" ","price":1.79},{"type":"A","date":"2018-03-20T02:15:22.000Z","volume":2000,"label":" ","price":1.79},{"type":"A","date":"2018-03-20T02:15:32.000Z","volume":12000,"label":" ","price":1.79},{"type":"A","date":"2018-03-20T02:15:49.000Z","volume":6000,"label":" ","price":1.79},{"type":"B","date":"2018-03-20T02:17:04.000Z","volume":10000,"label":" ","price":1.78},{"type":"A","date":"2018-03-20T02:17:05.000Z","volume":20000,"label":" ","price":1.79},{"type":"B","date":"2018-03-20T02:17:14.000Z","volume":10000,"label":" ","price":1.78},{"type":"A","date":"2018-03-20T02:17:27.000Z","volume":10000,"label":" ","price":1.78},{"type":"B","date":"2018-03-20T02:17:40.000Z","volume":4000,"label":" ","price":1.78},{"type":"B","date":"2018-03-20T02:18:04.000Z","volume":12000,"label":" ","price":1.77},{"type":"A","date":"2018-03-20T02:18:32.000Z","volume":2000,"label":" ","price":1.78},{"type":"B","date":"2018-03-20T02:18:32.000Z","volume":2000,"label":" ","price":1.77},{"type":"B","date":"2018-03-20T02:18:40.000Z","volume":26000,"label":" ","price":1.76},{"type":"B","date":"2018-03-20T02:18:51.000Z","volume":10000,"label":" ","price":1.76},{"type":"B","date":"2018-03-20T02:18:58.000Z","volume":16000,"label":" ","price":1.76},{"type":"A","date":"2018-03-20T02:19:09.000Z","volume":2000,"label":" ","price":1.76},{"type":"B","date":"2018-03-20T02:19:23.000Z","volume":20000,"label":" ","price":1.75},{"type":"B","date":"2018-03-20T02:19:32.000Z","volume":12000,"label":" ","price":1.75},{"type":"B","date":"2018-03-20T02:19:42.000Z","volume":24000,"label":" ","price":1.74},{"type":"U","date":"2018-03-20T02:20:04.000Z","volume":30000,"label":" ","price":1.74},{"type":"B","date":"2018-03-20T02:20:25.000Z","volume":10000,"label":" ","price":1.73},{"type":"B","date":"2018-03-20T02:20:25.000Z","volume":14000,"label":" ","price":1.72},{"type":"A","date":"2018-03-20T02:20:33.000Z","volume":6000,"label":" ","price":1.74},{"type":"B","date":"2018-03-20T02:20:35.000Z","volume":12000,"label":" ","price":1.72},{"type":"A","date":"2018-03-20T02:20:44.000Z","volume":8000,"label":" ","price":1.74},{"type":"U","date":"2018-03-20T02:20:47.000Z","volume":14000,"label":" ","price":1.74},{"type":"U","date":"2018-03-20T02:21:34.000Z","volume":4000,"label":" ","price":1.74},{"type":"A","date":"2018-03-20T02:22:01.000Z","volume":40000,"label":" ","price":1.75},{"type":"B","date":"2018-03-20T02:22:02.000Z","volume":4000,"label":" ","price":1.75},{"type":"B","date":"2018-03-20T02:22:28.000Z","volume":26000,"label":" ","price":1.75},{"type":"B","date":"2018-03-20T02:22:28.000Z","volume":4000,"label":" ","price":1.75},{"type":"B","date":"2018-03-20T02:22:37.000Z","volume":2000,"label":" ","price":1.74},{"type":"B","date":"2018-03-20T02:22:37.000Z","volume":10000,"label":" ","price":1.74},{"type":"B","date":"2018-03-20T02:22:43.000Z","volume":2000,"label":" ","price":1.73},{"type":"B","date":"2018-03-20T02:25:00.000Z","volume":20000,"label":" ","price":1.75},{"type":"A","date":"2018-03-20T02:26:02.000Z","volume":24000,"label":" ","price":1.76},{"type":"A","date":"2018-03-20T02:26:15.000Z","volume":6000,"label":" ","price":1.76},{"type":"B","date":"2018-03-20T02:27:41.000Z","volume":4000,"label":" ","price":1.75},{"type":"A","date":"2018-03-20T02:27:43.000Z","volume":10000,"label":" ","price":1.76},{"type":"A","date":"2018-03-20T02:28:16.000Z","volume":10000,"label":" ","price":1.76},{"type":"A","date":"2018-03-20T02:29:06.000Z","volume":12000,"label":" ","price":1.76},{"type":"B","date":"2018-03-20T02:29:29.000Z","volume":10000,"label":" ","price":1.76},{"type":"A","date":"2018-03-20T02:30:10.000Z","volume":120000,"label":" ","price":1.76},{"type":"A","date":"2018-03-20T02:30:14.000Z","volume":24000,"label":" ","price":1.76},{"type":"B","date":"2018-03-20T02:30:57.000Z","volume":4000,"label":" ","price":1.76},{"type":"B","date":"2018-03-20T02:31:08.000Z","volume":8000,"label":" ","price":1.76},{"type":"A","date":"2018-03-20T02:31:15.000Z","volume":10000,"label":" ","price":1.76},{"type":"A","date":"2018-03-20T02:33:47.000Z","volume":14000,"label":" ","price":1.76},{"type":"B","date":"2018-03-20T02:34:12.000Z","volume":16000,"label":" ","price":1.76},{"type":"B","date":"2018-03-20T02:34:38.000Z","volume":20000,"label":" ","price":1.76},{"type":"A","date":"2018-03-20T02:35:33.000Z","volume":8000,"label":" ","price":1.76},{"type":"B","date":"2018-03-20T02:36:04.000Z","volume":50000,"label":" ","price":1.75},{"type":"B","date":"2018-03-20T02:36:49.000Z","volume":10000,"label":" ","price":1.76},{"type":"B","date":"2018-03-20T02:37:12.000Z","volume":4000,"label":" ","price":1.75},{"type":"A","date":"2018-03-20T02:37:14.000Z","volume":20000,"label":" ","price":1.76},{"type":"B","date":"2018-03-20T02:40:47.000Z","volume":20000,"label":" ","price":1.74},{"type":"B","date":"2018-03-20T02:44:42.000Z","volume":2000,"label":" ","price":1.74},{"type":"B","date":"2018-03-20T02:49:30.000Z","volume":34000,"label":" ","price":1.73},{"type":"A","date":"2018-03-20T02:51:52.000Z","volume":4000,"label":" ","price":1.73},{"type":"B","date":"2018-03-20T02:51:52.000Z","volume":100000,"label":" ","price":1.72},{"type":"A","date":"2018-03-20T02:51:55.000Z","volume":18000,"label":" ","price":1.73},{"type":"B","date":"2018-03-20T02:51:55.000Z","volume":2000,"label":" ","price":1.72},{"type":"B","date":"2018-03-20T02:51:55.000Z","volume":24000,"label":" ","price":1.72},{"type":"B","date":"2018-03-20T02:53:55.000Z","volume":40000,"label":" ","price":1.71},{"type":"B","date":"2018-03-20T02:53:55.000Z","volume":20000,"label":" ","price":1.7},{"type":"B","date":"2018-03-20T02:53:57.000Z","volume":50000,"label":" ","price":1.7},{"type":"B","date":"2018-03-20T02:54:40.000Z","volume":10000,"label":"Y","price":1.7},{"type":"B","date":"2018-03-20T02:55:07.000Z","volume":2000,"label":" ","price":1.7},{"type":"A","date":"2018-03-20T02:59:14.000Z","volume":2000,"label":" ","price":1.72},{"type":"B","date":"2018-03-20T03:01:35.000Z","volume":2000,"label":" ","price":1.72},{"type":"A","date":"2018-03-20T03:02:05.000Z","volume":2000,"label":" ","price":1.72},{"type":"B","date":"2018-03-20T03:02:08.000Z","volume":6000,"label":" ","price":1.72},{"type":"A","date":"2018-03-20T03:04:59.000Z","volume":38000,"label":" ","price":1.73},{"type":"A","date":"2018-03-20T03:05:05.000Z","volume":30000,"label":" ","price":1.74},{"type":"A","date":"2018-03-20T03:05:56.000Z","volume":4000,"label":" ","price":1.75},{"type":"A","date":"2018-03-20T03:06:10.000Z","volume":62000,"label":" ","price":1.75},{"type":"A","date":"2018-03-20T03:06:16.000Z","volume":10000,"label":"Y","price":1.76},{"type":"A","date":"2018-03-20T03:06:16.000Z","volume":46000,"label":" ","price":1.76},{"type":"B","date":"2018-03-20T03:07:48.000Z","volume":2000,"label":" ","price":1.76},{"type":"A","date":"2018-03-20T03:08:11.000Z","volume":30000,"label":" ","price":1.77},{"type":"A","date":"2018-03-20T03:08:16.000Z","volume":4000,"label":" ","price":1.77},{"type":"B","date":"2018-03-20T03:08:18.000Z","volume":28000,"label":" ","price":1.77},{"type":"U","date":"2018-03-20T03:08:28.000Z","volume":1000,"label":"D","price":1.71},{"type":"B","date":"2018-03-20T03:08:34.000Z","volume":4000,"label":" ","price":1.77},{"type":"B","date":"2018-03-20T03:08:58.000Z","volume":50000,"label":" ","price":1.76},{"type":"B","date":"2018-03-20T03:08:58.000Z","volume":8000,"label":" ","price":1.76},{"type":"A","date":"2018-03-20T03:11:12.000Z","volume":10000,"label":" ","price":1.76},{"type":"A","date":"2018-03-20T03:12:41.000Z","volume":26000,"label":" ","price":1.77},{"type":"B","date":"2018-03-20T03:14:11.000Z","volume":2000,"label":" ","price":1.76},{"type":"A","date":"2018-03-20T03:14:30.000Z","volume":38000,"label":" ","price":1.76},{"type":"A","date":"2018-03-20T03:18:33.000Z","volume":40000,"label":" ","price":1.77},{"type":"A","date":"2018-03-20T03:19:45.000Z","volume":16000,"label":"Y","price":1.78},{"type":"A","date":"2018-03-20T03:19:45.000Z","volume":32000,"label":" ","price":1.78},{"type":"A","date":"2018-03-20T03:20:06.000Z","volume":4000,"label":" ","price":1.78},{"type":"B","date":"2018-03-20T03:20:30.000Z","volume":26000,"label":" ","price":1.78},{"type":"B","date":"2018-03-20T03:20:30.000Z","volume":2000,"label":" ","price":1.78},{"type":"A","date":"2018-03-20T03:20:57.000Z","volume":2000,"label":"Y","price":1.79},{"type":"A","date":"2018-03-20T03:20:57.000Z","volume":38000,"label":" ","price":1.79},{"type":"A","date":"2018-03-20T03:22:40.000Z","volume":6000,"label":" ","price":1.79},{"type":"A","date":"2018-03-20T03:22:40.000Z","volume":14000,"label":" ","price":1.8},{"type":"A","date":"2018-03-20T03:23:23.000Z","volume":100000,"label":" ","price":1.8},{"type":"A","date":"2018-03-20T03:23:34.000Z","volume":2000,"label":" ","price":1.8},{"type":"A","date":"2018-03-20T03:23:48.000Z","volume":40000,"label":" ","price":1.8},{"type":"A","date":"2018-03-20T03:23:54.000Z","volume":2000,"label":" ","price":1.8},{"type":"A","date":"2018-03-20T03:23:54.000Z","volume":200000,"label":" ","price":1.8},{"type":"A","date":"2018-03-20T03:23:55.000Z","volume":2000,"label":" ","price":1.8},{"type":"A","date":"2018-03-20T03:23:55.000Z","volume":20000,"label":" ","price":1.8},{"type":"A","date":"2018-03-20T03:23:55.000Z","volume":2000,"label":" ","price":1.8},{"type":"A","date":"2018-03-20T03:23:55.000Z","volume":2000,"label":" ","price":1.8},{"type":"A","date":"2018-03-20T03:23:56.000Z","volume":2000,"label":" ","price":1.8},{"type":"A","date":"2018-03-20T03:24:02.000Z","volume":2000,"label":" ","price":1.81},{"type":"B","date":"2018-03-20T03:24:21.000Z","volume":20000,"label":" ","price":1.8},{"type":"B","date":"2018-03-20T03:24:27.000Z","volume":4000,"label":" ","price":1.8},{"type":"A","date":"2018-03-20T03:24:39.000Z","volume":4000,"label":" ","price":1.8},{"type":"B","date":"2018-03-20T03:25:08.000Z","volume":36000,"label":" ","price":1.8},{"type":"B","date":"2018-03-20T03:26:09.000Z","volume":200000,"label":" ","price":1.79},{"type":"A","date":"2018-03-20T03:26:14.000Z","volume":10000,"label":" ","price":1.8},{"type":"A","date":"2018-03-20T03:27:53.000Z","volume":10000,"label":" ","price":1.79},{"type":"A","date":"2018-03-20T03:29:21.000Z","volume":40000,"label":" ","price":1.79},{"type":"A","date":"2018-03-20T03:29:52.000Z","volume":6000,"label":" ","price":1.8},{"type":"A","date":"2018-03-20T03:30:08.000Z","volume":70000,"label":" ","price":1.8},{"type":"B","date":"2018-03-20T03:30:12.000Z","volume":100000,"label":" ","price":1.8},{"type":"B","date":"2018-03-20T03:30:13.000Z","volume":30000,"label":" ","price":1.8},{"type":"A","date":"2018-03-20T03:30:29.000Z","volume":32000,"label":" ","price":1.8},{"type":"A","date":"2018-03-20T03:30:56.000Z","volume":80000,"label":" ","price":1.81},{"type":"A","date":"2018-03-20T03:31:01.000Z","volume":86000,"label":" ","price":1.81},{"type":"A","date":"2018-03-20T03:31:22.000Z","volume":2000,"label":" ","price":1.81},{"type":"A","date":"2018-03-20T03:31:22.000Z","volume":106000,"label":" ","price":1.82},{"type":"A","date":"2018-03-20T03:31:26.000Z","volume":2000,"label":" ","price":1.83},{"type":"A","date":"2018-03-20T03:31:43.000Z","volume":8000,"label":" ","price":1.82},{"type":"A","date":"2018-03-20T03:31:43.000Z","volume":4000,"label":" ","price":1.83},{"type":"A","date":"2018-03-20T03:32:01.000Z","volume":10000,"label":" ","price":1.83},{"type":"A","date":"2018-03-20T03:32:05.000Z","volume":292000,"label":" ","price":1.83},{"type":"A","date":"2018-03-20T03:32:05.000Z","volume":52000,"label":" ","price":1.83},{"type":"A","date":"2018-03-20T03:32:08.000Z","volume":80000,"label":" ","price":1.84},{"type":"A","date":"2018-03-20T03:32:08.000Z","volume":86000,"label":" ","price":1.84},{"type":"A","date":"2018-03-20T03:32:09.000Z","volume":80000,"label":" ","price":1.84},{"type":"B","date":"2018-03-20T03:32:09.000Z","volume":10000,"label":" ","price":1.83},{"type":"B","date":"2018-03-20T03:32:11.000Z","volume":50000,"label":" ","price":1.83},{"type":"A","date":"2018-03-20T03:32:15.000Z","volume":40000,"label":" ","price":1.84},{"type":"A","date":"2018-03-20T03:32:24.000Z","volume":42000,"label":" ","price":1.84},{"type":"B","date":"2018-03-20T03:32:30.000Z","volume":6000,"label":" ","price":1.84},{"type":"B","date":"2018-03-20T03:32:35.000Z","volume":2000,"label":" ","price":1.84},{"type":"A","date":"2018-03-20T03:33:27.000Z","volume":2000,"label":" ","price":1.85},{"type":"A","date":"2018-03-20T03:33:28.000Z","volume":2000,"label":" ","price":1.85},{"type":"A","date":"2018-03-20T03:33:30.000Z","volume":2000,"label":" ","price":1.85},{"type":"A","date":"2018-03-20T03:33:33.000Z","volume":12000,"label":" ","price":1.85},{"type":"A","date":"2018-03-20T03:33:34.000Z","volume":2000,"label":" ","price":1.85},{"type":"A","date":"2018-03-20T03:33:37.000Z","volume":2000,"label":" ","price":1.85},{"type":"A","date":"2018-03-20T03:33:37.000Z","volume":2000,"label":" ","price":1.85},{"type":"A","date":"2018-03-20T03:33:37.000Z","volume":2000,"label":" ","price":1.85},{"type":"A","date":"2018-03-20T03:33:37.000Z","volume":2000,"label":" ","price":1.85},{"type":"B","date":"2018-03-20T03:33:48.000Z","volume":10000,"label":" ","price":1.84},{"type":"B","date":"2018-03-20T03:33:56.000Z","volume":4000,"label":" ","price":1.84},{"type":"A","date":"2018-03-20T03:34:01.000Z","volume":6000,"label":" ","price":1.84},{"type":"B","date":"2018-03-20T03:34:03.000Z","volume":24000,"label":" ","price":1.84},{"type":"A","date":"2018-03-20T03:34:09.000Z","volume":2000,"label":" ","price":1.84},{"type":"B","date":"2018-03-20T03:34:33.000Z","volume":20000,"label":" ","price":1.83},{"type":"B","date":"2018-03-20T03:34:35.000Z","volume":30000,"label":" ","price":1.83},{"type":"B","date":"2018-03-20T03:34:40.000Z","volume":12000,"label":" ","price":1.83},{"type":"B","date":"2018-03-20T03:34:44.000Z","volume":34000,"label":" ","price":1.83},{"type":"A","date":"2018-03-20T03:34:58.000Z","volume":100000,"label":" ","price":1.83},{"type":"A","date":"2018-03-20T03:35:36.000Z","volume":2000,"label":" ","price":1.83},{"type":"B","date":"2018-03-20T03:35:56.000Z","volume":20000,"label":" ","price":1.81},{"type":"B","date":"2018-03-20T03:36:43.000Z","volume":20000,"label":" ","price":1.82},{"type":"A","date":"2018-03-20T03:36:43.000Z","volume":20000,"label":" ","price":1.82},{"type":"A","date":"2018-03-20T03:37:13.000Z","volume":40000,"label":" ","price":1.83},{"type":"A","date":"2018-03-20T03:37:13.000Z","volume":24000,"label":" ","price":1.83},{"type":"B","date":"2018-03-20T03:38:50.000Z","volume":20000,"label":" ","price":1.83},{"type":"A","date":"2018-03-20T03:39:10.000Z","volume":154000,"label":" ","price":1.84},{"type":"B","date":"2018-03-20T03:39:18.000Z","volume":40000,"label":" ","price":1.84},{"type":"A","date":"2018-03-20T03:39:29.000Z","volume":30000,"label":" ","price":1.85},{"type":"A","date":"2018-03-20T03:39:55.000Z","volume":100000,"label":" ","price":1.85},{"type":"B","date":"2018-03-20T03:39:58.000Z","volume":12000,"label":" ","price":1.84},{"type":"A","date":"2018-03-20T03:40:00.000Z","volume":10000,"label":" ","price":1.85},{"type":"A","date":"2018-03-20T03:40:12.000Z","volume":10000,"label":" ","price":1.85},{"type":"B","date":"2018-03-20T03:41:16.000Z","volume":4000,"label":"Y","price":1.84},{"type":"B","date":"2018-03-20T03:41:16.000Z","volume":26000,"label":" ","price":1.84},{"type":"B","date":"2018-03-20T03:41:24.000Z","volume":2000,"label":" ","price":1.84},{"type":"B","date":"2018-03-20T03:41:24.000Z","volume":98000,"label":" ","price":1.83},{"type":"A","date":"2018-03-20T03:42:41.000Z","volume":10000,"label":" ","price":1.84},{"type":"B","date":"2018-03-20T03:44:31.000Z","volume":6000,"label":" ","price":1.83},{"type":"B","date":"2018-03-20T03:44:53.000Z","volume":10000,"label":" ","price":1.82},{"type":"B","date":"2018-03-20T03:45:09.000Z","volume":2000,"label":" ","price":1.82},{"type":"U","date":"2018-03-20T03:45:44.000Z","volume":600,"label":"D","price":1.8},{"type":"B","date":"2018-03-20T03:46:34.000Z","volume":10000,"label":" ","price":1.82},{"type":"B","date":"2018-03-20T03:46:36.000Z","volume":10000,"label":" ","price":1.82},{"type":"B","date":"2018-03-20T03:47:11.000Z","volume":50000,"label":" ","price":1.82},{"type":"B","date":"2018-03-20T03:47:14.000Z","volume":24000,"label":" ","price":1.82},{"type":"B","date":"2018-03-20T03:48:25.000Z","volume":50000,"label":" ","price":1.82},{"type":"B","date":"2018-03-20T03:51:34.000Z","volume":2000,"label":" ","price":1.82},{"type":"A","date":"2018-03-20T03:52:25.000Z","volume":24000,"label":" ","price":1.83},{"type":"A","date":"2018-03-20T03:55:10.000Z","volume":10000,"label":" ","price":1.84},{"type":"B","date":"2018-03-20T03:55:28.000Z","volume":10000,"label":" ","price":1.83},{"type":"B","date":"2018-03-20T03:57:05.000Z","volume":16000,"label":" ","price":1.83},{"type":"B","date":"2018-03-20T03:57:44.000Z","volume":20000,"label":" ","price":1.82},{"type":"B","date":"2018-03-20T03:59:51.000Z","volume":16000,"label":" ","price":1.82},{"type":"B","date":"2018-03-20T05:00:14.000Z","volume":4000,"label":" ","price":1.82},{"type":"B","date":"2018-03-20T05:00:14.000Z","volume":16000,"label":" ","price":1.82},{"type":"B","date":"2018-03-20T05:03:21.000Z","volume":18000,"label":" ","price":1.82},{"type":"B","date":"2018-03-20T05:03:21.000Z","volume":42000,"label":" ","price":1.82},{"type":"B","date":"2018-03-20T05:03:48.000Z","volume":12000,"label":" ","price":1.81},{"type":"A","date":"2018-03-20T05:04:51.000Z","volume":8000,"label":" ","price":1.82},{"type":"A","date":"2018-03-20T05:04:51.000Z","volume":2000,"label":" ","price":1.82},{"type":"B","date":"2018-03-20T05:06:23.000Z","volume":40000,"label":" ","price":1.81},{"type":"B","date":"2018-03-20T05:10:05.000Z","volume":72000,"label":" ","price":1.81},{"type":"B","date":"2018-03-20T05:10:34.000Z","volume":54000,"label":" ","price":1.81},{"type":"B","date":"2018-03-20T05:10:34.000Z","volume":146000,"label":" ","price":1.8},{"type":"B","date":"2018-03-20T05:10:47.000Z","volume":20000,"label":" ","price":1.8},{"type":"B","date":"2018-03-20T05:11:45.000Z","volume":26000,"label":" ","price":1.8},{"type":"A","date":"2018-03-20T05:11:51.000Z","volume":10000,"label":" ","price":1.82},{"type":"B","date":"2018-03-20T05:14:29.000Z","volume":26000,"label":" ","price":1.8},{"type":"B","date":"2018-03-20T05:14:29.000Z","volume":4000,"label":" ","price":1.8},{"type":"B","date":"2018-03-20T05:17:01.000Z","volume":14000,"label":" ","price":1.8},{"type":"U","date":"2018-03-20T05:19:04.000Z","volume":1400,"label":"D","price":1.76},{"type":"A","date":"2018-03-20T05:20:48.000Z","volume":2000,"label":" ","price":1.8},{"type":"B","date":"2018-03-20T05:23:18.000Z","volume":2000,"label":" ","price":1.79},{"type":"B","date":"2018-03-20T05:23:46.000Z","volume":4000,"label":" ","price":1.79},{"type":"B","date":"2018-03-20T05:27:15.000Z","volume":50000,"label":" ","price":1.79},{"type":"A","date":"2018-03-20T05:29:03.000Z","volume":20000,"label":" ","price":1.8},{"type":"A","date":"2018-03-20T05:29:03.000Z","volume":10000,"label":" ","price":1.8},{"type":"B","date":"2018-03-20T05:34:11.000Z","volume":10000,"label":"Y","price":1.8},{"type":"B","date":"2018-03-20T05:40:10.000Z","volume":14000,"label":" ","price":1.8},{"type":"A","date":"2018-03-20T05:42:32.000Z","volume":4000,"label":" ","price":1.8},{"type":"B","date":"2018-03-20T05:46:33.000Z","volume":10000,"label":" ","price":1.79},{"type":"B","date":"2018-03-20T05:48:40.000Z","volume":124000,"label":" ","price":1.79},{"type":"B","date":"2018-03-20T05:48:40.000Z","volume":10000,"label":" ","price":1.79},{"type":"B","date":"2018-03-20T05:53:16.000Z","volume":16000,"label":" ","price":1.78},{"type":"A","date":"2018-03-20T05:53:45.000Z","volume":26000,"label":" ","price":1.8},{"type":"U","date":"2018-03-20T05:55:13.000Z","volume":1600,"label":"D","price":1.74},{"type":"U","date":"2018-03-20T05:55:21.000Z","volume":2000,"label":" ","price":1.79},{"type":"B","date":"2018-03-20T06:06:58.000Z","volume":10000,"label":" ","price":1.79},{"type":"U","date":"2018-03-20T06:08:21.000Z","volume":40000,"label":" ","price":1.79},{"type":"U","date":"2018-03-20T06:09:41.000Z","volume":60000,"label":" ","price":1.79},{"type":"A","date":"2018-03-20T06:11:27.000Z","volume":12000,"label":" ","price":1.8},{"type":"A","date":"2018-03-20T06:13:12.000Z","volume":4000,"label":"Y","price":1.8},{"type":"A","date":"2018-03-20T06:13:12.000Z","volume":10000,"label":" ","price":1.8},{"type":"B","date":"2018-03-20T06:15:53.000Z","volume":4000,"label":" ","price":1.8},{"type":"U","date":"2018-03-20T06:17:24.000Z","volume":840,"label":"D","price":1.78},{"type":"B","date":"2018-03-20T06:17:51.000Z","volume":10000,"label":" ","price":1.8},{"type":"A","date":"2018-03-20T06:18:09.000Z","volume":10000,"label":" ","price":1.8},{"type":"A","date":"2018-03-20T06:20:06.000Z","volume":34000,"label":" ","price":1.81},{"type":"A","date":"2018-03-20T06:20:10.000Z","volume":20000,"label":" ","price":1.82},{"type":"A","date":"2018-03-20T06:21:23.000Z","volume":6000,"label":" ","price":1.82},{"type":"B","date":"2018-03-20T06:35:54.000Z","volume":2000,"label":" ","price":1.81},{"type":"B","date":"2018-03-20T06:36:55.000Z","volume":14000,"label":" ","price":1.81},{"type":"U","date":"2018-03-20T06:36:55.000Z","volume":6000,"label":" ","price":1.81},{"type":"U","date":"2018-03-20T06:37:02.000Z","volume":2000,"label":" ","price":1.81},{"type":"A","date":"2018-03-20T06:37:59.000Z","volume":10000,"label":" ","price":1.82},{"type":"A","date":"2018-03-20T06:44:57.000Z","volume":32000,"label":" ","price":1.82},{"type":"B","date":"2018-03-20T06:46:07.000Z","volume":2000,"label":" ","price":1.82},{"type":"A","date":"2018-03-20T06:47:56.000Z","volume":2000,"label":" ","price":1.83},{"type":"A","date":"2018-03-20T06:48:23.000Z","volume":10000,"label":" ","price":1.83},{"type":"A","date":"2018-03-20T06:48:36.000Z","volume":2000,"label":" ","price":1.83},{"type":"B","date":"2018-03-20T06:49:28.000Z","volume":18000,"label":" ","price":1.82},{"type":"A","date":"2018-03-20T06:50:32.000Z","volume":32000,"label":" ","price":1.82},{"type":"B","date":"2018-03-20T06:50:40.000Z","volume":52000,"label":" ","price":1.82},{"type":"B","date":"2018-03-20T06:50:40.000Z","volume":58000,"label":" ","price":1.82},{"type":"A","date":"2018-03-20T06:50:41.000Z","volume":2000,"label":" ","price":1.83},{"type":"B","date":"2018-03-20T06:50:41.000Z","volume":18000,"label":" ","price":1.82},{"type":"A","date":"2018-03-20T06:51:56.000Z","volume":2000,"label":" ","price":1.83},{"type":"A","date":"2018-03-20T06:53:01.000Z","volume":100000,"label":" ","price":1.83},{"type":"A","date":"2018-03-20T06:56:37.000Z","volume":6000,"label":" ","price":1.83},{"type":"A","date":"2018-03-20T06:58:08.000Z","volume":10000,"label":" ","price":1.83},{"type":"B","date":"2018-03-20T07:06:19.000Z","volume":50000,"label":" ","price":1.82},{"type":"A","date":"2018-03-20T07:06:56.000Z","volume":6000,"label":" ","price":1.82},{"type":"B","date":"2018-03-20T07:10:09.000Z","volume":16000,"label":" ","price":1.81},{"type":"A","date":"2018-03-20T07:10:38.000Z","volume":4000,"label":" ","price":1.81},{"type":"B","date":"2018-03-20T07:12:47.000Z","volume":20000,"label":" ","price":1.8},{"type":"A","date":"2018-03-20T07:12:52.000Z","volume":2000,"label":" ","price":1.81},{"type":"A","date":"2018-03-20T07:13:43.000Z","volume":6000,"label":" ","price":1.81},{"type":"A","date":"2018-03-20T07:15:09.000Z","volume":2000,"label":" ","price":1.82},{"type":"B","date":"2018-03-20T07:18:42.000Z","volume":24000,"label":" ","price":1.81},{"type":"A","date":"2018-03-20T07:18:53.000Z","volume":4000,"label":" ","price":1.81},{"type":"A","date":"2018-03-20T07:19:52.000Z","volume":6000,"label":" ","price":1.81},{"type":"A","date":"2018-03-20T07:20:49.000Z","volume":16000,"label":" ","price":1.81},{"type":"A","date":"2018-03-20T07:26:54.000Z","volume":14000,"label":" ","price":1.81},{"type":"B","date":"2018-03-20T07:27:28.000Z","volume":38000,"label":" ","price":1.8},{"type":"A","date":"2018-03-20T07:27:36.000Z","volume":12000,"label":" ","price":1.8},{"type":"A","date":"2018-03-20T07:27:36.000Z","volume":8000,"label":" ","price":1.81},{"type":"A","date":"2018-03-20T07:28:08.000Z","volume":54000,"label":" ","price":1.81},{"type":"A","date":"2018-03-20T07:28:08.000Z","volume":46000,"label":" ","price":1.82},{"type":"A","date":"2018-03-20T07:31:15.000Z","volume":6000,"label":" ","price":1.81},{"type":"A","date":"2018-03-20T07:34:01.000Z","volume":10000,"label":" ","price":1.81},{"type":"A","date":"2018-03-20T07:35:15.000Z","volume":2000,"label":" ","price":1.81},{"type":"A","date":"2018-03-20T07:35:15.000Z","volume":6000,"label":"Y","price":1.82},{"type":"A","date":"2018-03-20T07:35:44.000Z","volume":100000,"label":" ","price":1.82},{"type":"A","date":"2018-03-20T07:36:40.000Z","volume":22000,"label":" ","price":1.82},{"type":"A","date":"2018-03-20T07:38:12.000Z","volume":258000,"label":" ","price":1.83},{"type":"A","date":"2018-03-20T07:38:16.000Z","volume":2000,"label":" ","price":1.84},{"type":"A","date":"2018-03-20T07:39:04.000Z","volume":100000,"label":" ","price":1.84},{"type":"A","date":"2018-03-20T07:39:07.000Z","volume":6000,"label":"Y","price":1.84},{"type":"A","date":"2018-03-20T07:39:07.000Z","volume":4000,"label":" ","price":1.84},{"type":"A","date":"2018-03-20T07:39:10.000Z","volume":10000,"label":" ","price":1.84},{"type":"A","date":"2018-03-20T07:39:36.000Z","volume":2000,"label":" ","price":1.84},{"type":"B","date":"2018-03-20T07:44:04.000Z","volume":10000,"label":" ","price":1.83},{"type":"A","date":"2018-03-20T07:50:51.000Z","volume":52000,"label":" ","price":1.84},{"type":"A","date":"2018-03-20T07:50:51.000Z","volume":148000,"label":" ","price":1.85},{"type":"A","date":"2018-03-20T07:51:34.000Z","volume":2000,"label":" ","price":1.84},{"type":"A","date":"2018-03-20T07:52:00.000Z","volume":100000,"label":" ","price":1.85},{"type":"A","date":"2018-03-20T07:52:02.000Z","volume":4000,"label":" ","price":1.85},{"type":"A","date":"2018-03-20T07:52:02.000Z","volume":34000,"label":" ","price":1.85},{"type":"B","date":"2018-03-20T07:52:58.000Z","volume":10000,"label":" ","price":1.85},{"type":"A","date":"2018-03-20T07:52:59.000Z","volume":2000,"label":" ","price":1.86},{"type":"A","date":"2018-03-20T07:53:00.000Z","volume":2000,"label":" ","price":1.86},{"type":"A","date":"2018-03-20T07:53:01.000Z","volume":2000,"label":" ","price":1.86},{"type":"A","date":"2018-03-20T07:53:01.000Z","volume":20000,"label":" ","price":1.86},{"type":"U","date":"2018-03-20T07:53:02.000Z","volume":840,"label":"D","price":1.81},{"type":"A","date":"2018-03-20T07:53:10.000Z","volume":66000,"label":" ","price":1.86},{"type":"A","date":"2018-03-20T07:53:12.000Z","volume":128000,"label":" ","price":1.86},{"type":"A","date":"2018-03-20T07:53:17.000Z","volume":92000,"label":" ","price":1.86},{"type":"B","date":"2018-03-20T07:53:19.000Z","volume":8000,"label":" ","price":1.86},{"type":"A","date":"2018-03-20T07:53:39.000Z","volume":14000,"label":" ","price":1.86},{"type":"B","date":"2018-03-20T07:53:42.000Z","volume":6000,"label":" ","price":1.86},{"type":"A","date":"2018-03-20T07:55:03.000Z","volume":6000,"label":" ","price":1.86},{"type":"A","date":"2018-03-20T07:55:14.000Z","volume":28000,"label":" ","price":1.86},{"type":"B","date":"2018-03-20T07:55:15.000Z","volume":2000,"label":" ","price":1.86},{"type":"A","date":"2018-03-20T07:55:19.000Z","volume":2000,"label":" ","price":1.86},{"type":"A","date":"2018-03-20T07:56:30.000Z","volume":10000,"label":" ","price":1.86},{"type":"A","date":"2018-03-20T07:56:40.000Z","volume":10000,"label":" ","price":1.86},{"type":"A","date":"2018-03-20T07:57:03.000Z","volume":20000,"label":" ","price":1.86},{"type":"A","date":"2018-03-20T07:57:05.000Z","volume":100000,"label":" ","price":1.86},{"type":"A","date":"2018-03-20T07:57:21.000Z","volume":8000,"label":" ","price":1.86},{"type":"A","date":"2018-03-20T07:57:24.000Z","volume":54000,"label":" ","price":1.86},{"type":"A","date":"2018-03-20T07:57:24.000Z","volume":24000,"label":" ","price":1.87},{"type":"B","date":"2018-03-20T07:57:37.000Z","volume":6000,"label":" ","price":1.86},{"type":"A","date":"2018-03-20T07:57:39.000Z","volume":54000,"label":" ","price":1.87},{"type":"A","date":"2018-03-20T07:58:18.000Z","volume":10000,"label":" ","price":1.87},{"type":"A","date":"2018-03-20T07:58:29.000Z","volume":30000,"label":" ","price":1.87},{"type":"B","date":"2018-03-20T07:58:59.000Z","volume":48000,"label":" ","price":1.86},{"type":"B","date":"2018-03-20T07:59:02.000Z","volume":20000,"label":" ","price":1.86},{"type":"B","date":"2018-03-20T07:59:10.000Z","volume":6000,"label":" ","price":1.86},{"type":"A","date":"2018-03-20T07:59:21.000Z","volume":20000,"label":" ","price":1.87},{"type":"A","date":"2018-03-20T07:59:34.000Z","volume":20000,"label":" ","price":1.87},{"type":"A","date":"2018-03-20T07:59:39.000Z","volume":50000,"label":" ","price":1.87},{"type":"A","date":"2018-03-20T07:59:45.000Z","volume":10000,"label":" ","price":1.87},{"type":"B","date":"2018-03-20T07:59:53.000Z","volume":20000,"label":" ","price":1.86},{"type":"B","date":"2018-03-20T07:59:57.000Z","volume":6000,"label":" ","price":1.86}]