[{"type":"U","date":"2018-03-27T01:35:15.000Z","volume":5000,"label":" ","price":2.91},{"type":"B","date":"2018-03-27T01:36:01.000Z","volume":1000,"label":" ","price":2.9},{"type":"B","date":"2018-03-27T01:36:01.000Z","volume":15000,"label":" ","price":2.9},{"type":"B","date":"2018-03-27T01:36:11.000Z","volume":4000,"label":" ","price":2.9},{"type":"A","date":"2018-03-27T01:36:11.000Z","volume":1000,"label":" ","price":2.91},{"type":"A","date":"2018-03-27T01:36:17.000Z","volume":1000,"label":" ","price":2.91},{"type":"B","date":"2018-03-27T01:36:21.000Z","volume":1000,"label":" ","price":2.9},{"type":"B","date":"2018-03-27T01:36:31.000Z","volume":1000,"label":" ","price":2.9},{"type":"A","date":"2018-03-27T01:38:03.000Z","volume":6000,"label":" ","price":2.91},{"type":"B","date":"2018-03-27T01:38:31.000Z","volume":7000,"label":" ","price":2.9},{"type":"B","date":"2018-03-27T01:38:31.000Z","volume":8000,"label":" ","price":2.9},{"type":"B","date":"2018-03-27T01:38:41.000Z","volume":4000,"label":" ","price":2.9},{"type":"B","date":"2018-03-27T01:39:21.000Z","volume":1000,"label":" ","price":2.9},{"type":"B","date":"2018-03-27T01:39:21.000Z","volume":3000,"label":" ","price":2.9},{"type":"A","date":"2018-03-27T01:41:29.000Z","volume":9000,"label":" ","price":2.91},{"type":"B","date":"2018-03-27T01:41:31.000Z","volume":13000,"label":" ","price":2.9},{"type":"B","date":"2018-03-27T01:41:37.000Z","volume":5000,"label":" ","price":2.9},{"type":"B","date":"2018-03-27T01:43:17.000Z","volume":1000,"label":" ","price":2.9},{"type":"B","date":"2018-03-27T01:45:10.000Z","volume":29000,"label":" ","price":2.9},{"type":"B","date":"2018-03-27T01:45:11.000Z","volume":1000,"label":" ","price":2.9},{"type":"A","date":"2018-03-27T01:49:07.000Z","volume":2000,"label":" ","price":2.91},{"type":"A","date":"2018-03-27T01:49:35.000Z","volume":5000,"label":" ","price":2.91},{"type":"B","date":"2018-03-27T01:50:11.000Z","volume":5000,"label":" ","price":2.9},{"type":"B","date":"2018-03-27T01:50:47.000Z","volume":5000,"label":" ","price":2.9},{"type":"B","date":"2018-03-27T01:53:41.000Z","volume":3000,"label":" ","price":2.9},{"type":"B","date":"2018-03-27T01:54:37.000Z","volume":5000,"label":" ","price":2.9},{"type":"B","date":"2018-03-27T01:57:30.000Z","volume":1000,"label":" ","price":2.9},{"type":"B","date":"2018-03-27T02:02:01.000Z","volume":5000,"label":" ","price":2.9},{"type":"B","date":"2018-03-27T02:02:55.000Z","volume":5000,"label":" ","price":2.9},{"type":"B","date":"2018-03-27T02:04:41.000Z","volume":63000,"label":" ","price":2.9},{"type":"B","date":"2018-03-27T02:04:41.000Z","volume":2000,"label":" ","price":2.9},{"type":"B","date":"2018-03-27T02:08:48.000Z","volume":5000,"label":" ","price":2.89},{"type":"B","date":"2018-03-27T02:10:55.000Z","volume":5000,"label":" ","price":2.88},{"type":"B","date":"2018-03-27T02:11:50.000Z","volume":5000,"label":"Y","price":2.88},{"type":"A","date":"2018-03-27T02:14:51.000Z","volume":6000,"label":" ","price":2.89},{"type":"A","date":"2018-03-27T02:15:04.000Z","volume":2000,"label":" ","price":2.89},{"type":"B","date":"2018-03-27T02:19:51.000Z","volume":80000,"label":" ","price":2.88},{"type":"A","date":"2018-03-27T02:19:57.000Z","volume":3000,"label":" ","price":2.88},{"type":"B","date":"2018-03-27T02:19:57.000Z","volume":8000,"label":" ","price":2.87},{"type":"A","date":"2018-03-27T02:20:03.000Z","volume":1000,"label":" ","price":2.88},{"type":"A","date":"2018-03-27T02:27:06.000Z","volume":16000,"label":" ","price":2.88},{"type":"B","date":"2018-03-27T02:28:02.000Z","volume":1000,"label":" ","price":2.87},{"type":"A","date":"2018-03-27T02:39:25.000Z","volume":10000,"label":" ","price":2.88},{"type":"A","date":"2018-03-27T02:42:32.000Z","volume":30000,"label":" ","price":2.88},{"type":"A","date":"2018-03-27T02:44:35.000Z","volume":40000,"label":" ","price":2.88},{"type":"B","date":"2018-03-27T02:50:49.000Z","volume":3000,"label":" ","price":2.87},{"type":"A","date":"2018-03-27T02:53:15.000Z","volume":239000,"label":" ","price":2.88},{"type":"A","date":"2018-03-27T02:59:07.000Z","volume":150000,"label":" ","price":2.89},{"type":"A","date":"2018-03-27T02:59:07.000Z","volume":8000,"label":" ","price":2.89},{"type":"A","date":"2018-03-27T02:59:07.000Z","volume":14000,"label":" ","price":2.89},{"type":"B","date":"2018-03-27T03:02:02.000Z","volume":15000,"label":" ","price":2.88},{"type":"A","date":"2018-03-27T03:04:13.000Z","volume":6000,"label":" ","price":2.89},{"type":"A","date":"2018-03-27T03:07:39.000Z","volume":1000,"label":" ","price":2.89},{"type":"B","date":"2018-03-27T03:21:34.000Z","volume":4000,"label":" ","price":2.88},{"type":"A","date":"2018-03-27T03:23:38.000Z","volume":1000,"label":" ","price":2.89},{"type":"A","date":"2018-03-27T03:24:10.000Z","volume":1000,"label":" ","price":2.89},{"type":"A","date":"2018-03-27T03:27:07.000Z","volume":1000,"label":" ","price":2.89},{"type":"A","date":"2018-03-27T03:27:10.000Z","volume":1000,"label":" ","price":2.89},{"type":"A","date":"2018-03-27T03:29:13.000Z","volume":1000,"label":" ","price":2.89},{"type":"A","date":"2018-03-27T03:30:31.000Z","volume":2000,"label":" ","price":2.89},{"type":"A","date":"2018-03-27T03:31:10.000Z","volume":1000,"label":" ","price":2.89},{"type":"A","date":"2018-03-27T03:36:40.000Z","volume":1000,"label":" ","price":2.89},{"type":"A","date":"2018-03-27T03:37:46.000Z","volume":1000,"label":" ","price":2.89},{"type":"A","date":"2018-03-27T03:42:34.000Z","volume":1000,"label":" ","price":2.89},{"type":"A","date":"2018-03-27T03:44:40.000Z","volume":1000,"label":" ","price":2.89},{"type":"A","date":"2018-03-27T03:45:44.000Z","volume":1000,"label":" ","price":2.89},{"type":"B","date":"2018-03-27T03:51:43.000Z","volume":1000,"label":" ","price":2.88},{"type":"A","date":"2018-03-27T03:55:47.000Z","volume":1000,"label":" ","price":2.89},{"type":"A","date":"2018-03-27T05:02:42.000Z","volume":1000,"label":" ","price":2.89},{"type":"A","date":"2018-03-27T05:04:04.000Z","volume":1000,"label":" ","price":2.89},{"type":"A","date":"2018-03-27T05:05:29.000Z","volume":10000,"label":" ","price":2.89},{"type":"A","date":"2018-03-27T05:07:03.000Z","volume":2000,"label":" ","price":2.89},{"type":"A","date":"2018-03-27T05:17:42.000Z","volume":1000,"label":" ","price":2.89},{"type":"A","date":"2018-03-27T05:25:12.000Z","volume":1000,"label":" ","price":2.89},{"type":"A","date":"2018-03-27T05:34:13.000Z","volume":1000,"label":" ","price":2.89},{"type":"A","date":"2018-03-27T05:42:17.000Z","volume":7000,"label":" ","price":2.89},{"type":"A","date":"2018-03-27T05:42:26.000Z","volume":15000,"label":" ","price":2.89},{"type":"A","date":"2018-03-27T05:43:11.000Z","volume":5000,"label":" ","price":2.89},{"type":"A","date":"2018-03-27T05:43:13.000Z","volume":1000,"label":" ","price":2.89},{"type":"A","date":"2018-03-27T05:49:17.000Z","volume":2000,"label":" ","price":2.89},{"type":"A","date":"2018-03-27T05:52:13.000Z","volume":1000,"label":" ","price":2.89},{"type":"A","date":"2018-03-27T05:52:13.000Z","volume":1000,"label":" ","price":2.89},{"type":"A","date":"2018-03-27T05:56:24.000Z","volume":1000,"label":" ","price":2.89},{"type":"A","date":"2018-03-27T06:00:11.000Z","volume":1000,"label":" ","price":2.89},{"type":"A","date":"2018-03-27T06:03:11.000Z","volume":1000,"label":" ","price":2.89},{"type":"A","date":"2018-03-27T06:03:58.000Z","volume":1000,"label":" ","price":2.89},{"type":"A","date":"2018-03-27T06:07:36.000Z","volume":91000,"label":" ","price":2.89},{"type":"A","date":"2018-03-27T06:09:14.000Z","volume":1000,"label":" ","price":2.89},{"type":"A","date":"2018-03-27T06:09:34.000Z","volume":21000,"label":" ","price":2.89},{"type":"A","date":"2018-03-27T06:13:16.000Z","volume":1000,"label":" ","price":2.89},{"type":"A","date":"2018-03-27T06:15:37.000Z","volume":1000,"label":" ","price":2.89},{"type":"A","date":"2018-03-27T06:16:28.000Z","volume":150000,"label":" ","price":2.89},{"type":"A","date":"2018-03-27T06:16:28.000Z","volume":4000,"label":" ","price":2.89},{"type":"A","date":"2018-03-27T06:16:28.000Z","volume":3000,"label":" ","price":2.89},{"type":"A","date":"2018-03-27T06:16:49.000Z","volume":5000,"label":" ","price":2.89},{"type":"A","date":"2018-03-27T06:17:22.000Z","volume":80000,"label":" ","price":2.89},{"type":"A","date":"2018-03-27T06:17:25.000Z","volume":1000,"label":"Y","price":2.89},{"type":"A","date":"2018-03-27T06:17:25.000Z","volume":36000,"label":" ","price":2.89},{"type":"A","date":"2018-03-27T06:17:25.000Z","volume":32000,"label":" ","price":2.89},{"type":"A","date":"2018-03-27T06:17:25.000Z","volume":20000,"label":" ","price":2.89},{"type":"A","date":"2018-03-27T06:17:25.000Z","volume":19000,"label":" ","price":2.89},{"type":"A","date":"2018-03-27T06:17:49.000Z","volume":76000,"label":" ","price":2.9},{"type":"A","date":"2018-03-27T06:17:51.000Z","volume":5000,"label":" ","price":2.91},{"type":"B","date":"2018-03-27T06:17:51.000Z","volume":1000,"label":" ","price":2.89},{"type":"A","date":"2018-03-27T06:18:16.000Z","volume":14000,"label":" ","price":2.93},{"type":"A","date":"2018-03-27T06:18:16.000Z","volume":2000,"label":" ","price":2.94},{"type":"A","date":"2018-03-27T06:18:16.000Z","volume":4000,"label":" ","price":2.94},{"type":"A","date":"2018-03-27T06:18:48.000Z","volume":20000,"label":" ","price":2.93},{"type":"A","date":"2018-03-27T06:18:48.000Z","volume":5000,"label":" ","price":2.93},{"type":"A","date":"2018-03-27T06:18:48.000Z","volume":6000,"label":" ","price":2.94},{"type":"U","date":"2018-03-27T06:19:10.000Z","volume":14000,"label":" ","price":2.93},{"type":"U","date":"2018-03-27T06:19:10.000Z","volume":11000,"label":" ","price":2.93},{"type":"B","date":"2018-03-27T06:19:10.000Z","volume":5000,"label":" ","price":2.93},{"type":"A","date":"2018-03-27T06:19:14.000Z","volume":1000,"label":" ","price":2.94},{"type":"A","date":"2018-03-27T06:19:33.000Z","volume":6000,"label":" ","price":2.94},{"type":"A","date":"2018-03-27T06:19:33.000Z","volume":9000,"label":" ","price":2.94},{"type":"A","date":"2018-03-27T06:19:51.000Z","volume":22000,"label":" ","price":2.94},{"type":"A","date":"2018-03-27T06:19:51.000Z","volume":33000,"label":" ","price":2.94},{"type":"U","date":"2018-03-27T06:19:51.000Z","volume":5000,"label":" ","price":2.94},{"type":"B","date":"2018-03-27T06:19:53.000Z","volume":6000,"label":" ","price":2.94},{"type":"B","date":"2018-03-27T06:19:53.000Z","volume":1000,"label":" ","price":2.94},{"type":"U","date":"2018-03-27T06:20:12.000Z","volume":41000,"label":" ","price":2.94},{"type":"A","date":"2018-03-27T06:20:12.000Z","volume":8000,"label":" ","price":2.95},{"type":"B","date":"2018-03-27T06:20:18.000Z","volume":10000,"label":" ","price":2.94},{"type":"B","date":"2018-03-27T06:20:21.000Z","volume":1000,"label":" ","price":2.93},{"type":"A","date":"2018-03-27T06:20:21.000Z","volume":46000,"label":" ","price":2.95},{"type":"A","date":"2018-03-27T06:20:21.000Z","volume":1000,"label":" ","price":2.95},{"type":"B","date":"2018-03-27T06:25:25.000Z","volume":3000,"label":" ","price":2.94},{"type":"A","date":"2018-03-27T06:26:51.000Z","volume":10000,"label":" ","price":2.95},{"type":"B","date":"2018-03-27T06:27:23.000Z","volume":43000,"label":" ","price":2.94},{"type":"A","date":"2018-03-27T06:28:17.000Z","volume":1000,"label":" ","price":2.95},{"type":"B","date":"2018-03-27T06:28:42.000Z","volume":14000,"label":" ","price":2.94},{"type":"A","date":"2018-03-27T06:28:44.000Z","volume":10000,"label":" ","price":2.94},{"type":"B","date":"2018-03-27T06:29:12.000Z","volume":12000,"label":" ","price":2.93},{"type":"B","date":"2018-03-27T06:29:12.000Z","volume":5000,"label":" ","price":2.92},{"type":"B","date":"2018-03-27T06:29:43.000Z","volume":13000,"label":" ","price":2.92},{"type":"A","date":"2018-03-27T06:30:36.000Z","volume":110000,"label":" ","price":2.94},{"type":"A","date":"2018-03-27T06:30:36.000Z","volume":1000,"label":" ","price":2.94},{"type":"A","date":"2018-03-27T06:31:01.000Z","volume":34000,"label":" ","price":2.95},{"type":"B","date":"2018-03-27T06:31:38.000Z","volume":45000,"label":" ","price":2.93},{"type":"A","date":"2018-03-27T06:32:04.000Z","volume":45000,"label":" ","price":2.95},{"type":"A","date":"2018-03-27T06:32:14.000Z","volume":5000,"label":" ","price":2.95},{"type":"B","date":"2018-03-27T06:32:43.000Z","volume":39000,"label":" ","price":2.94},{"type":"B","date":"2018-03-27T06:33:07.000Z","volume":56000,"label":" ","price":2.92},{"type":"B","date":"2018-03-27T06:33:07.000Z","volume":1000,"label":" ","price":2.91},{"type":"A","date":"2018-03-27T06:33:54.000Z","volume":27000,"label":" ","price":2.95},{"type":"B","date":"2018-03-27T06:34:23.000Z","volume":40000,"label":" ","price":2.92},{"type":"B","date":"2018-03-27T06:34:23.000Z","volume":17000,"label":" ","price":2.92},{"type":"B","date":"2018-03-27T06:36:48.000Z","volume":8000,"label":" ","price":2.91},{"type":"B","date":"2018-03-27T06:40:20.000Z","volume":1000,"label":" ","price":2.9},{"type":"B","date":"2018-03-27T06:42:23.000Z","volume":16000,"label":" ","price":2.9},{"type":"U","date":"2018-03-27T06:44:29.000Z","volume":8000,"label":" ","price":2.91},{"type":"B","date":"2018-03-27T06:44:52.000Z","volume":26000,"label":" ","price":2.91},{"type":"A","date":"2018-03-27T06:44:57.000Z","volume":6000,"label":" ","price":2.92},{"type":"B","date":"2018-03-27T06:45:18.000Z","volume":5000,"label":" ","price":2.9},{"type":"A","date":"2018-03-27T06:48:13.000Z","volume":2000,"label":" ","price":2.92},{"type":"B","date":"2018-03-27T06:48:22.000Z","volume":8000,"label":" ","price":2.9},{"type":"B","date":"2018-03-27T06:49:39.000Z","volume":14000,"label":" ","price":2.89},{"type":"B","date":"2018-03-27T06:49:39.000Z","volume":8000,"label":" ","price":2.89},{"type":"B","date":"2018-03-27T06:49:39.000Z","volume":22000,"label":" ","price":2.89},{"type":"U","date":"2018-03-27T06:49:47.000Z","volume":5000,"label":" ","price":2.9},{"type":"A","date":"2018-03-27T06:50:37.000Z","volume":8000,"label":" ","price":2.92},{"type":"A","date":"2018-03-27T06:52:48.000Z","volume":10000,"label":" ","price":2.92},{"type":"U","date":"2018-03-27T06:54:39.000Z","volume":1000,"label":" ","price":2.9},{"type":"B","date":"2018-03-27T07:02:13.000Z","volume":1000,"label":" ","price":2.9},{"type":"B","date":"2018-03-27T07:02:20.000Z","volume":2000,"label":" ","price":2.9},{"type":"A","date":"2018-03-27T07:03:13.000Z","volume":1000,"label":" ","price":2.91},{"type":"A","date":"2018-03-27T07:04:48.000Z","volume":3000,"label":" ","price":2.91},{"type":"B","date":"2018-03-27T07:08:13.000Z","volume":10000,"label":" ","price":2.9},{"type":"B","date":"2018-03-27T07:17:19.000Z","volume":1000,"label":" ","price":2.9},{"type":"A","date":"2018-03-27T07:35:16.000Z","volume":45000,"label":" ","price":2.91},{"type":"B","date":"2018-03-27T07:35:43.000Z","volume":1000,"label":" ","price":2.9},{"type":"A","date":"2018-03-27T07:36:35.000Z","volume":31000,"label":" ","price":2.91},{"type":"A","date":"2018-03-27T07:37:45.000Z","volume":7000,"label":" ","price":2.91},{"type":"A","date":"2018-03-27T07:40:07.000Z","volume":141000,"label":" ","price":2.91},{"type":"A","date":"2018-03-27T07:40:37.000Z","volume":39000,"label":" ","price":2.92},{"type":"A","date":"2018-03-27T07:43:01.000Z","volume":74000,"label":" ","price":2.93},{"type":"A","date":"2018-03-27T07:43:23.000Z","volume":22000,"label":" ","price":2.94},{"type":"A","date":"2018-03-27T07:44:30.000Z","volume":1000,"label":" ","price":2.94},{"type":"A","date":"2018-03-27T07:46:27.000Z","volume":1000,"label":" ","price":2.94},{"type":"B","date":"2018-03-27T07:49:36.000Z","volume":10000,"label":" ","price":2.93},{"type":"B","date":"2018-03-27T07:49:36.000Z","volume":8000,"label":" ","price":2.93},{"type":"B","date":"2018-03-27T07:51:16.000Z","volume":3000,"label":" ","price":2.93},{"type":"A","date":"2018-03-27T07:51:30.000Z","volume":5000,"label":" ","price":2.94},{"type":"B","date":"2018-03-27T07:54:41.000Z","volume":1000,"label":" ","price":2.93},{"type":"B","date":"2018-03-27T07:54:42.000Z","volume":14000,"label":" ","price":2.93},{"type":"A","date":"2018-03-27T07:57:50.000Z","volume":10000,"label":" ","price":2.93},{"type":"A","date":"2018-03-27T07:59:10.000Z","volume":1000,"label":" ","price":2.93},{"type":"B","date":"2018-03-27T07:59:12.000Z","volume":1000,"label":" ","price":2.91}]