[{"type":"U","date":"2018-04-17T01:20:00.000Z","volume":36000,"label":"U","price":2},{"type":"A","date":"2018-04-17T01:30:52.000Z","volume":8000,"label":" ","price":1.99},{"type":"B","date":"2018-04-17T01:31:23.000Z","volume":4000,"label":" ","price":1.98},{"type":"B","date":"2018-04-17T01:31:23.000Z","volume":10000,"label":" ","price":1.98},{"type":"B","date":"2018-04-17T01:31:24.000Z","volume":2000,"label":" ","price":1.98},{"type":"B","date":"2018-04-17T01:34:26.000Z","volume":22000,"label":" ","price":1.98},{"type":"A","date":"2018-04-17T01:34:26.000Z","volume":2000,"label":" ","price":1.98},{"type":"A","date":"2018-04-17T01:34:26.000Z","volume":4000,"label":" ","price":1.98},{"type":"B","date":"2018-04-17T01:34:42.000Z","volume":4000,"label":" ","price":1.97},{"type":"A","date":"2018-04-17T01:34:44.000Z","volume":10000,"label":" ","price":1.98},{"type":"A","date":"2018-04-17T01:34:44.000Z","volume":4000,"label":" ","price":1.98},{"type":"A","date":"2018-04-17T01:38:17.000Z","volume":2000,"label":" ","price":1.98},{"type":"A","date":"2018-04-17T01:41:58.000Z","volume":4000,"label":" ","price":1.98},{"type":"A","date":"2018-04-17T01:42:11.000Z","volume":2000,"label":" ","price":1.98},{"type":"B","date":"2018-04-17T01:44:24.000Z","volume":10000,"label":" ","price":1.97},{"type":"B","date":"2018-04-17T01:44:24.000Z","volume":100000,"label":" ","price":1.97},{"type":"B","date":"2018-04-17T01:44:24.000Z","volume":100000,"label":" ","price":1.97},{"type":"B","date":"2018-04-17T01:44:24.000Z","volume":50000,"label":" ","price":1.97},{"type":"U","date":"2018-04-17T01:44:29.000Z","volume":32000,"label":" ","price":1.97},{"type":"A","date":"2018-04-17T01:44:30.000Z","volume":2000,"label":" ","price":1.98},{"type":"U","date":"2018-04-17T01:44:42.000Z","volume":72000,"label":" ","price":1.97},{"type":"U","date":"2018-04-17T01:44:42.000Z","volume":128000,"label":" ","price":1.97},{"type":"U","date":"2018-04-17T01:44:42.000Z","volume":4000,"label":" ","price":1.97},{"type":"B","date":"2018-04-17T01:44:57.000Z","volume":6000,"label":" ","price":1.97},{"type":"A","date":"2018-04-17T01:45:02.000Z","volume":50000,"label":" ","price":1.98},{"type":"A","date":"2018-04-17T01:45:23.000Z","volume":14000,"label":" ","price":1.97},{"type":"A","date":"2018-04-17T01:45:35.000Z","volume":6000,"label":" ","price":1.98},{"type":"A","date":"2018-04-17T01:46:52.000Z","volume":50000,"label":" ","price":1.98},{"type":"A","date":"2018-04-17T01:48:11.000Z","volume":2000,"label":" ","price":1.98},{"type":"B","date":"2018-04-17T01:48:34.000Z","volume":50000,"label":" ","price":1.97},{"type":"A","date":"2018-04-17T01:50:44.000Z","volume":4000,"label":" ","price":1.98},{"type":"A","date":"2018-04-17T01:52:51.000Z","volume":40000,"label":" ","price":1.98},{"type":"U","date":"2018-04-17T02:06:29.000Z","volume":2000,"label":"X","price":1.98},{"type":"A","date":"2018-04-17T02:06:29.000Z","volume":10000,"label":" ","price":1.98},{"type":"B","date":"2018-04-17T02:08:07.000Z","volume":12000,"label":" ","price":1.97},{"type":"B","date":"2018-04-17T02:09:21.000Z","volume":6000,"label":" ","price":1.97},{"type":"B","date":"2018-04-17T02:09:28.000Z","volume":30000,"label":" ","price":1.97},{"type":"B","date":"2018-04-17T02:09:53.000Z","volume":20000,"label":" ","price":1.97},{"type":"A","date":"2018-04-17T02:10:06.000Z","volume":46000,"label":" ","price":1.98},{"type":"A","date":"2018-04-17T02:10:06.000Z","volume":82000,"label":" ","price":1.98},{"type":"A","date":"2018-04-17T02:10:06.000Z","volume":6000,"label":"Y","price":1.98},{"type":"A","date":"2018-04-17T02:10:06.000Z","volume":12000,"label":" ","price":1.98},{"type":"B","date":"2018-04-17T02:10:06.000Z","volume":2000,"label":" ","price":1.97},{"type":"B","date":"2018-04-17T02:12:40.000Z","volume":2000,"label":" ","price":1.97},{"type":"A","date":"2018-04-17T02:19:27.000Z","volume":66000,"label":" ","price":1.99},{"type":"A","date":"2018-04-17T02:20:41.000Z","volume":2000,"label":" ","price":1.99},{"type":"A","date":"2018-04-17T02:20:41.000Z","volume":2000,"label":" ","price":1.99},{"type":"A","date":"2018-04-17T02:20:41.000Z","volume":2000,"label":" ","price":1.99},{"type":"A","date":"2018-04-17T02:20:41.000Z","volume":2000,"label":" ","price":1.99},{"type":"B","date":"2018-04-17T02:29:58.000Z","volume":74000,"label":" ","price":1.99},{"type":"B","date":"2018-04-17T02:29:58.000Z","volume":26000,"label":" ","price":1.99},{"type":"B","date":"2018-04-17T02:29:58.000Z","volume":16000,"label":" ","price":1.99},{"type":"B","date":"2018-04-17T02:29:58.000Z","volume":2000,"label":" ","price":1.98},{"type":"U","date":"2018-04-17T02:30:02.000Z","volume":20000,"label":" ","price":1.99},{"type":"B","date":"2018-04-17T02:31:14.000Z","volume":2000,"label":" ","price":1.98},{"type":"B","date":"2018-04-17T02:32:11.000Z","volume":20000,"label":" ","price":1.98},{"type":"B","date":"2018-04-17T02:32:11.000Z","volume":2000,"label":" ","price":1.98},{"type":"B","date":"2018-04-17T02:32:11.000Z","volume":6000,"label":" ","price":1.99},{"type":"B","date":"2018-04-17T02:32:29.000Z","volume":2000,"label":" ","price":1.99},{"type":"B","date":"2018-04-17T02:32:29.000Z","volume":2000,"label":" ","price":1.99},{"type":"A","date":"2018-04-17T02:35:31.000Z","volume":2000,"label":" ","price":1.99},{"type":"A","date":"2018-04-17T02:38:11.000Z","volume":2000,"label":" ","price":1.99},{"type":"A","date":"2018-04-17T02:38:11.000Z","volume":8000,"label":" ","price":1.99},{"type":"A","date":"2018-04-17T02:44:20.000Z","volume":10000,"label":" ","price":2},{"type":"A","date":"2018-04-17T02:48:17.000Z","volume":64000,"label":" ","price":2},{"type":"A","date":"2018-04-17T02:48:37.000Z","volume":10000,"label":" ","price":2},{"type":"B","date":"2018-04-17T02:51:03.000Z","volume":10000,"label":" ","price":1.99},{"type":"B","date":"2018-04-17T03:03:00.000Z","volume":6000,"label":" ","price":1.99},{"type":"A","date":"2018-04-17T03:05:58.000Z","volume":20000,"label":" ","price":2},{"type":"A","date":"2018-04-17T03:08:49.000Z","volume":10000,"label":" ","price":2},{"type":"A","date":"2018-04-17T03:10:21.000Z","volume":24000,"label":" ","price":2},{"type":"A","date":"2018-04-17T03:10:31.000Z","volume":134000,"label":" ","price":2},{"type":"A","date":"2018-04-17T03:10:31.000Z","volume":8000,"label":" ","price":2},{"type":"B","date":"2018-04-17T03:10:31.000Z","volume":2000,"label":" ","price":2},{"type":"A","date":"2018-04-17T03:10:31.000Z","volume":36000,"label":" ","price":2.01},{"type":"B","date":"2018-04-17T03:10:31.000Z","volume":2000,"label":" ","price":2},{"type":"A","date":"2018-04-17T03:10:32.000Z","volume":2000,"label":" ","price":2.01},{"type":"A","date":"2018-04-17T03:10:32.000Z","volume":2000,"label":" ","price":2.01},{"type":"A","date":"2018-04-17T03:10:32.000Z","volume":2000,"label":" ","price":2.01},{"type":"A","date":"2018-04-17T03:10:33.000Z","volume":6000,"label":" ","price":2.01},{"type":"U","date":"2018-04-17T03:10:38.000Z","volume":2000,"label":"X","price":2.005},{"type":"B","date":"2018-04-17T03:12:11.000Z","volume":100000,"label":" ","price":2},{"type":"B","date":"2018-04-17T03:12:11.000Z","volume":14000,"label":" ","price":2},{"type":"B","date":"2018-04-17T03:12:11.000Z","volume":2000,"label":" ","price":1.99},{"type":"B","date":"2018-04-17T03:12:15.000Z","volume":2000,"label":" ","price":1.99},{"type":"B","date":"2018-04-17T03:14:26.000Z","volume":2000,"label":" ","price":1.99},{"type":"B","date":"2018-04-17T03:15:24.000Z","volume":30000,"label":"Y","price":1.99},{"type":"B","date":"2018-04-17T03:15:24.000Z","volume":120000,"label":" ","price":1.99},{"type":"B","date":"2018-04-17T03:15:24.000Z","volume":4000,"label":" ","price":1.98},{"type":"B","date":"2018-04-17T03:15:55.000Z","volume":32000,"label":" ","price":1.98},{"type":"B","date":"2018-04-17T03:15:55.000Z","volume":4000,"label":" ","price":1.98},{"type":"B","date":"2018-04-17T03:15:56.000Z","volume":68000,"label":"Y","price":1.98},{"type":"B","date":"2018-04-17T03:15:56.000Z","volume":64000,"label":" ","price":1.98},{"type":"A","date":"2018-04-17T03:15:56.000Z","volume":18000,"label":" ","price":1.98},{"type":"B","date":"2018-04-17T03:15:56.000Z","volume":2000,"label":" ","price":1.97},{"type":"B","date":"2018-04-17T03:16:50.000Z","volume":22000,"label":" ","price":1.97},{"type":"B","date":"2018-04-17T03:17:30.000Z","volume":22000,"label":" ","price":1.97},{"type":"B","date":"2018-04-17T03:17:30.000Z","volume":4000,"label":" ","price":1.97},{"type":"B","date":"2018-04-17T03:18:10.000Z","volume":22000,"label":" ","price":1.97},{"type":"B","date":"2018-04-17T03:18:50.000Z","volume":8000,"label":" ","price":1.97},{"type":"A","date":"2018-04-17T03:19:08.000Z","volume":4000,"label":"Y","price":1.98},{"type":"A","date":"2018-04-17T03:19:08.000Z","volume":2000,"label":" ","price":1.98},{"type":"A","date":"2018-04-17T03:19:59.000Z","volume":26000,"label":" ","price":1.98},{"type":"A","date":"2018-04-17T03:19:59.000Z","volume":14000,"label":" ","price":1.98},{"type":"B","date":"2018-04-17T03:19:59.000Z","volume":2000,"label":" ","price":1.98},{"type":"B","date":"2018-04-17T03:19:59.000Z","volume":6000,"label":" ","price":1.98},{"type":"B","date":"2018-04-17T03:19:59.000Z","volume":2000,"label":" ","price":1.97},{"type":"A","date":"2018-04-17T03:23:33.000Z","volume":8000,"label":" ","price":1.99},{"type":"A","date":"2018-04-17T03:23:52.000Z","volume":8000,"label":" ","price":1.99},{"type":"B","date":"2018-04-17T03:29:10.000Z","volume":20000,"label":" ","price":1.98},{"type":"B","date":"2018-04-17T03:37:24.000Z","volume":10000,"label":" ","price":1.98},{"type":"B","date":"2018-04-17T03:37:24.000Z","volume":2000,"label":" ","price":1.98},{"type":"B","date":"2018-04-17T03:37:24.000Z","volume":10000,"label":"Y","price":1.97},{"type":"B","date":"2018-04-17T03:45:58.000Z","volume":4000,"label":" ","price":1.98},{"type":"B","date":"2018-04-17T03:45:58.000Z","volume":6000,"label":" ","price":1.97},{"type":"B","date":"2018-04-17T03:48:55.000Z","volume":6000,"label":" ","price":1.98},{"type":"A","date":"2018-04-17T05:00:45.000Z","volume":20000,"label":"Y","price":1.99},{"type":"A","date":"2018-04-17T05:00:45.000Z","volume":50000,"label":" ","price":1.99},{"type":"A","date":"2018-04-17T05:00:45.000Z","volume":4000,"label":" ","price":1.99},{"type":"A","date":"2018-04-17T05:02:05.000Z","volume":50000,"label":" ","price":1.99},{"type":"A","date":"2018-04-17T05:02:05.000Z","volume":8000,"label":" ","price":1.99},{"type":"A","date":"2018-04-17T05:06:02.000Z","volume":2000,"label":" ","price":1.99},{"type":"A","date":"2018-04-17T05:06:02.000Z","volume":2000,"label":" ","price":1.99},{"type":"B","date":"2018-04-17T05:06:02.000Z","volume":2000,"label":" ","price":1.99},{"type":"A","date":"2018-04-17T05:06:27.000Z","volume":10000,"label":" ","price":2},{"type":"U","date":"2018-04-17T05:06:41.000Z","volume":2000,"label":"X","price":1.995},{"type":"B","date":"2018-04-17T05:07:09.000Z","volume":20000,"label":" ","price":1.99},{"type":"B","date":"2018-04-17T05:12:10.000Z","volume":24000,"label":" ","price":1.99},{"type":"A","date":"2018-04-17T05:12:25.000Z","volume":6000,"label":" ","price":1.99},{"type":"A","date":"2018-04-17T05:12:35.000Z","volume":2000,"label":" ","price":1.99},{"type":"A","date":"2018-04-17T05:14:14.000Z","volume":180000,"label":" ","price":1.99},{"type":"A","date":"2018-04-17T05:14:14.000Z","volume":14000,"label":" ","price":1.99},{"type":"B","date":"2018-04-17T05:14:14.000Z","volume":8000,"label":" ","price":1.98},{"type":"B","date":"2018-04-17T05:14:14.000Z","volume":22000,"label":" ","price":1.98},{"type":"B","date":"2018-04-17T05:14:26.000Z","volume":36000,"label":" ","price":1.98},{"type":"A","date":"2018-04-17T05:14:30.000Z","volume":2000,"label":" ","price":1.99},{"type":"B","date":"2018-04-17T05:15:11.000Z","volume":20000,"label":" ","price":1.98},{"type":"A","date":"2018-04-17T05:15:25.000Z","volume":6000,"label":" ","price":1.98},{"type":"B","date":"2018-04-17T05:18:00.000Z","volume":6000,"label":" ","price":1.98},{"type":"B","date":"2018-04-17T05:18:25.000Z","volume":6000,"label":" ","price":1.98},{"type":"B","date":"2018-04-17T05:18:55.000Z","volume":6000,"label":" ","price":1.98},{"type":"B","date":"2018-04-17T05:19:20.000Z","volume":6000,"label":" ","price":1.98},{"type":"B","date":"2018-04-17T05:19:45.000Z","volume":6000,"label":" ","price":1.98},{"type":"B","date":"2018-04-17T05:20:10.000Z","volume":6000,"label":" ","price":1.98},{"type":"B","date":"2018-04-17T05:20:20.000Z","volume":2000,"label":" ","price":1.98},{"type":"B","date":"2018-04-17T05:20:35.000Z","volume":6000,"label":" ","price":1.98},{"type":"B","date":"2018-04-17T05:21:00.000Z","volume":6000,"label":" ","price":1.98},{"type":"B","date":"2018-04-17T05:21:25.000Z","volume":6000,"label":" ","price":1.98},{"type":"B","date":"2018-04-17T05:21:40.000Z","volume":14000,"label":" ","price":1.98},{"type":"B","date":"2018-04-17T05:21:50.000Z","volume":12000,"label":"Y","price":1.97},{"type":"B","date":"2018-04-17T05:21:50.000Z","volume":2000,"label":" ","price":1.97},{"type":"B","date":"2018-04-17T05:22:21.000Z","volume":2000,"label":" ","price":1.97},{"type":"B","date":"2018-04-17T05:23:41.000Z","volume":20000,"label":" ","price":1.97},{"type":"B","date":"2018-04-17T05:23:41.000Z","volume":6000,"label":" ","price":1.97},{"type":"B","date":"2018-04-17T05:24:08.000Z","volume":80000,"label":" ","price":1.97},{"type":"B","date":"2018-04-17T05:24:08.000Z","volume":12000,"label":" ","price":1.97},{"type":"A","date":"2018-04-17T05:24:08.000Z","volume":4000,"label":" ","price":1.97},{"type":"B","date":"2018-04-17T05:24:09.000Z","volume":4000,"label":"Y","price":1.96},{"type":"B","date":"2018-04-17T05:24:09.000Z","volume":2000,"label":" ","price":1.96},{"type":"B","date":"2018-04-17T05:24:09.000Z","volume":36000,"label":" ","price":1.96},{"type":"B","date":"2018-04-17T05:24:09.000Z","volume":2000,"label":" ","price":1.96},{"type":"B","date":"2018-04-17T05:24:21.000Z","volume":6000,"label":" ","price":1.96},{"type":"B","date":"2018-04-17T05:26:15.000Z","volume":8000,"label":" ","price":1.96},{"type":"A","date":"2018-04-17T05:28:43.000Z","volume":28000,"label":" ","price":1.97},{"type":"B","date":"2018-04-17T05:28:43.000Z","volume":2000,"label":" ","price":1.97},{"type":"A","date":"2018-04-17T05:30:15.000Z","volume":12000,"label":" ","price":1.98},{"type":"A","date":"2018-04-17T05:33:06.000Z","volume":80000,"label":" ","price":1.98},{"type":"B","date":"2018-04-17T05:33:06.000Z","volume":6000,"label":" ","price":1.97},{"type":"B","date":"2018-04-17T05:33:06.000Z","volume":36000,"label":" ","price":1.97},{"type":"B","date":"2018-04-17T05:33:06.000Z","volume":10000,"label":" ","price":1.97},{"type":"B","date":"2018-04-17T05:33:06.000Z","volume":10000,"label":" ","price":1.96},{"type":"B","date":"2018-04-17T05:33:07.000Z","volume":10000,"label":" ","price":1.96},{"type":"B","date":"2018-04-17T05:33:07.000Z","volume":6000,"label":" ","price":1.97},{"type":"B","date":"2018-04-17T05:33:10.000Z","volume":6000,"label":" ","price":1.97},{"type":"B","date":"2018-04-17T05:35:34.000Z","volume":2000,"label":" ","price":1.96},{"type":"A","date":"2018-04-17T05:39:02.000Z","volume":2000,"label":" ","price":1.97},{"type":"A","date":"2018-04-17T05:39:25.000Z","volume":4000,"label":"Y","price":1.97},{"type":"A","date":"2018-04-17T05:40:16.000Z","volume":20000,"label":" ","price":1.97},{"type":"A","date":"2018-04-17T05:44:18.000Z","volume":40000,"label":" ","price":1.97},{"type":"B","date":"2018-04-17T05:45:12.000Z","volume":26000,"label":"Y","price":1.96},{"type":"B","date":"2018-04-17T05:45:12.000Z","volume":274000,"label":" ","price":1.96},{"type":"B","date":"2018-04-17T05:45:12.000Z","volume":24000,"label":"Y","price":1.96},{"type":"B","date":"2018-04-17T05:45:12.000Z","volume":46000,"label":" ","price":1.96},{"type":"B","date":"2018-04-17T05:45:12.000Z","volume":6000,"label":" ","price":1.96},{"type":"B","date":"2018-04-17T05:45:12.000Z","volume":14000,"label":" ","price":1.96},{"type":"B","date":"2018-04-17T05:45:12.000Z","volume":10000,"label":"Y","price":1.95},{"type":"B","date":"2018-04-17T05:45:12.000Z","volume":10000,"label":" ","price":1.95},{"type":"B","date":"2018-04-17T05:48:22.000Z","volume":16000,"label":" ","price":1.96},{"type":"B","date":"2018-04-17T05:48:22.000Z","volume":30000,"label":" ","price":1.96},{"type":"B","date":"2018-04-17T05:48:23.000Z","volume":8000,"label":" ","price":1.96},{"type":"B","date":"2018-04-17T05:52:01.000Z","volume":16000,"label":" ","price":1.96},{"type":"B","date":"2018-04-17T05:52:01.000Z","volume":8000,"label":" ","price":1.96},{"type":"A","date":"2018-04-17T05:52:57.000Z","volume":16000,"label":" ","price":1.96},{"type":"B","date":"2018-04-17T05:53:06.000Z","volume":6000,"label":" ","price":1.96},{"type":"B","date":"2018-04-17T05:53:06.000Z","volume":294000,"label":" ","price":1.95},{"type":"U","date":"2018-04-17T05:53:06.000Z","volume":24000,"label":" ","price":1.96},{"type":"B","date":"2018-04-17T05:55:00.000Z","volume":150000,"label":" ","price":1.95},{"type":"A","date":"2018-04-17T05:55:18.000Z","volume":2000,"label":" ","price":1.96},{"type":"A","date":"2018-04-17T05:55:18.000Z","volume":12000,"label":" ","price":1.96},{"type":"B","date":"2018-04-17T05:56:14.000Z","volume":42000,"label":" ","price":1.95},{"type":"A","date":"2018-04-17T05:56:15.000Z","volume":4000,"label":" ","price":1.95},{"type":"A","date":"2018-04-17T05:56:40.000Z","volume":4000,"label":" ","price":1.95},{"type":"A","date":"2018-04-17T05:58:07.000Z","volume":4000,"label":" ","price":1.95},{"type":"A","date":"2018-04-17T05:58:39.000Z","volume":4000,"label":" ","price":1.95},{"type":"A","date":"2018-04-17T05:59:00.000Z","volume":2000,"label":" ","price":1.95},{"type":"A","date":"2018-04-17T05:59:40.000Z","volume":26000,"label":" ","price":1.95},{"type":"A","date":"2018-04-17T05:59:40.000Z","volume":48000,"label":" ","price":1.95},{"type":"A","date":"2018-04-17T06:17:29.000Z","volume":20000,"label":" ","price":1.96},{"type":"A","date":"2018-04-17T06:17:29.000Z","volume":4000,"label":" ","price":1.96},{"type":"A","date":"2018-04-17T06:18:04.000Z","volume":10000,"label":" ","price":1.96},{"type":"A","date":"2018-04-17T06:18:26.000Z","volume":4000,"label":" ","price":1.96},{"type":"A","date":"2018-04-17T06:18:32.000Z","volume":2000,"label":" ","price":1.96},{"type":"A","date":"2018-04-17T06:18:41.000Z","volume":2000,"label":" ","price":1.96},{"type":"A","date":"2018-04-17T06:19:34.000Z","volume":2000,"label":" ","price":1.96},{"type":"A","date":"2018-04-17T06:22:01.000Z","volume":4000,"label":" ","price":1.96},{"type":"A","date":"2018-04-17T06:23:43.000Z","volume":4000,"label":" ","price":1.96},{"type":"A","date":"2018-04-17T06:34:43.000Z","volume":2000,"label":" ","price":1.96},{"type":"A","date":"2018-04-17T06:38:07.000Z","volume":4000,"label":" ","price":1.96},{"type":"A","date":"2018-04-17T06:40:26.000Z","volume":2000,"label":" ","price":1.96},{"type":"A","date":"2018-04-17T06:44:39.000Z","volume":20000,"label":" ","price":1.96},{"type":"A","date":"2018-04-17T06:44:39.000Z","volume":6000,"label":" ","price":1.96},{"type":"B","date":"2018-04-17T06:44:40.000Z","volume":10000,"label":" ","price":1.95},{"type":"B","date":"2018-04-17T06:44:40.000Z","volume":4000,"label":"Y","price":1.95},{"type":"B","date":"2018-04-17T06:44:40.000Z","volume":4000,"label":" ","price":1.95},{"type":"A","date":"2018-04-17T06:47:01.000Z","volume":6000,"label":" ","price":1.96},{"type":"B","date":"2018-04-17T06:49:55.000Z","volume":300000,"label":" ","price":1.95},{"type":"B","date":"2018-04-17T06:49:55.000Z","volume":80000,"label":" ","price":1.95},{"type":"B","date":"2018-04-17T06:49:55.000Z","volume":78000,"label":" ","price":1.95},{"type":"B","date":"2018-04-17T06:49:55.000Z","volume":24000,"label":" ","price":1.95},{"type":"B","date":"2018-04-17T06:49:56.000Z","volume":82000,"label":" ","price":1.95},{"type":"B","date":"2018-04-17T06:49:56.000Z","volume":24000,"label":" ","price":1.95},{"type":"B","date":"2018-04-17T06:49:56.000Z","volume":8000,"label":" ","price":1.95},{"type":"B","date":"2018-04-17T06:49:59.000Z","volume":20000,"label":" ","price":1.95},{"type":"B","date":"2018-04-17T06:50:08.000Z","volume":8000,"label":" ","price":1.95},{"type":"A","date":"2018-04-17T06:51:00.000Z","volume":10000,"label":" ","price":1.96},{"type":"A","date":"2018-04-17T06:51:51.000Z","volume":20000,"label":" ","price":1.96},{"type":"A","date":"2018-04-17T06:52:04.000Z","volume":218000,"label":" ","price":1.96},{"type":"A","date":"2018-04-17T06:52:04.000Z","volume":8000,"label":" ","price":1.96},{"type":"A","date":"2018-04-17T06:52:47.000Z","volume":2000,"label":" ","price":1.96},{"type":"A","date":"2018-04-17T06:53:00.000Z","volume":6000,"label":"Y","price":1.96},{"type":"A","date":"2018-04-17T06:53:00.000Z","volume":24000,"label":" ","price":1.96},{"type":"B","date":"2018-04-17T06:53:38.000Z","volume":30000,"label":" ","price":1.96},{"type":"A","date":"2018-04-17T06:56:18.000Z","volume":50000,"label":" ","price":1.97},{"type":"A","date":"2018-04-17T06:56:34.000Z","volume":12000,"label":" ","price":1.97},{"type":"B","date":"2018-04-17T06:58:47.000Z","volume":8000,"label":"Y","price":1.96},{"type":"B","date":"2018-04-17T06:59:32.000Z","volume":8000,"label":"Y","price":1.96},{"type":"B","date":"2018-04-17T07:00:17.000Z","volume":8000,"label":"Y","price":1.96},{"type":"B","date":"2018-04-17T07:01:02.000Z","volume":8000,"label":"Y","price":1.96},{"type":"B","date":"2018-04-17T07:01:47.000Z","volume":8000,"label":"Y","price":1.96},{"type":"B","date":"2018-04-17T07:02:32.000Z","volume":8000,"label":"Y","price":1.96},{"type":"A","date":"2018-04-17T07:03:02.000Z","volume":10000,"label":" ","price":1.97},{"type":"B","date":"2018-04-17T07:03:17.000Z","volume":8000,"label":"Y","price":1.96},{"type":"B","date":"2018-04-17T07:03:19.000Z","volume":300000,"label":" ","price":1.96},{"type":"B","date":"2018-04-17T07:03:19.000Z","volume":6000,"label":" ","price":1.96},{"type":"B","date":"2018-04-17T07:03:19.000Z","volume":24000,"label":" ","price":1.96},{"type":"B","date":"2018-04-17T07:04:02.000Z","volume":8000,"label":"Y","price":1.96},{"type":"B","date":"2018-04-17T07:04:08.000Z","volume":10000,"label":" ","price":1.96},{"type":"B","date":"2018-04-17T07:04:08.000Z","volume":42000,"label":" ","price":1.96},{"type":"B","date":"2018-04-17T07:04:08.000Z","volume":24000,"label":" ","price":1.96},{"type":"B","date":"2018-04-17T07:04:08.000Z","volume":24000,"label":" ","price":1.96},{"type":"B","date":"2018-04-17T07:04:08.000Z","volume":24000,"label":" ","price":1.96},{"type":"B","date":"2018-04-17T07:04:47.000Z","volume":8000,"label":"Y","price":1.96},{"type":"B","date":"2018-04-17T07:04:47.000Z","volume":24000,"label":" ","price":1.96},{"type":"B","date":"2018-04-17T07:05:27.000Z","volume":4000,"label":"Y","price":1.96},{"type":"B","date":"2018-04-17T07:05:27.000Z","volume":4000,"label":" ","price":1.96},{"type":"B","date":"2018-04-17T07:05:27.000Z","volume":12000,"label":" ","price":1.96},{"type":"B","date":"2018-04-17T07:06:12.000Z","volume":8000,"label":" ","price":1.95},{"type":"A","date":"2018-04-17T07:06:16.000Z","volume":38000,"label":" ","price":1.96},{"type":"B","date":"2018-04-17T07:07:07.000Z","volume":300000,"label":" ","price":1.95},{"type":"A","date":"2018-04-17T07:07:08.000Z","volume":38000,"label":" ","price":1.96},{"type":"A","date":"2018-04-17T07:07:08.000Z","volume":488000,"label":" ","price":1.97},{"type":"A","date":"2018-04-17T07:07:08.000Z","volume":14000,"label":" ","price":1.97},{"type":"A","date":"2018-04-17T07:07:08.000Z","volume":14000,"label":" ","price":1.97},{"type":"A","date":"2018-04-17T07:07:08.000Z","volume":14000,"label":" ","price":1.97},{"type":"A","date":"2018-04-17T07:08:05.000Z","volume":510000,"label":" ","price":1.97},{"type":"B","date":"2018-04-17T07:08:10.000Z","volume":130000,"label":" ","price":1.95},{"type":"A","date":"2018-04-17T07:08:28.000Z","volume":50000,"label":" ","price":1.96},{"type":"A","date":"2018-04-17T07:08:40.000Z","volume":50000,"label":" ","price":1.96},{"type":"A","date":"2018-04-17T07:09:43.000Z","volume":122000,"label":" ","price":1.97},{"type":"A","date":"2018-04-17T07:10:57.000Z","volume":208000,"label":" ","price":1.97},{"type":"B","date":"2018-04-17T07:12:17.000Z","volume":34000,"label":" ","price":1.96},{"type":"B","date":"2018-04-17T07:12:17.000Z","volume":6000,"label":" ","price":1.96},{"type":"B","date":"2018-04-17T07:12:17.000Z","volume":20000,"label":" ","price":1.96},{"type":"B","date":"2018-04-17T07:12:17.000Z","volume":20000,"label":" ","price":1.96},{"type":"A","date":"2018-04-17T07:12:20.000Z","volume":14000,"label":" ","price":1.96},{"type":"A","date":"2018-04-17T07:12:26.000Z","volume":358000,"label":" ","price":1.97},{"type":"A","date":"2018-04-17T07:12:26.000Z","volume":6000,"label":" ","price":1.97},{"type":"A","date":"2018-04-17T07:14:28.000Z","volume":434000,"label":" ","price":1.97},{"type":"B","date":"2018-04-17T07:15:01.000Z","volume":4000,"label":" ","price":1.97},{"type":"B","date":"2018-04-17T07:15:01.000Z","volume":2000,"label":" ","price":1.97},{"type":"A","date":"2018-04-17T07:15:01.000Z","volume":4000,"label":" ","price":1.97},{"type":"A","date":"2018-04-17T07:16:34.000Z","volume":18000,"label":" ","price":1.97},{"type":"B","date":"2018-04-17T07:17:08.000Z","volume":102000,"label":" ","price":1.97},{"type":"A","date":"2018-04-17T07:19:40.000Z","volume":60000,"label":" ","price":1.97},{"type":"B","date":"2018-04-17T07:20:02.000Z","volume":20000,"label":" ","price":1.97},{"type":"A","date":"2018-04-17T07:23:56.000Z","volume":2000,"label":" ","price":1.98},{"type":"B","date":"2018-04-17T07:24:17.000Z","volume":30000,"label":" ","price":1.97},{"type":"B","date":"2018-04-17T07:25:11.000Z","volume":112000,"label":" ","price":1.97},{"type":"A","date":"2018-04-17T07:25:39.000Z","volume":66000,"label":" ","price":1.97},{"type":"A","date":"2018-04-17T07:26:32.000Z","volume":36000,"label":" ","price":1.97},{"type":"A","date":"2018-04-17T07:26:54.000Z","volume":50000,"label":" ","price":1.97},{"type":"A","date":"2018-04-17T07:26:56.000Z","volume":12000,"label":" ","price":1.97},{"type":"B","date":"2018-04-17T07:28:44.000Z","volume":10000,"label":" ","price":1.97},{"type":"B","date":"2018-04-17T07:29:37.000Z","volume":50000,"label":" ","price":1.97},{"type":"B","date":"2018-04-17T07:31:06.000Z","volume":40000,"label":" ","price":1.97},{"type":"B","date":"2018-04-17T07:31:52.000Z","volume":2000,"label":" ","price":1.97},{"type":"B","date":"2018-04-17T07:32:20.000Z","volume":26000,"label":" ","price":1.97},{"type":"A","date":"2018-04-17T07:33:02.000Z","volume":20000,"label":" ","price":1.97},{"type":"A","date":"2018-04-17T07:33:34.000Z","volume":32000,"label":" ","price":1.97},{"type":"A","date":"2018-04-17T07:34:34.000Z","volume":10000,"label":" ","price":1.97},{"type":"B","date":"2018-04-17T07:36:19.000Z","volume":20000,"label":" ","price":1.97},{"type":"B","date":"2018-04-17T07:37:51.000Z","volume":10000,"label":" ","price":1.97},{"type":"B","date":"2018-04-17T07:42:20.000Z","volume":20000,"label":" ","price":1.97},{"type":"B","date":"2018-04-17T07:43:21.000Z","volume":10000,"label":" ","price":1.97},{"type":"A","date":"2018-04-17T07:43:24.000Z","volume":2000,"label":" ","price":1.98},{"type":"A","date":"2018-04-17T07:48:12.000Z","volume":24000,"label":" ","price":1.98},{"type":"A","date":"2018-04-17T07:48:22.000Z","volume":18000,"label":" ","price":1.98},{"type":"B","date":"2018-04-17T07:49:22.000Z","volume":10000,"label":"Y","price":1.97},{"type":"B","date":"2018-04-17T07:49:22.000Z","volume":38000,"label":" ","price":1.97},{"type":"B","date":"2018-04-17T07:49:22.000Z","volume":314000,"label":" ","price":1.96},{"type":"A","date":"2018-04-17T07:49:22.000Z","volume":50000,"label":" ","price":1.96},{"type":"A","date":"2018-04-17T07:49:22.000Z","volume":88000,"label":" ","price":1.96},{"type":"A","date":"2018-04-17T07:49:27.000Z","volume":2000,"label":" ","price":1.97},{"type":"B","date":"2018-04-17T07:53:45.000Z","volume":8000,"label":" ","price":1.96},{"type":"B","date":"2018-04-17T07:53:45.000Z","volume":12000,"label":" ","price":1.96},{"type":"A","date":"2018-04-17T07:53:45.000Z","volume":16000,"label":" ","price":1.96},{"type":"A","date":"2018-04-17T07:55:16.000Z","volume":10000,"label":" ","price":1.96},{"type":"A","date":"2018-04-17T07:55:16.000Z","volume":36000,"label":" ","price":1.96},{"type":"B","date":"2018-04-17T07:55:34.000Z","volume":2000,"label":" ","price":1.96},{"type":"B","date":"2018-04-17T07:55:34.000Z","volume":12000,"label":"Y","price":1.95},{"type":"B","date":"2018-04-17T07:55:34.000Z","volume":486000,"label":" ","price":1.95},{"type":"U","date":"2018-04-17T07:55:34.000Z","volume":20000,"label":" ","price":1.96},{"type":"A","date":"2018-04-17T07:56:45.000Z","volume":50000,"label":" ","price":1.96},{"type":"A","date":"2018-04-17T07:56:52.000Z","volume":50000,"label":" ","price":1.96},{"type":"A","date":"2018-04-17T07:56:53.000Z","volume":2000,"label":" ","price":1.96},{"type":"B","date":"2018-04-17T07:57:28.000Z","volume":54000,"label":" ","price":1.96},{"type":"A","date":"2018-04-17T07:58:01.000Z","volume":26000,"label":" ","price":1.96},{"type":"A","date":"2018-04-17T07:58:02.000Z","volume":2000,"label":" ","price":1.96},{"type":"A","date":"2018-04-17T07:59:13.000Z","volume":50000,"label":" ","price":1.96},{"type":"A","date":"2018-04-17T07:59:21.000Z","volume":50000,"label":" ","price":1.96},{"type":"A","date":"2018-04-17T07:59:27.000Z","volume":6000,"label":" ","price":1.96},{"type":"A","date":"2018-04-17T07:59:35.000Z","volume":30000,"label":" ","price":1.96},{"type":"U","date":"2018-04-17T08:08:24.000Z","volume":24000,"label":"U","price":1.96}]