[{"type":"U","date":"2018-03-29T01:20:00.000Z","volume":40000,"label":"U","price":3.54},{"type":"A","date":"2018-03-29T01:30:08.000Z","volume":6000,"label":" ","price":3.54},{"type":"A","date":"2018-03-29T01:30:09.000Z","volume":2000,"label":" ","price":3.54},{"type":"A","date":"2018-03-29T01:30:11.000Z","volume":38000,"label":" ","price":3.54},{"type":"A","date":"2018-03-29T01:30:11.000Z","volume":6000,"label":" ","price":3.54},{"type":"A","date":"2018-03-29T01:30:16.000Z","volume":4000,"label":"Y","price":3.57},{"type":"A","date":"2018-03-29T01:30:17.000Z","volume":8000,"label":" ","price":3.57},{"type":"A","date":"2018-03-29T01:30:51.000Z","volume":4000,"label":" ","price":3.56},{"type":"A","date":"2018-03-29T01:33:07.000Z","volume":92000,"label":" ","price":3.57},{"type":"A","date":"2018-03-29T01:33:07.000Z","volume":10000,"label":" ","price":3.58},{"type":"A","date":"2018-03-29T01:33:09.000Z","volume":36000,"label":" ","price":3.59},{"type":"A","date":"2018-03-29T01:33:09.000Z","volume":2000,"label":" ","price":3.6},{"type":"A","date":"2018-03-29T01:33:09.000Z","volume":8000,"label":" ","price":3.6},{"type":"A","date":"2018-03-29T01:33:30.000Z","volume":4000,"label":"Y","price":3.61},{"type":"A","date":"2018-03-29T01:33:30.000Z","volume":12000,"label":" ","price":3.61},{"type":"B","date":"2018-03-29T01:34:34.000Z","volume":8000,"label":" ","price":3.61},{"type":"B","date":"2018-03-29T01:34:34.000Z","volume":4000,"label":" ","price":3.6},{"type":"B","date":"2018-03-29T01:34:34.000Z","volume":2000,"label":" ","price":3.61},{"type":"A","date":"2018-03-29T01:34:34.000Z","volume":2000,"label":" ","price":3.62},{"type":"B","date":"2018-03-29T01:34:34.000Z","volume":8000,"label":" ","price":3.61},{"type":"B","date":"2018-03-29T01:34:34.000Z","volume":20000,"label":" ","price":3.61},{"type":"A","date":"2018-03-29T01:34:36.000Z","volume":6000,"label":" ","price":3.61},{"type":"A","date":"2018-03-29T01:34:38.000Z","volume":30000,"label":" ","price":3.62},{"type":"A","date":"2018-03-29T01:34:39.000Z","volume":4000,"label":" ","price":3.62},{"type":"B","date":"2018-03-29T01:34:58.000Z","volume":2000,"label":" ","price":3.6},{"type":"B","date":"2018-03-29T01:34:58.000Z","volume":2000,"label":" ","price":3.6},{"type":"B","date":"2018-03-29T01:35:07.000Z","volume":2000,"label":"Y","price":3.59},{"type":"B","date":"2018-03-29T01:35:07.000Z","volume":2000,"label":" ","price":3.59},{"type":"B","date":"2018-03-29T01:35:07.000Z","volume":2000,"label":" ","price":3.59},{"type":"B","date":"2018-03-29T01:35:08.000Z","volume":2000,"label":" ","price":3.58},{"type":"U","date":"2018-03-29T01:36:36.000Z","volume":8000,"label":"X","price":3.575},{"type":"U","date":"2018-03-29T01:36:40.000Z","volume":2000,"label":" ","price":3.58},{"type":"U","date":"2018-03-29T01:38:03.000Z","volume":546000,"label":"X","price":3.57},{"type":"A","date":"2018-03-29T01:38:14.000Z","volume":34000,"label":" ","price":3.57},{"type":"A","date":"2018-03-29T01:38:44.000Z","volume":2000,"label":" ","price":3.58},{"type":"A","date":"2018-03-29T01:38:44.000Z","volume":4000,"label":" ","price":3.58},{"type":"A","date":"2018-03-29T01:39:11.000Z","volume":8000,"label":" ","price":3.58},{"type":"A","date":"2018-03-29T01:39:46.000Z","volume":12000,"label":" ","price":3.58},{"type":"A","date":"2018-03-29T01:39:46.000Z","volume":20000,"label":" ","price":3.58},{"type":"A","date":"2018-03-29T01:39:48.000Z","volume":8000,"label":" ","price":3.59},{"type":"A","date":"2018-03-29T01:39:48.000Z","volume":6000,"label":" ","price":3.59},{"type":"B","date":"2018-03-29T01:41:22.000Z","volume":18000,"label":" ","price":3.58},{"type":"B","date":"2018-03-29T01:41:22.000Z","volume":8000,"label":" ","price":3.58},{"type":"A","date":"2018-03-29T01:41:40.000Z","volume":2000,"label":" ","price":3.59},{"type":"A","date":"2018-03-29T01:42:31.000Z","volume":2000,"label":" ","price":3.59},{"type":"B","date":"2018-03-29T01:43:49.000Z","volume":2000,"label":" ","price":3.58},{"type":"B","date":"2018-03-29T01:46:40.000Z","volume":2000,"label":" ","price":3.58},{"type":"B","date":"2018-03-29T01:46:41.000Z","volume":56000,"label":" ","price":3.58},{"type":"B","date":"2018-03-29T01:46:41.000Z","volume":26000,"label":" ","price":3.58},{"type":"U","date":"2018-03-29T01:46:41.000Z","volume":6000,"label":" ","price":3.58},{"type":"A","date":"2018-03-29T01:46:41.000Z","volume":2000,"label":" ","price":3.59},{"type":"A","date":"2018-03-29T01:46:42.000Z","volume":6000,"label":" ","price":3.59},{"type":"B","date":"2018-03-29T01:46:42.000Z","volume":28000,"label":" ","price":3.57},{"type":"B","date":"2018-03-29T01:46:42.000Z","volume":6000,"label":" ","price":3.56},{"type":"B","date":"2018-03-29T01:46:48.000Z","volume":8000,"label":" ","price":3.57},{"type":"U","date":"2018-03-29T01:47:03.000Z","volume":4000,"label":" ","price":3.57},{"type":"B","date":"2018-03-29T01:47:05.000Z","volume":16000,"label":" ","price":3.56},{"type":"B","date":"2018-03-29T01:47:05.000Z","volume":8000,"label":" ","price":3.56},{"type":"B","date":"2018-03-29T01:47:06.000Z","volume":8000,"label":" ","price":3.55},{"type":"B","date":"2018-03-29T01:48:52.000Z","volume":2000,"label":" ","price":3.56},{"type":"B","date":"2018-03-29T01:49:20.000Z","volume":4000,"label":" ","price":3.56},{"type":"B","date":"2018-03-29T01:50:11.000Z","volume":6000,"label":" ","price":3.56},{"type":"B","date":"2018-03-29T01:52:27.000Z","volume":4000,"label":" ","price":3.55},{"type":"A","date":"2018-03-29T01:52:27.000Z","volume":14000,"label":" ","price":3.56},{"type":"B","date":"2018-03-29T01:52:28.000Z","volume":8000,"label":" ","price":3.55},{"type":"A","date":"2018-03-29T01:53:53.000Z","volume":8000,"label":" ","price":3.56},{"type":"B","date":"2018-03-29T01:54:05.000Z","volume":2000,"label":" ","price":3.55},{"type":"B","date":"2018-03-29T01:54:35.000Z","volume":4000,"label":" ","price":3.55},{"type":"B","date":"2018-03-29T01:54:36.000Z","volume":4000,"label":" ","price":3.55},{"type":"B","date":"2018-03-29T01:55:46.000Z","volume":30000,"label":" ","price":3.55},{"type":"A","date":"2018-03-29T01:55:46.000Z","volume":8000,"label":" ","price":3.56},{"type":"B","date":"2018-03-29T01:55:46.000Z","volume":2000,"label":" ","price":3.55},{"type":"A","date":"2018-03-29T01:55:51.000Z","volume":50000,"label":" ","price":3.56},{"type":"A","date":"2018-03-29T01:55:51.000Z","volume":6000,"label":" ","price":3.56},{"type":"B","date":"2018-03-29T01:55:51.000Z","volume":6000,"label":" ","price":3.55},{"type":"B","date":"2018-03-29T01:55:51.000Z","volume":6000,"label":" ","price":3.55},{"type":"B","date":"2018-03-29T01:55:51.000Z","volume":2000,"label":" ","price":3.55},{"type":"B","date":"2018-03-29T01:55:51.000Z","volume":4000,"label":" ","price":3.55},{"type":"A","date":"2018-03-29T01:55:51.000Z","volume":2000,"label":" ","price":3.56},{"type":"A","date":"2018-03-29T01:55:51.000Z","volume":22000,"label":" ","price":3.57},{"type":"A","date":"2018-03-29T01:56:04.000Z","volume":6000,"label":"Y","price":3.57},{"type":"A","date":"2018-03-29T01:56:04.000Z","volume":12000,"label":" ","price":3.57},{"type":"A","date":"2018-03-29T01:59:54.000Z","volume":14000,"label":" ","price":3.57},{"type":"B","date":"2018-03-29T01:59:55.000Z","volume":10000,"label":" ","price":3.56},{"type":"B","date":"2018-03-29T01:59:55.000Z","volume":4000,"label":" ","price":3.55},{"type":"A","date":"2018-03-29T01:59:55.000Z","volume":2000,"label":" ","price":3.57},{"type":"B","date":"2018-03-29T02:00:04.000Z","volume":32000,"label":" ","price":3.55},{"type":"B","date":"2018-03-29T02:00:04.000Z","volume":22000,"label":" ","price":3.55},{"type":"B","date":"2018-03-29T02:00:05.000Z","volume":8000,"label":" ","price":3.55},{"type":"U","date":"2018-03-29T02:00:18.000Z","volume":2000,"label":" ","price":3.55},{"type":"A","date":"2018-03-29T02:00:28.000Z","volume":4000,"label":" ","price":3.55},{"type":"B","date":"2018-03-29T02:00:56.000Z","volume":4000,"label":" ","price":3.54},{"type":"A","date":"2018-03-29T02:00:57.000Z","volume":58000,"label":" ","price":3.55},{"type":"B","date":"2018-03-29T02:03:24.000Z","volume":18000,"label":" ","price":3.54},{"type":"B","date":"2018-03-29T02:03:24.000Z","volume":60000,"label":" ","price":3.54},{"type":"A","date":"2018-03-29T02:03:24.000Z","volume":2000,"label":" ","price":3.55},{"type":"B","date":"2018-03-29T02:03:24.000Z","volume":22000,"label":" ","price":3.53},{"type":"U","date":"2018-03-29T02:03:24.000Z","volume":18000,"label":" ","price":3.53},{"type":"A","date":"2018-03-29T02:03:26.000Z","volume":14000,"label":" ","price":3.54},{"type":"A","date":"2018-03-29T02:03:45.000Z","volume":68000,"label":" ","price":3.54},{"type":"A","date":"2018-03-29T02:03:45.000Z","volume":32000,"label":" ","price":3.54},{"type":"A","date":"2018-03-29T02:03:45.000Z","volume":2000,"label":" ","price":3.54},{"type":"A","date":"2018-03-29T02:03:47.000Z","volume":4000,"label":" ","price":3.54},{"type":"B","date":"2018-03-29T02:04:25.000Z","volume":4000,"label":" ","price":3.52},{"type":"A","date":"2018-03-29T02:04:26.000Z","volume":18000,"label":" ","price":3.53},{"type":"A","date":"2018-03-29T02:04:51.000Z","volume":8000,"label":" ","price":3.53},{"type":"A","date":"2018-03-29T02:04:57.000Z","volume":14000,"label":" ","price":3.53},{"type":"A","date":"2018-03-29T02:04:58.000Z","volume":2000,"label":" ","price":3.53},{"type":"A","date":"2018-03-29T02:05:17.000Z","volume":22000,"label":" ","price":3.53},{"type":"A","date":"2018-03-29T02:05:19.000Z","volume":2000,"label":" ","price":3.54},{"type":"B","date":"2018-03-29T02:06:45.000Z","volume":4000,"label":" ","price":3.53},{"type":"B","date":"2018-03-29T02:07:01.000Z","volume":38000,"label":" ","price":3.53},{"type":"A","date":"2018-03-29T02:07:03.000Z","volume":6000,"label":" ","price":3.54},{"type":"B","date":"2018-03-29T02:07:37.000Z","volume":10000,"label":" ","price":3.53},{"type":"A","date":"2018-03-29T02:07:37.000Z","volume":2000,"label":" ","price":3.54},{"type":"B","date":"2018-03-29T02:07:55.000Z","volume":4000,"label":" ","price":3.53},{"type":"B","date":"2018-03-29T02:08:00.000Z","volume":4000,"label":" ","price":3.53},{"type":"B","date":"2018-03-29T02:08:05.000Z","volume":10000,"label":" ","price":3.53},{"type":"A","date":"2018-03-29T02:08:07.000Z","volume":2000,"label":" ","price":3.54},{"type":"B","date":"2018-03-29T02:09:05.000Z","volume":4000,"label":" ","price":3.53},{"type":"U","date":"2018-03-29T02:09:10.000Z","volume":2000,"label":"X","price":3.53},{"type":"B","date":"2018-03-29T02:10:15.000Z","volume":4000,"label":" ","price":3.53},{"type":"A","date":"2018-03-29T02:10:15.000Z","volume":2000,"label":" ","price":3.54},{"type":"A","date":"2018-03-29T02:10:52.000Z","volume":8000,"label":" ","price":3.54},{"type":"B","date":"2018-03-29T02:12:00.000Z","volume":2000,"label":" ","price":3.53},{"type":"A","date":"2018-03-29T02:12:02.000Z","volume":2000,"label":" ","price":3.54},{"type":"A","date":"2018-03-29T02:12:17.000Z","volume":2000,"label":" ","price":3.54},{"type":"B","date":"2018-03-29T02:12:35.000Z","volume":4000,"label":" ","price":3.53},{"type":"B","date":"2018-03-29T02:13:15.000Z","volume":8000,"label":" ","price":3.53},{"type":"A","date":"2018-03-29T02:13:17.000Z","volume":2000,"label":" ","price":3.54},{"type":"B","date":"2018-03-29T02:13:45.000Z","volume":4000,"label":" ","price":3.53},{"type":"B","date":"2018-03-29T02:14:00.000Z","volume":4000,"label":" ","price":3.53},{"type":"B","date":"2018-03-29T02:14:05.000Z","volume":2000,"label":" ","price":3.53},{"type":"A","date":"2018-03-29T02:14:07.000Z","volume":2000,"label":" ","price":3.54},{"type":"B","date":"2018-03-29T02:14:25.000Z","volume":10000,"label":" ","price":3.53},{"type":"B","date":"2018-03-29T02:14:25.000Z","volume":4000,"label":" ","price":3.53},{"type":"B","date":"2018-03-29T02:14:54.000Z","volume":4000,"label":" ","price":3.52},{"type":"A","date":"2018-03-29T02:14:54.000Z","volume":14000,"label":" ","price":3.53},{"type":"A","date":"2018-03-29T02:16:15.000Z","volume":58000,"label":" ","price":3.53},{"type":"A","date":"2018-03-29T02:16:15.000Z","volume":14000,"label":" ","price":3.54},{"type":"A","date":"2018-03-29T02:16:15.000Z","volume":6000,"label":" ","price":3.54},{"type":"B","date":"2018-03-29T02:16:15.000Z","volume":14000,"label":" ","price":3.53},{"type":"A","date":"2018-03-29T02:16:26.000Z","volume":8000,"label":" ","price":3.54},{"type":"A","date":"2018-03-29T02:16:26.000Z","volume":4000,"label":" ","price":3.54},{"type":"B","date":"2018-03-29T02:16:55.000Z","volume":10000,"label":" ","price":3.54},{"type":"A","date":"2018-03-29T02:18:15.000Z","volume":50000,"label":" ","price":3.55},{"type":"A","date":"2018-03-29T02:18:23.000Z","volume":20000,"label":" ","price":3.55},{"type":"B","date":"2018-03-29T02:18:24.000Z","volume":4000,"label":" ","price":3.54},{"type":"B","date":"2018-03-29T02:19:34.000Z","volume":4000,"label":" ","price":3.54},{"type":"A","date":"2018-03-29T02:20:12.000Z","volume":40000,"label":" ","price":3.55},{"type":"A","date":"2018-03-29T02:20:12.000Z","volume":88000,"label":" ","price":3.55},{"type":"A","date":"2018-03-29T02:20:12.000Z","volume":14000,"label":" ","price":3.55},{"type":"U","date":"2018-03-29T02:20:12.000Z","volume":18000,"label":" ","price":3.55},{"type":"B","date":"2018-03-29T02:20:50.000Z","volume":2000,"label":" ","price":3.55},{"type":"B","date":"2018-03-29T02:20:55.000Z","volume":4000,"label":" ","price":3.55},{"type":"A","date":"2018-03-29T02:20:55.000Z","volume":2000,"label":" ","price":3.56},{"type":"B","date":"2018-03-29T02:21:54.000Z","volume":4000,"label":" ","price":3.55},{"type":"B","date":"2018-03-29T02:21:55.000Z","volume":2000,"label":" ","price":3.55},{"type":"B","date":"2018-03-29T02:22:10.000Z","volume":10000,"label":" ","price":3.55},{"type":"A","date":"2018-03-29T02:22:29.000Z","volume":50000,"label":" ","price":3.56},{"type":"A","date":"2018-03-29T02:22:29.000Z","volume":24000,"label":" ","price":3.56},{"type":"B","date":"2018-03-29T02:22:29.000Z","volume":2000,"label":" ","price":3.55},{"type":"A","date":"2018-03-29T02:22:30.000Z","volume":10000,"label":" ","price":3.56},{"type":"A","date":"2018-03-29T02:22:30.000Z","volume":10000,"label":" ","price":3.57},{"type":"B","date":"2018-03-29T02:23:21.000Z","volume":8000,"label":" ","price":3.56},{"type":"B","date":"2018-03-29T02:23:21.000Z","volume":4000,"label":" ","price":3.55},{"type":"B","date":"2018-03-29T02:23:21.000Z","volume":2000,"label":" ","price":3.54},{"type":"A","date":"2018-03-29T02:23:22.000Z","volume":2000,"label":" ","price":3.57},{"type":"B","date":"2018-03-29T02:23:22.000Z","volume":12000,"label":" ","price":3.56},{"type":"B","date":"2018-03-29T02:23:22.000Z","volume":14000,"label":" ","price":3.55},{"type":"A","date":"2018-03-29T02:23:29.000Z","volume":20000,"label":" ","price":3.57},{"type":"B","date":"2018-03-29T02:25:24.000Z","volume":4000,"label":" ","price":3.56},{"type":"B","date":"2018-03-29T02:26:34.000Z","volume":4000,"label":" ","price":3.56},{"type":"A","date":"2018-03-29T02:26:34.000Z","volume":2000,"label":" ","price":3.57},{"type":"B","date":"2018-03-29T02:26:50.000Z","volume":2000,"label":" ","price":3.56},{"type":"B","date":"2018-03-29T02:27:39.000Z","volume":4000,"label":" ","price":3.56},{"type":"B","date":"2018-03-29T02:27:44.000Z","volume":4000,"label":" ","price":3.55},{"type":"A","date":"2018-03-29T02:27:46.000Z","volume":14000,"label":" ","price":3.56},{"type":"A","date":"2018-03-29T02:27:48.000Z","volume":10000,"label":" ","price":3.56},{"type":"B","date":"2018-03-29T02:27:50.000Z","volume":2000,"label":" ","price":3.55},{"type":"B","date":"2018-03-29T02:28:53.000Z","volume":4000,"label":" ","price":3.55},{"type":"B","date":"2018-03-29T02:28:55.000Z","volume":2000,"label":" ","price":3.54},{"type":"B","date":"2018-03-29T02:29:26.000Z","volume":70000,"label":" ","price":3.54},{"type":"B","date":"2018-03-29T02:29:26.000Z","volume":216000,"label":" ","price":3.53},{"type":"B","date":"2018-03-29T02:29:30.000Z","volume":4000,"label":" ","price":3.54},{"type":"B","date":"2018-03-29T02:30:03.000Z","volume":4000,"label":" ","price":3.52},{"type":"A","date":"2018-03-29T02:30:27.000Z","volume":50000,"label":" ","price":3.54},{"type":"B","date":"2018-03-29T02:30:30.000Z","volume":10000,"label":" ","price":3.53},{"type":"A","date":"2018-03-29T02:31:27.000Z","volume":50000,"label":" ","price":3.54},{"type":"A","date":"2018-03-29T02:31:27.000Z","volume":4000,"label":" ","price":3.54},{"type":"B","date":"2018-03-29T02:31:30.000Z","volume":2000,"label":" ","price":3.53},{"type":"B","date":"2018-03-29T02:33:33.000Z","volume":4000,"label":" ","price":3.53},{"type":"A","date":"2018-03-29T02:34:01.000Z","volume":10000,"label":" ","price":3.54},{"type":"B","date":"2018-03-29T02:34:04.000Z","volume":4000,"label":" ","price":3.53},{"type":"A","date":"2018-03-29T02:34:07.000Z","volume":4000,"label":" ","price":3.54},{"type":"B","date":"2018-03-29T02:34:09.000Z","volume":2000,"label":" ","price":3.53},{"type":"B","date":"2018-03-29T02:35:18.000Z","volume":4000,"label":" ","price":3.53},{"type":"A","date":"2018-03-29T02:35:23.000Z","volume":8000,"label":" ","price":3.54},{"type":"A","date":"2018-03-29T02:35:29.000Z","volume":10000,"label":" ","price":3.54},{"type":"B","date":"2018-03-29T02:35:32.000Z","volume":2000,"label":" ","price":3.53},{"type":"B","date":"2018-03-29T02:36:28.000Z","volume":4000,"label":" ","price":3.53},{"type":"B","date":"2018-03-29T02:37:38.000Z","volume":4000,"label":" ","price":3.53},{"type":"A","date":"2018-03-29T02:37:38.000Z","volume":2000,"label":" ","price":3.54},{"type":"B","date":"2018-03-29T02:37:40.000Z","volume":4000,"label":" ","price":3.53},{"type":"B","date":"2018-03-29T02:38:48.000Z","volume":4000,"label":" ","price":3.53},{"type":"B","date":"2018-03-29T02:39:58.000Z","volume":4000,"label":" ","price":3.53},{"type":"B","date":"2018-03-29T02:40:00.000Z","volume":2000,"label":" ","price":3.53},{"type":"B","date":"2018-03-29T02:40:35.000Z","volume":24000,"label":" ","price":3.53},{"type":"B","date":"2018-03-29T02:40:37.000Z","volume":8000,"label":" ","price":3.53},{"type":"B","date":"2018-03-29T02:40:40.000Z","volume":22000,"label":" ","price":3.53},{"type":"B","date":"2018-03-29T02:40:42.000Z","volume":8000,"label":" ","price":3.53},{"type":"A","date":"2018-03-29T02:41:01.000Z","volume":6000,"label":" ","price":3.54},{"type":"B","date":"2018-03-29T02:41:10.000Z","volume":2000,"label":" ","price":3.53},{"type":"B","date":"2018-03-29T02:41:12.000Z","volume":2000,"label":" ","price":3.53},{"type":"B","date":"2018-03-29T02:41:42.000Z","volume":4000,"label":" ","price":3.53},{"type":"A","date":"2018-03-29T02:41:58.000Z","volume":6000,"label":" ","price":3.54},{"type":"B","date":"2018-03-29T02:42:00.000Z","volume":2000,"label":" ","price":3.53},{"type":"B","date":"2018-03-29T02:42:52.000Z","volume":4000,"label":" ","price":3.53},{"type":"B","date":"2018-03-29T02:44:02.000Z","volume":4000,"label":" ","price":3.53},{"type":"A","date":"2018-03-29T02:44:24.000Z","volume":102000,"label":" ","price":3.54},{"type":"B","date":"2018-03-29T02:44:24.000Z","volume":8000,"label":" ","price":3.54},{"type":"B","date":"2018-03-29T02:44:27.000Z","volume":4000,"label":" ","price":3.54},{"type":"B","date":"2018-03-29T02:45:47.000Z","volume":4000,"label":" ","price":3.54},{"type":"A","date":"2018-03-29T02:46:06.000Z","volume":32000,"label":" ","price":3.55},{"type":"A","date":"2018-03-29T02:46:29.000Z","volume":4000,"label":" ","price":3.55},{"type":"B","date":"2018-03-29T02:46:31.000Z","volume":2000,"label":" ","price":3.54},{"type":"A","date":"2018-03-29T02:47:01.000Z","volume":12000,"label":" ","price":3.55},{"type":"B","date":"2018-03-29T02:47:04.000Z","volume":4000,"label":" ","price":3.54},{"type":"B","date":"2018-03-29T02:47:32.000Z","volume":4000,"label":" ","price":3.54},{"type":"A","date":"2018-03-29T02:48:02.000Z","volume":10000,"label":" ","price":3.55},{"type":"B","date":"2018-03-29T02:48:05.000Z","volume":4000,"label":" ","price":3.54},{"type":"A","date":"2018-03-29T02:48:27.000Z","volume":60000,"label":" ","price":3.55},{"type":"A","date":"2018-03-29T02:48:27.000Z","volume":6000,"label":" ","price":3.55},{"type":"A","date":"2018-03-29T02:48:51.000Z","volume":2000,"label":" ","price":3.55},{"type":"B","date":"2018-03-29T02:49:17.000Z","volume":4000,"label":" ","price":3.54},{"type":"B","date":"2018-03-29T02:50:27.000Z","volume":4000,"label":" ","price":3.54},{"type":"A","date":"2018-03-29T02:51:02.000Z","volume":2000,"label":" ","price":3.55},{"type":"B","date":"2018-03-29T02:51:37.000Z","volume":4000,"label":" ","price":3.54},{"type":"B","date":"2018-03-29T02:52:47.000Z","volume":4000,"label":" ","price":3.54},{"type":"A","date":"2018-03-29T02:53:01.000Z","volume":10000,"label":" ","price":3.55},{"type":"B","date":"2018-03-29T02:53:03.000Z","volume":4000,"label":" ","price":3.54},{"type":"A","date":"2018-03-29T02:54:00.000Z","volume":2000,"label":" ","price":3.55},{"type":"A","date":"2018-03-29T02:54:01.000Z","volume":8000,"label":" ","price":3.55},{"type":"B","date":"2018-03-29T02:54:03.000Z","volume":2000,"label":" ","price":3.54},{"type":"A","date":"2018-03-29T02:54:33.000Z","volume":2000,"label":" ","price":3.55},{"type":"B","date":"2018-03-29T02:55:06.000Z","volume":2000,"label":" ","price":3.54},{"type":"B","date":"2018-03-29T02:55:06.000Z","volume":2000,"label":" ","price":3.54},{"type":"B","date":"2018-03-29T02:55:08.000Z","volume":2000,"label":" ","price":3.54},{"type":"B","date":"2018-03-29T02:55:55.000Z","volume":2000,"label":" ","price":3.54},{"type":"B","date":"2018-03-29T02:56:16.000Z","volume":4000,"label":" ","price":3.54},{"type":"B","date":"2018-03-29T02:56:18.000Z","volume":2000,"label":" ","price":3.54},{"type":"B","date":"2018-03-29T02:56:25.000Z","volume":8000,"label":" ","price":3.54},{"type":"B","date":"2018-03-29T02:56:27.000Z","volume":4000,"label":" ","price":3.54},{"type":"B","date":"2018-03-29T02:56:35.000Z","volume":6000,"label":" ","price":3.54},{"type":"B","date":"2018-03-29T02:56:40.000Z","volume":4000,"label":" ","price":3.54},{"type":"B","date":"2018-03-29T02:56:42.000Z","volume":2000,"label":" ","price":3.54},{"type":"A","date":"2018-03-29T02:57:09.000Z","volume":2000,"label":" ","price":3.55},{"type":"A","date":"2018-03-29T02:57:24.000Z","volume":2000,"label":" ","price":3.55},{"type":"B","date":"2018-03-29T02:57:26.000Z","volume":4000,"label":" ","price":3.54},{"type":"B","date":"2018-03-29T02:57:26.000Z","volume":4000,"label":" ","price":3.54},{"type":"A","date":"2018-03-29T02:57:58.000Z","volume":2000,"label":" ","price":3.55},{"type":"A","date":"2018-03-29T02:58:01.000Z","volume":8000,"label":" ","price":3.55},{"type":"B","date":"2018-03-29T02:58:36.000Z","volume":4000,"label":" ","price":3.54},{"type":"A","date":"2018-03-29T02:59:35.000Z","volume":4000,"label":" ","price":3.55},{"type":"B","date":"2018-03-29T02:59:46.000Z","volume":4000,"label":" ","price":3.54},{"type":"B","date":"2018-03-29T03:00:13.000Z","volume":4000,"label":" ","price":3.54},{"type":"B","date":"2018-03-29T03:00:56.000Z","volume":4000,"label":" ","price":3.54},{"type":"B","date":"2018-03-29T03:02:06.000Z","volume":4000,"label":" ","price":3.54},{"type":"A","date":"2018-03-29T03:03:02.000Z","volume":6000,"label":" ","price":3.55},{"type":"B","date":"2018-03-29T03:03:16.000Z","volume":4000,"label":" ","price":3.54},{"type":"B","date":"2018-03-29T03:03:26.000Z","volume":332000,"label":" ","price":3.54},{"type":"B","date":"2018-03-29T03:03:28.000Z","volume":36000,"label":" ","price":3.53},{"type":"B","date":"2018-03-29T03:03:29.000Z","volume":36000,"label":" ","price":3.52},{"type":"B","date":"2018-03-29T03:03:30.000Z","volume":2000,"label":" ","price":3.52},{"type":"B","date":"2018-03-29T03:03:31.000Z","volume":14000,"label":" ","price":3.52},{"type":"B","date":"2018-03-29T03:03:31.000Z","volume":10000,"label":" ","price":3.51},{"type":"A","date":"2018-03-29T03:03:31.000Z","volume":6000,"label":" ","price":3.52},{"type":"A","date":"2018-03-29T03:03:39.000Z","volume":16000,"label":" ","price":3.52},{"type":"A","date":"2018-03-29T03:04:16.000Z","volume":34000,"label":" ","price":3.52},{"type":"B","date":"2018-03-29T03:04:18.000Z","volume":12000,"label":" ","price":3.51},{"type":"A","date":"2018-03-29T03:04:23.000Z","volume":4000,"label":" ","price":3.52},{"type":"B","date":"2018-03-29T03:05:36.000Z","volume":4000,"label":" ","price":3.52},{"type":"B","date":"2018-03-29T03:05:40.000Z","volume":8000,"label":" ","price":3.52},{"type":"B","date":"2018-03-29T03:05:42.000Z","volume":2000,"label":" ","price":3.51},{"type":"B","date":"2018-03-29T03:05:55.000Z","volume":26000,"label":" ","price":3.51},{"type":"B","date":"2018-03-29T03:05:57.000Z","volume":8000,"label":" ","price":3.51},{"type":"B","date":"2018-03-29T03:06:30.000Z","volume":8000,"label":" ","price":3.51},{"type":"B","date":"2018-03-29T03:06:32.000Z","volume":4000,"label":" ","price":3.51},{"type":"B","date":"2018-03-29T03:06:46.000Z","volume":4000,"label":" ","price":3.51},{"type":"B","date":"2018-03-29T03:07:56.000Z","volume":4000,"label":" ","price":3.51},{"type":"B","date":"2018-03-29T03:07:58.000Z","volume":2000,"label":" ","price":3.51},{"type":"A","date":"2018-03-29T03:08:02.000Z","volume":60000,"label":" ","price":3.52},{"type":"A","date":"2018-03-29T03:09:23.000Z","volume":30000,"label":" ","price":3.52},{"type":"B","date":"2018-03-29T03:09:25.000Z","volume":4000,"label":" ","price":3.51},{"type":"B","date":"2018-03-29T03:10:15.000Z","volume":2000,"label":" ","price":3.51},{"type":"B","date":"2018-03-29T03:10:15.000Z","volume":2000,"label":" ","price":3.51},{"type":"B","date":"2018-03-29T03:11:25.000Z","volume":4000,"label":" ","price":3.51},{"type":"B","date":"2018-03-29T03:11:27.000Z","volume":2000,"label":" ","price":3.51},{"type":"B","date":"2018-03-29T03:12:35.000Z","volume":4000,"label":" ","price":3.51},{"type":"B","date":"2018-03-29T03:13:45.000Z","volume":4000,"label":" ","price":3.51},{"type":"B","date":"2018-03-29T03:13:47.000Z","volume":2000,"label":" ","price":3.51},{"type":"A","date":"2018-03-29T03:13:50.000Z","volume":60000,"label":" ","price":3.52},{"type":"A","date":"2018-03-29T03:13:50.000Z","volume":22000,"label":" ","price":3.52},{"type":"B","date":"2018-03-29T03:16:05.000Z","volume":2000,"label":" ","price":3.52},{"type":"B","date":"2018-03-29T03:16:05.000Z","volume":2000,"label":" ","price":3.52},{"type":"B","date":"2018-03-29T03:16:07.000Z","volume":2000,"label":" ","price":3.52},{"type":"B","date":"2018-03-29T03:17:15.000Z","volume":4000,"label":" ","price":3.52},{"type":"B","date":"2018-03-29T03:17:17.000Z","volume":2000,"label":" ","price":3.52},{"type":"B","date":"2018-03-29T03:17:20.000Z","volume":4000,"label":" ","price":3.52},{"type":"B","date":"2018-03-29T03:17:25.000Z","volume":6000,"label":" ","price":3.52},{"type":"B","date":"2018-03-29T03:17:27.000Z","volume":4000,"label":" ","price":3.52},{"type":"B","date":"2018-03-29T03:18:25.000Z","volume":4000,"label":" ","price":3.52},{"type":"B","date":"2018-03-29T03:19:35.000Z","volume":4000,"label":" ","price":3.52},{"type":"B","date":"2018-03-29T03:19:37.000Z","volume":2000,"label":" ","price":3.52},{"type":"B","date":"2018-03-29T03:20:45.000Z","volume":4000,"label":" ","price":3.52},{"type":"A","date":"2018-03-29T03:21:10.000Z","volume":80000,"label":" ","price":3.53},{"type":"B","date":"2018-03-29T03:21:12.000Z","volume":18000,"label":" ","price":3.52},{"type":"B","date":"2018-03-29T03:22:29.000Z","volume":4000,"label":" ","price":3.52},{"type":"A","date":"2018-03-29T03:23:18.000Z","volume":60000,"label":" ","price":3.53},{"type":"B","date":"2018-03-29T03:23:21.000Z","volume":2000,"label":" ","price":3.52},{"type":"A","date":"2018-03-29T03:23:23.000Z","volume":6000,"label":" ","price":3.53},{"type":"A","date":"2018-03-29T03:23:23.000Z","volume":2000,"label":" ","price":3.53},{"type":"A","date":"2018-03-29T03:23:23.000Z","volume":2000,"label":" ","price":3.53},{"type":"B","date":"2018-03-29T03:23:30.000Z","volume":6000,"label":" ","price":3.53},{"type":"B","date":"2018-03-29T03:23:32.000Z","volume":2000,"label":" ","price":3.53},{"type":"B","date":"2018-03-29T03:24:49.000Z","volume":4000,"label":" ","price":3.53},{"type":"B","date":"2018-03-29T03:24:50.000Z","volume":4000,"label":" ","price":3.53},{"type":"B","date":"2018-03-29T03:24:51.000Z","volume":4000,"label":" ","price":3.53},{"type":"B","date":"2018-03-29T03:24:55.000Z","volume":12000,"label":" ","price":3.53},{"type":"B","date":"2018-03-29T03:24:57.000Z","volume":4000,"label":" ","price":3.53},{"type":"B","date":"2018-03-29T03:25:15.000Z","volume":2000,"label":" ","price":3.53},{"type":"B","date":"2018-03-29T03:25:59.000Z","volume":4000,"label":" ","price":3.53},{"type":"B","date":"2018-03-29T03:27:09.000Z","volume":4000,"label":" ","price":3.53},{"type":"B","date":"2018-03-29T03:27:11.000Z","volume":2000,"label":" ","price":3.53},{"type":"B","date":"2018-03-29T03:28:19.000Z","volume":4000,"label":" ","price":3.53},{"type":"B","date":"2018-03-29T03:28:20.000Z","volume":2000,"label":" ","price":3.53},{"type":"B","date":"2018-03-29T03:28:21.000Z","volume":2000,"label":" ","price":3.53},{"type":"B","date":"2018-03-29T03:29:29.000Z","volume":4000,"label":" ","price":3.53},{"type":"B","date":"2018-03-29T03:29:31.000Z","volume":2000,"label":" ","price":3.53},{"type":"B","date":"2018-03-29T03:29:35.000Z","volume":2000,"label":" ","price":3.53},{"type":"B","date":"2018-03-29T03:30:39.000Z","volume":4000,"label":" ","price":3.53},{"type":"B","date":"2018-03-29T03:30:41.000Z","volume":2000,"label":" ","price":3.53},{"type":"A","date":"2018-03-29T03:30:52.000Z","volume":2000,"label":" ","price":3.54},{"type":"B","date":"2018-03-29T03:31:49.000Z","volume":4000,"label":" ","price":3.53},{"type":"B","date":"2018-03-29T03:31:51.000Z","volume":2000,"label":" ","price":3.53},{"type":"B","date":"2018-03-29T03:32:43.000Z","volume":38000,"label":" ","price":3.53},{"type":"B","date":"2018-03-29T03:32:45.000Z","volume":2000,"label":" ","price":3.53},{"type":"B","date":"2018-03-29T03:32:45.000Z","volume":14000,"label":" ","price":3.53},{"type":"B","date":"2018-03-29T03:32:50.000Z","volume":8000,"label":" ","price":3.53},{"type":"B","date":"2018-03-29T03:32:52.000Z","volume":2000,"label":" ","price":3.53},{"type":"B","date":"2018-03-29T03:32:59.000Z","volume":4000,"label":" ","price":3.53},{"type":"B","date":"2018-03-29T03:33:10.000Z","volume":2000,"label":" ","price":3.53},{"type":"B","date":"2018-03-29T03:33:12.000Z","volume":2000,"label":" ","price":3.53},{"type":"A","date":"2018-03-29T03:33:25.000Z","volume":2000,"label":" ","price":3.54},{"type":"B","date":"2018-03-29T03:34:09.000Z","volume":4000,"label":" ","price":3.53},{"type":"B","date":"2018-03-29T03:34:10.000Z","volume":2000,"label":" ","price":3.53},{"type":"B","date":"2018-03-29T03:34:11.000Z","volume":2000,"label":" ","price":3.53},{"type":"B","date":"2018-03-29T03:34:37.000Z","volume":2000,"label":" ","price":3.53},{"type":"B","date":"2018-03-29T03:34:37.000Z","volume":6000,"label":" ","price":3.53},{"type":"B","date":"2018-03-29T03:34:39.000Z","volume":4000,"label":" ","price":3.53},{"type":"B","date":"2018-03-29T03:34:40.000Z","volume":2000,"label":" ","price":3.53},{"type":"A","date":"2018-03-29T03:35:03.000Z","volume":2000,"label":" ","price":3.53},{"type":"B","date":"2018-03-29T03:35:04.000Z","volume":2000,"label":" ","price":3.52},{"type":"B","date":"2018-03-29T03:35:39.000Z","volume":2000,"label":" ","price":3.52},{"type":"B","date":"2018-03-29T03:35:41.000Z","volume":2000,"label":" ","price":3.52},{"type":"B","date":"2018-03-29T03:36:14.000Z","volume":2000,"label":" ","price":3.52},{"type":"B","date":"2018-03-29T03:36:49.000Z","volume":2000,"label":" ","price":3.52},{"type":"B","date":"2018-03-29T03:36:57.000Z","volume":100000,"label":" ","price":3.52},{"type":"B","date":"2018-03-29T03:36:57.000Z","volume":20000,"label":" ","price":3.52},{"type":"U","date":"2018-03-29T03:36:57.000Z","volume":4000,"label":" ","price":3.52},{"type":"B","date":"2018-03-29T03:36:59.000Z","volume":34000,"label":" ","price":3.51},{"type":"B","date":"2018-03-29T03:37:00.000Z","volume":8000,"label":" ","price":3.51},{"type":"B","date":"2018-03-29T03:37:24.000Z","volume":2000,"label":" ","price":3.51},{"type":"B","date":"2018-03-29T03:37:58.000Z","volume":2000,"label":" ","price":3.51},{"type":"B","date":"2018-03-29T03:38:00.000Z","volume":2000,"label":" ","price":3.51},{"type":"B","date":"2018-03-29T03:38:33.000Z","volume":2000,"label":" ","price":3.51},{"type":"B","date":"2018-03-29T03:39:08.000Z","volume":2000,"label":" ","price":3.51},{"type":"B","date":"2018-03-29T03:39:43.000Z","volume":2000,"label":" ","price":3.51},{"type":"B","date":"2018-03-29T03:39:45.000Z","volume":2000,"label":" ","price":3.51},{"type":"B","date":"2018-03-29T03:39:55.000Z","volume":8000,"label":" ","price":3.51},{"type":"B","date":"2018-03-29T03:39:57.000Z","volume":2000,"label":" ","price":3.51},{"type":"B","date":"2018-03-29T03:40:18.000Z","volume":2000,"label":" ","price":3.51},{"type":"B","date":"2018-03-29T03:40:25.000Z","volume":26000,"label":" ","price":3.51},{"type":"B","date":"2018-03-29T03:40:27.000Z","volume":10000,"label":" ","price":3.51},{"type":"B","date":"2018-03-29T03:40:53.000Z","volume":2000,"label":" ","price":3.51},{"type":"B","date":"2018-03-29T03:41:28.000Z","volume":2000,"label":" ","price":3.51},{"type":"B","date":"2018-03-29T03:42:03.000Z","volume":2000,"label":" ","price":3.51},{"type":"B","date":"2018-03-29T03:42:05.000Z","volume":2000,"label":" ","price":3.51},{"type":"B","date":"2018-03-29T03:42:38.000Z","volume":2000,"label":" ","price":3.51},{"type":"B","date":"2018-03-29T03:43:13.000Z","volume":2000,"label":" ","price":3.51},{"type":"A","date":"2018-03-29T03:43:45.000Z","volume":50000,"label":" ","price":3.52},{"type":"B","date":"2018-03-29T03:43:47.000Z","volume":4000,"label":" ","price":3.51},{"type":"B","date":"2018-03-29T03:44:58.000Z","volume":2000,"label":" ","price":3.51},{"type":"A","date":"2018-03-29T03:45:08.000Z","volume":6000,"label":" ","price":3.52},{"type":"A","date":"2018-03-29T03:45:08.000Z","volume":10000,"label":" ","price":3.52},{"type":"B","date":"2018-03-29T03:45:10.000Z","volume":6000,"label":" ","price":3.51},{"type":"B","date":"2018-03-29T03:45:33.000Z","volume":2000,"label":" ","price":3.51},{"type":"B","date":"2018-03-29T03:46:08.000Z","volume":2000,"label":" ","price":3.51},{"type":"B","date":"2018-03-29T03:46:10.000Z","volume":2000,"label":" ","price":3.51},{"type":"A","date":"2018-03-29T03:46:23.000Z","volume":6000,"label":" ","price":3.52},{"type":"B","date":"2018-03-29T03:46:43.000Z","volume":2000,"label":" ","price":3.51},{"type":"B","date":"2018-03-29T03:47:00.000Z","volume":10000,"label":" ","price":3.51},{"type":"B","date":"2018-03-29T03:47:18.000Z","volume":2000,"label":"Y","price":3.51},{"type":"B","date":"2018-03-29T03:47:52.000Z","volume":2000,"label":"Y","price":3.51},{"type":"B","date":"2018-03-29T03:48:27.000Z","volume":2000,"label":" ","price":3.51},{"type":"B","date":"2018-03-29T03:49:00.000Z","volume":6000,"label":" ","price":3.51},{"type":"B","date":"2018-03-29T03:49:02.000Z","volume":2000,"label":" ","price":3.51},{"type":"B","date":"2018-03-29T03:49:03.000Z","volume":2000,"label":" ","price":3.51},{"type":"B","date":"2018-03-29T03:49:37.000Z","volume":2000,"label":" ","price":3.51},{"type":"B","date":"2018-03-29T03:50:12.000Z","volume":2000,"label":" ","price":3.51},{"type":"B","date":"2018-03-29T03:50:14.000Z","volume":2000,"label":" ","price":3.51},{"type":"B","date":"2018-03-29T03:50:47.000Z","volume":2000,"label":" ","price":3.51},{"type":"B","date":"2018-03-29T03:51:22.000Z","volume":2000,"label":" ","price":3.51},{"type":"A","date":"2018-03-29T03:51:38.000Z","volume":72000,"label":" ","price":3.52},{"type":"B","date":"2018-03-29T03:51:38.000Z","volume":2000,"label":" ","price":3.52},{"type":"A","date":"2018-03-29T03:51:38.000Z","volume":6000,"label":" ","price":3.52},{"type":"B","date":"2018-03-29T03:51:38.000Z","volume":2000,"label":" ","price":3.52},{"type":"B","date":"2018-03-29T03:51:38.000Z","volume":4000,"label":" ","price":3.52},{"type":"B","date":"2018-03-29T03:52:05.000Z","volume":6000,"label":" ","price":3.52},{"type":"B","date":"2018-03-29T03:53:07.000Z","volume":2000,"label":" ","price":3.52},{"type":"B","date":"2018-03-29T03:53:42.000Z","volume":2000,"label":" ","price":3.52},{"type":"B","date":"2018-03-29T03:53:45.000Z","volume":2000,"label":" ","price":3.52},{"type":"B","date":"2018-03-29T03:53:47.000Z","volume":2000,"label":" ","price":3.52},{"type":"B","date":"2018-03-29T03:54:09.000Z","volume":30000,"label":" ","price":3.52},{"type":"B","date":"2018-03-29T03:54:10.000Z","volume":2000,"label":" ","price":3.52},{"type":"B","date":"2018-03-29T03:54:11.000Z","volume":10000,"label":" ","price":3.51},{"type":"B","date":"2018-03-29T03:54:17.000Z","volume":2000,"label":" ","price":3.51},{"type":"B","date":"2018-03-29T03:54:52.000Z","volume":2000,"label":" ","price":3.51},{"type":"B","date":"2018-03-29T03:54:54.000Z","volume":2000,"label":" ","price":3.51},{"type":"B","date":"2018-03-29T03:55:27.000Z","volume":2000,"label":" ","price":3.51},{"type":"A","date":"2018-03-29T03:55:30.000Z","volume":4000,"label":" ","price":3.52},{"type":"B","date":"2018-03-29T03:55:32.000Z","volume":2000,"label":" ","price":3.51},{"type":"A","date":"2018-03-29T03:55:52.000Z","volume":6000,"label":" ","price":3.52},{"type":"B","date":"2018-03-29T03:55:54.000Z","volume":2000,"label":" ","price":3.51},{"type":"B","date":"2018-03-29T03:56:02.000Z","volume":2000,"label":" ","price":3.51},{"type":"B","date":"2018-03-29T03:56:37.000Z","volume":2000,"label":" ","price":3.51},{"type":"B","date":"2018-03-29T03:57:11.000Z","volume":2000,"label":" ","price":3.51},{"type":"B","date":"2018-03-29T03:57:13.000Z","volume":2000,"label":" ","price":3.51},{"type":"B","date":"2018-03-29T03:57:42.000Z","volume":10000,"label":" ","price":3.51},{"type":"B","date":"2018-03-29T03:57:44.000Z","volume":4000,"label":" ","price":3.51},{"type":"B","date":"2018-03-29T03:57:46.000Z","volume":2000,"label":" ","price":3.51},{"type":"B","date":"2018-03-29T03:57:50.000Z","volume":4000,"label":" ","price":3.51},{"type":"B","date":"2018-03-29T03:57:55.000Z","volume":6000,"label":" ","price":3.51},{"type":"B","date":"2018-03-29T03:57:57.000Z","volume":4000,"label":" ","price":3.51},{"type":"B","date":"2018-03-29T03:58:05.000Z","volume":2000,"label":" ","price":3.51},{"type":"B","date":"2018-03-29T03:58:21.000Z","volume":2000,"label":" ","price":3.51},{"type":"A","date":"2018-03-29T03:58:38.000Z","volume":2000,"label":" ","price":3.52},{"type":"B","date":"2018-03-29T03:58:56.000Z","volume":2000,"label":" ","price":3.51},{"type":"B","date":"2018-03-29T03:58:58.000Z","volume":2000,"label":" ","price":3.51},{"type":"A","date":"2018-03-29T03:58:58.000Z","volume":10000,"label":" ","price":3.52},{"type":"B","date":"2018-03-29T03:59:00.000Z","volume":2000,"label":" ","price":3.51},{"type":"B","date":"2018-03-29T03:59:01.000Z","volume":4000,"label":" ","price":3.51},{"type":"A","date":"2018-03-29T03:59:08.000Z","volume":2000,"label":" ","price":3.52},{"type":"B","date":"2018-03-29T03:59:31.000Z","volume":2000,"label":" ","price":3.51},{"type":"B","date":"2018-03-29T03:59:35.000Z","volume":2000,"label":" ","price":3.51},{"type":"B","date":"2018-03-29T03:59:37.000Z","volume":2000,"label":" ","price":3.51},{"type":"B","date":"2018-03-29T05:00:00.000Z","volume":10000,"label":" ","price":3.51},{"type":"B","date":"2018-03-29T05:00:03.000Z","volume":4000,"label":" ","price":3.5},{"type":"A","date":"2018-03-29T05:00:04.000Z","volume":2000,"label":" ","price":3.51},{"type":"A","date":"2018-03-29T05:00:07.000Z","volume":2000,"label":" ","price":3.51},{"type":"A","date":"2018-03-29T05:00:08.000Z","volume":40000,"label":" ","price":3.51},{"type":"A","date":"2018-03-29T05:00:08.000Z","volume":2000,"label":" ","price":3.51},{"type":"A","date":"2018-03-29T05:00:10.000Z","volume":8000,"label":" ","price":3.51},{"type":"B","date":"2018-03-29T05:00:15.000Z","volume":2000,"label":" ","price":3.51},{"type":"B","date":"2018-03-29T05:00:17.000Z","volume":2000,"label":" ","price":3.51},{"type":"A","date":"2018-03-29T05:00:33.000Z","volume":2000,"label":" ","price":3.52},{"type":"B","date":"2018-03-29T05:00:45.000Z","volume":4000,"label":" ","price":3.51},{"type":"A","date":"2018-03-29T05:01:53.000Z","volume":16000,"label":" ","price":3.52},{"type":"A","date":"2018-03-29T05:04:09.000Z","volume":60000,"label":" ","price":3.52},{"type":"B","date":"2018-03-29T05:04:41.000Z","volume":30000,"label":" ","price":3.51},{"type":"B","date":"2018-03-29T05:04:42.000Z","volume":2000,"label":" ","price":3.51},{"type":"B","date":"2018-03-29T05:04:44.000Z","volume":12000,"label":" ","price":3.51},{"type":"A","date":"2018-03-29T05:05:01.000Z","volume":8000,"label":" ","price":3.52},{"type":"B","date":"2018-03-29T05:05:31.000Z","volume":18000,"label":" ","price":3.51},{"type":"B","date":"2018-03-29T05:05:33.000Z","volume":2000,"label":" ","price":3.51},{"type":"B","date":"2018-03-29T05:05:52.000Z","volume":20000,"label":" ","price":3.51},{"type":"B","date":"2018-03-29T05:05:52.000Z","volume":2000,"label":" ","price":3.51},{"type":"B","date":"2018-03-29T05:05:55.000Z","volume":2000,"label":" ","price":3.51},{"type":"B","date":"2018-03-29T05:05:55.000Z","volume":8000,"label":" ","price":3.51},{"type":"B","date":"2018-03-29T05:06:00.000Z","volume":6000,"label":" ","price":3.51},{"type":"B","date":"2018-03-29T05:06:00.000Z","volume":2000,"label":" ","price":3.51},{"type":"B","date":"2018-03-29T05:06:02.000Z","volume":4000,"label":" ","price":3.5},{"type":"A","date":"2018-03-29T05:06:25.000Z","volume":6000,"label":" ","price":3.51},{"type":"A","date":"2018-03-29T05:06:26.000Z","volume":2000,"label":" ","price":3.51},{"type":"B","date":"2018-03-29T05:06:29.000Z","volume":2000,"label":" ","price":3.5},{"type":"U","date":"2018-03-29T05:08:47.000Z","volume":6000,"label":"X","price":3.505},{"type":"B","date":"2018-03-29T05:09:12.000Z","volume":2000,"label":" ","price":3.5},{"type":"B","date":"2018-03-29T05:09:12.000Z","volume":2000,"label":" ","price":3.5},{"type":"B","date":"2018-03-29T05:09:12.000Z","volume":2000,"label":" ","price":3.5},{"type":"B","date":"2018-03-29T05:09:14.000Z","volume":2000,"label":" ","price":3.5},{"type":"A","date":"2018-03-29T05:09:35.000Z","volume":8000,"label":" ","price":3.51},{"type":"B","date":"2018-03-29T05:09:36.000Z","volume":2000,"label":" ","price":3.5},{"type":"B","date":"2018-03-29T05:09:37.000Z","volume":4000,"label":" ","price":3.5},{"type":"B","date":"2018-03-29T05:11:12.000Z","volume":2000,"label":" ","price":3.5},{"type":"B","date":"2018-03-29T05:11:12.000Z","volume":2000,"label":" ","price":3.5},{"type":"B","date":"2018-03-29T05:11:12.000Z","volume":2000,"label":" ","price":3.5},{"type":"U","date":"2018-03-29T05:11:17.000Z","volume":4000,"label":"X","price":3.505},{"type":"U","date":"2018-03-29T05:12:52.000Z","volume":4000,"label":"X","price":3.505},{"type":"B","date":"2018-03-29T05:13:05.000Z","volume":6000,"label":" ","price":3.5},{"type":"B","date":"2018-03-29T05:13:06.000Z","volume":2000,"label":" ","price":3.5},{"type":"B","date":"2018-03-29T05:13:07.000Z","volume":4000,"label":" ","price":3.5},{"type":"B","date":"2018-03-29T05:13:13.000Z","volume":2000,"label":" ","price":3.5},{"type":"B","date":"2018-03-29T05:13:13.000Z","volume":2000,"label":" ","price":3.5},{"type":"B","date":"2018-03-29T05:13:13.000Z","volume":2000,"label":" ","price":3.5},{"type":"B","date":"2018-03-29T05:13:15.000Z","volume":2000,"label":" ","price":3.5},{"type":"B","date":"2018-03-29T05:13:16.000Z","volume":2000,"label":" ","price":3.5},{"type":"B","date":"2018-03-29T05:13:35.000Z","volume":4000,"label":" ","price":3.5},{"type":"B","date":"2018-03-29T05:13:37.000Z","volume":2000,"label":" ","price":3.5},{"type":"U","date":"2018-03-29T05:14:17.000Z","volume":6000,"label":"X","price":3.505},{"type":"A","date":"2018-03-29T05:15:09.000Z","volume":60000,"label":" ","price":3.51},{"type":"B","date":"2018-03-29T05:15:09.000Z","volume":2000,"label":" ","price":3.5},{"type":"U","date":"2018-03-29T05:15:10.000Z","volume":8000,"label":"X","price":3.505},{"type":"B","date":"2018-03-29T05:15:12.000Z","volume":12000,"label":" ","price":3.5},{"type":"B","date":"2018-03-29T05:15:53.000Z","volume":2000,"label":" ","price":3.5},{"type":"B","date":"2018-03-29T05:15:53.000Z","volume":2000,"label":" ","price":3.5},{"type":"B","date":"2018-03-29T05:15:53.000Z","volume":2000,"label":" ","price":3.5},{"type":"B","date":"2018-03-29T05:15:55.000Z","volume":2000,"label":" ","price":3.5},{"type":"A","date":"2018-03-29T05:16:10.000Z","volume":4000,"label":"Y","price":3.51},{"type":"A","date":"2018-03-29T05:16:10.000Z","volume":4000,"label":" ","price":3.51},{"type":"B","date":"2018-03-29T05:16:13.000Z","volume":4000,"label":" ","price":3.5},{"type":"B","date":"2018-03-29T05:16:24.000Z","volume":2000,"label":" ","price":3.5},{"type":"B","date":"2018-03-29T05:17:54.000Z","volume":2000,"label":" ","price":3.5},{"type":"B","date":"2018-03-29T05:17:54.000Z","volume":2000,"label":" ","price":3.5},{"type":"B","date":"2018-03-29T05:17:54.000Z","volume":2000,"label":" ","price":3.5},{"type":"B","date":"2018-03-29T05:17:56.000Z","volume":2000,"label":" ","price":3.5},{"type":"B","date":"2018-03-29T05:18:09.000Z","volume":2000,"label":" ","price":3.5},{"type":"U","date":"2018-03-29T05:18:17.000Z","volume":8000,"label":"X","price":3.505},{"type":"A","date":"2018-03-29T05:18:46.000Z","volume":10000,"label":" ","price":3.51},{"type":"B","date":"2018-03-29T05:18:48.000Z","volume":4000,"label":" ","price":3.5},{"type":"A","date":"2018-03-29T05:18:50.000Z","volume":50000,"label":" ","price":3.51},{"type":"A","date":"2018-03-29T05:18:50.000Z","volume":2000,"label":" ","price":3.51},{"type":"A","date":"2018-03-29T05:18:50.000Z","volume":14000,"label":" ","price":3.51},{"type":"B","date":"2018-03-29T05:18:50.000Z","volume":4000,"label":" ","price":3.5},{"type":"B","date":"2018-03-29T05:18:50.000Z","volume":2000,"label":" ","price":3.5},{"type":"A","date":"2018-03-29T05:18:50.000Z","volume":4000,"label":" ","price":3.51},{"type":"A","date":"2018-03-29T05:18:50.000Z","volume":2000,"label":" ","price":3.51},{"type":"A","date":"2018-03-29T05:19:14.000Z","volume":50000,"label":" ","price":3.51},{"type":"A","date":"2018-03-29T05:19:14.000Z","volume":6000,"label":" ","price":3.51},{"type":"B","date":"2018-03-29T05:19:15.000Z","volume":6000,"label":" ","price":3.51},{"type":"A","date":"2018-03-29T05:21:01.000Z","volume":100000,"label":" ","price":3.52},{"type":"A","date":"2018-03-29T05:21:01.000Z","volume":8000,"label":" ","price":3.52},{"type":"B","date":"2018-03-29T05:21:05.000Z","volume":2000,"label":" ","price":3.51},{"type":"U","date":"2018-03-29T05:21:25.000Z","volume":8000,"label":"X","price":3.515},{"type":"A","date":"2018-03-29T05:23:09.000Z","volume":40000,"label":" ","price":3.52},{"type":"B","date":"2018-03-29T05:23:12.000Z","volume":12000,"label":" ","price":3.51},{"type":"U","date":"2018-03-29T05:24:37.000Z","volume":8000,"label":"X","price":3.515},{"type":"B","date":"2018-03-29T05:25:16.000Z","volume":2000,"label":" ","price":3.51},{"type":"B","date":"2018-03-29T05:25:16.000Z","volume":2000,"label":" ","price":3.51},{"type":"B","date":"2018-03-29T05:25:16.000Z","volume":2000,"label":" ","price":3.51},{"type":"A","date":"2018-03-29T05:26:17.000Z","volume":30000,"label":" ","price":3.52},{"type":"B","date":"2018-03-29T05:27:16.000Z","volume":2000,"label":" ","price":3.51},{"type":"B","date":"2018-03-29T05:27:16.000Z","volume":2000,"label":" ","price":3.51},{"type":"B","date":"2018-03-29T05:27:16.000Z","volume":2000,"label":" ","price":3.51},{"type":"B","date":"2018-03-29T05:27:18.000Z","volume":2000,"label":" ","price":3.51},{"type":"A","date":"2018-03-29T05:28:09.000Z","volume":2000,"label":" ","price":3.52},{"type":"A","date":"2018-03-29T05:28:28.000Z","volume":72000,"label":" ","price":3.52},{"type":"A","date":"2018-03-29T05:28:28.000Z","volume":4000,"label":" ","price":3.52},{"type":"B","date":"2018-03-29T05:28:30.000Z","volume":2000,"label":" ","price":3.52},{"type":"U","date":"2018-03-29T05:28:47.000Z","volume":6000,"label":"X","price":3.525},{"type":"U","date":"2018-03-29T05:30:10.000Z","volume":8000,"label":"X","price":3.525},{"type":"B","date":"2018-03-29T05:31:17.000Z","volume":2000,"label":" ","price":3.52},{"type":"B","date":"2018-03-29T05:31:17.000Z","volume":2000,"label":" ","price":3.52},{"type":"B","date":"2018-03-29T05:31:17.000Z","volume":2000,"label":" ","price":3.52},{"type":"B","date":"2018-03-29T05:31:19.000Z","volume":2000,"label":" ","price":3.52},{"type":"A","date":"2018-03-29T05:32:15.000Z","volume":2000,"label":" ","price":3.53},{"type":"U","date":"2018-03-29T05:33:17.000Z","volume":6000,"label":"X","price":3.525},{"type":"B","date":"2018-03-29T05:33:18.000Z","volume":2000,"label":" ","price":3.52},{"type":"B","date":"2018-03-29T05:33:18.000Z","volume":2000,"label":" ","price":3.52},{"type":"B","date":"2018-03-29T05:33:18.000Z","volume":2000,"label":" ","price":3.52},{"type":"B","date":"2018-03-29T05:33:20.000Z","volume":4000,"label":" ","price":3.52},{"type":"B","date":"2018-03-29T05:33:25.000Z","volume":6000,"label":" ","price":3.52},{"type":"B","date":"2018-03-29T05:33:30.000Z","volume":8000,"label":" ","price":3.52},{"type":"B","date":"2018-03-29T05:33:32.000Z","volume":4000,"label":" ","price":3.52},{"type":"A","date":"2018-03-29T05:34:53.000Z","volume":100000,"label":" ","price":3.53},{"type":"A","date":"2018-03-29T05:34:53.000Z","volume":10000,"label":" ","price":3.53},{"type":"U","date":"2018-03-29T05:34:53.000Z","volume":2000,"label":" ","price":3.53},{"type":"A","date":"2018-03-29T05:34:54.000Z","volume":16000,"label":" ","price":3.54},{"type":"B","date":"2018-03-29T05:37:19.000Z","volume":2000,"label":" ","price":3.54},{"type":"B","date":"2018-03-29T05:37:19.000Z","volume":2000,"label":" ","price":3.54},{"type":"B","date":"2018-03-29T05:37:19.000Z","volume":2000,"label":" ","price":3.54},{"type":"B","date":"2018-03-29T05:39:20.000Z","volume":2000,"label":" ","price":3.54},{"type":"B","date":"2018-03-29T05:39:20.000Z","volume":2000,"label":" ","price":3.54},{"type":"B","date":"2018-03-29T05:39:20.000Z","volume":2000,"label":" ","price":3.54},{"type":"A","date":"2018-03-29T05:41:01.000Z","volume":100000,"label":" ","price":3.55},{"type":"B","date":"2018-03-29T05:41:04.000Z","volume":26000,"label":" ","price":3.54},{"type":"B","date":"2018-03-29T05:42:05.000Z","volume":12000,"label":" ","price":3.54},{"type":"B","date":"2018-03-29T05:42:07.000Z","volume":4000,"label":" ","price":3.54},{"type":"A","date":"2018-03-29T05:42:27.000Z","volume":4000,"label":" ","price":3.55},{"type":"A","date":"2018-03-29T05:42:27.000Z","volume":4000,"label":" ","price":3.55},{"type":"B","date":"2018-03-29T05:42:29.000Z","volume":4000,"label":" ","price":3.54},{"type":"B","date":"2018-03-29T05:42:40.000Z","volume":2000,"label":" ","price":3.54},{"type":"B","date":"2018-03-29T05:42:40.000Z","volume":2000,"label":" ","price":3.54},{"type":"B","date":"2018-03-29T05:42:40.000Z","volume":2000,"label":" ","price":3.54},{"type":"A","date":"2018-03-29T05:44:27.000Z","volume":60000,"label":" ","price":3.55},{"type":"B","date":"2018-03-29T05:44:28.000Z","volume":28000,"label":" ","price":3.54},{"type":"B","date":"2018-03-29T05:44:30.000Z","volume":4000,"label":" ","price":3.54},{"type":"A","date":"2018-03-29T05:44:56.000Z","volume":14000,"label":" ","price":3.55},{"type":"A","date":"2018-03-29T05:44:56.000Z","volume":10000,"label":" ","price":3.55},{"type":"B","date":"2018-03-29T05:44:58.000Z","volume":2000,"label":" ","price":3.54},{"type":"A","date":"2018-03-29T05:46:06.000Z","volume":4000,"label":" ","price":3.55},{"type":"A","date":"2018-03-29T05:46:06.000Z","volume":4000,"label":" ","price":3.55},{"type":"A","date":"2018-03-29T05:46:06.000Z","volume":2000,"label":" ","price":3.55},{"type":"A","date":"2018-03-29T05:46:06.000Z","volume":6000,"label":"Y","price":3.55},{"type":"A","date":"2018-03-29T05:46:06.000Z","volume":22000,"label":" ","price":3.55},{"type":"A","date":"2018-03-29T05:46:08.000Z","volume":2000,"label":" ","price":3.56},{"type":"B","date":"2018-03-29T05:46:09.000Z","volume":4000,"label":" ","price":3.55},{"type":"A","date":"2018-03-29T05:46:22.000Z","volume":16000,"label":" ","price":3.56},{"type":"B","date":"2018-03-29T05:46:24.000Z","volume":4000,"label":" ","price":3.55},{"type":"B","date":"2018-03-29T05:49:22.000Z","volume":2000,"label":" ","price":3.55},{"type":"B","date":"2018-03-29T05:49:22.000Z","volume":2000,"label":" ","price":3.55},{"type":"B","date":"2018-03-29T05:49:22.000Z","volume":2000,"label":" ","price":3.55},{"type":"B","date":"2018-03-29T05:49:24.000Z","volume":2000,"label":" ","price":3.55},{"type":"A","date":"2018-03-29T05:49:35.000Z","volume":60000,"label":" ","price":3.56},{"type":"A","date":"2018-03-29T05:50:56.000Z","volume":14000,"label":" ","price":3.56},{"type":"A","date":"2018-03-29T05:51:02.000Z","volume":2000,"label":" ","price":3.56},{"type":"B","date":"2018-03-29T05:51:23.000Z","volume":2000,"label":" ","price":3.55},{"type":"B","date":"2018-03-29T05:51:23.000Z","volume":2000,"label":" ","price":3.55},{"type":"B","date":"2018-03-29T05:51:23.000Z","volume":2000,"label":" ","price":3.55},{"type":"B","date":"2018-03-29T05:53:23.000Z","volume":2000,"label":" ","price":3.55},{"type":"B","date":"2018-03-29T05:53:23.000Z","volume":2000,"label":" ","price":3.55},{"type":"B","date":"2018-03-29T05:53:23.000Z","volume":2000,"label":" ","price":3.55},{"type":"B","date":"2018-03-29T05:53:26.000Z","volume":4000,"label":" ","price":3.55},{"type":"B","date":"2018-03-29T05:53:35.000Z","volume":4000,"label":" ","price":3.55},{"type":"B","date":"2018-03-29T05:53:40.000Z","volume":4000,"label":" ","price":3.55},{"type":"B","date":"2018-03-29T05:53:42.000Z","volume":2000,"label":" ","price":3.55},{"type":"A","date":"2018-03-29T05:53:54.000Z","volume":98000,"label":" ","price":3.56},{"type":"B","date":"2018-03-29T05:53:54.000Z","volume":2000,"label":" ","price":3.56},{"type":"A","date":"2018-03-29T05:53:54.000Z","volume":4000,"label":" ","price":3.56},{"type":"A","date":"2018-03-29T05:53:55.000Z","volume":6000,"label":" ","price":3.56},{"type":"A","date":"2018-03-29T05:53:55.000Z","volume":2000,"label":" ","price":3.56},{"type":"B","date":"2018-03-29T05:53:57.000Z","volume":32000,"label":" ","price":3.55},{"type":"B","date":"2018-03-29T05:54:27.000Z","volume":32000,"label":" ","price":3.55},{"type":"A","date":"2018-03-29T05:55:56.000Z","volume":4000,"label":" ","price":3.56},{"type":"B","date":"2018-03-29T05:56:00.000Z","volume":6000,"label":" ","price":3.55},{"type":"B","date":"2018-03-29T05:56:05.000Z","volume":10000,"label":" ","price":3.55},{"type":"A","date":"2018-03-29T05:56:09.000Z","volume":100000,"label":" ","price":3.56},{"type":"A","date":"2018-03-29T05:57:23.000Z","volume":2000,"label":" ","price":3.56},{"type":"B","date":"2018-03-29T05:57:58.000Z","volume":2000,"label":" ","price":3.55},{"type":"A","date":"2018-03-29T05:58:07.000Z","volume":4000,"label":" ","price":3.55},{"type":"A","date":"2018-03-29T05:58:28.000Z","volume":2000,"label":" ","price":3.55},{"type":"A","date":"2018-03-29T05:58:28.000Z","volume":4000,"label":" ","price":3.55},{"type":"A","date":"2018-03-29T05:58:28.000Z","volume":4000,"label":" ","price":3.55},{"type":"A","date":"2018-03-29T05:58:30.000Z","volume":4000,"label":"Y","price":3.55},{"type":"A","date":"2018-03-29T05:59:04.000Z","volume":52000,"label":" ","price":3.55},{"type":"A","date":"2018-03-29T06:00:12.000Z","volume":2000,"label":" ","price":3.56},{"type":"A","date":"2018-03-29T06:00:58.000Z","volume":2000,"label":" ","price":3.56},{"type":"A","date":"2018-03-29T06:01:56.000Z","volume":16000,"label":" ","price":3.56},{"type":"A","date":"2018-03-29T06:02:06.000Z","volume":2000,"label":" ","price":3.56},{"type":"A","date":"2018-03-29T06:02:08.000Z","volume":20000,"label":" ","price":3.56},{"type":"B","date":"2018-03-29T06:02:11.000Z","volume":20000,"label":" ","price":3.56},{"type":"B","date":"2018-03-29T06:02:11.000Z","volume":18000,"label":" ","price":3.56},{"type":"U","date":"2018-03-29T06:03:50.000Z","volume":4000,"label":" ","price":3.56},{"type":"A","date":"2018-03-29T06:03:50.000Z","volume":12000,"label":" ","price":3.57},{"type":"B","date":"2018-03-29T06:03:50.000Z","volume":6000,"label":" ","price":3.56},{"type":"B","date":"2018-03-29T06:03:51.000Z","volume":2000,"label":" ","price":3.55},{"type":"U","date":"2018-03-29T06:04:49.000Z","volume":4000,"label":"X","price":3.56},{"type":"A","date":"2018-03-29T06:05:19.000Z","volume":60000,"label":" ","price":3.57},{"type":"B","date":"2018-03-29T06:05:20.000Z","volume":12000,"label":" ","price":3.55},{"type":"B","date":"2018-03-29T06:06:47.000Z","volume":2000,"label":" ","price":3.55},{"type":"B","date":"2018-03-29T06:06:47.000Z","volume":2000,"label":" ","price":3.55},{"type":"B","date":"2018-03-29T06:06:47.000Z","volume":2000,"label":" ","price":3.55},{"type":"U","date":"2018-03-29T06:07:09.000Z","volume":6000,"label":"X","price":3.555},{"type":"B","date":"2018-03-29T06:08:47.000Z","volume":2000,"label":" ","price":3.55},{"type":"B","date":"2018-03-29T06:08:47.000Z","volume":2000,"label":" ","price":3.55},{"type":"B","date":"2018-03-29T06:08:47.000Z","volume":2000,"label":" ","price":3.55},{"type":"B","date":"2018-03-29T06:08:48.000Z","volume":2000,"label":" ","price":3.55},{"type":"A","date":"2018-03-29T06:08:57.000Z","volume":16000,"label":" ","price":3.56},{"type":"B","date":"2018-03-29T06:09:40.000Z","volume":22000,"label":" ","price":3.55},{"type":"B","date":"2018-03-29T06:09:41.000Z","volume":4000,"label":" ","price":3.55},{"type":"A","date":"2018-03-29T06:10:07.000Z","volume":44000,"label":" ","price":3.56},{"type":"A","date":"2018-03-29T06:10:07.000Z","volume":16000,"label":" ","price":3.57},{"type":"B","date":"2018-03-29T06:10:07.000Z","volume":2000,"label":" ","price":3.55},{"type":"B","date":"2018-03-29T06:10:07.000Z","volume":4000,"label":" ","price":3.55},{"type":"A","date":"2018-03-29T06:10:29.000Z","volume":6000,"label":"Y","price":3.57},{"type":"B","date":"2018-03-29T06:11:28.000Z","volume":2000,"label":" ","price":3.55},{"type":"B","date":"2018-03-29T06:11:28.000Z","volume":2000,"label":" ","price":3.55},{"type":"B","date":"2018-03-29T06:11:28.000Z","volume":2000,"label":" ","price":3.55},{"type":"A","date":"2018-03-29T06:11:32.000Z","volume":50000,"label":" ","price":3.57},{"type":"A","date":"2018-03-29T06:11:32.000Z","volume":16000,"label":" ","price":3.57},{"type":"B","date":"2018-03-29T06:11:32.000Z","volume":6000,"label":" ","price":3.56},{"type":"U","date":"2018-03-29T06:11:34.000Z","volume":4000,"label":"X","price":3.565},{"type":"U","date":"2018-03-29T06:11:34.000Z","volume":6000,"label":"X","price":3.565},{"type":"U","date":"2018-03-29T06:11:44.000Z","volume":4000,"label":"X","price":3.565},{"type":"U","date":"2018-03-29T06:11:44.000Z","volume":4000,"label":"X","price":3.565},{"type":"U","date":"2018-03-29T06:12:04.000Z","volume":4000,"label":"X","price":3.565},{"type":"A","date":"2018-03-29T06:12:32.000Z","volume":20000,"label":" ","price":3.57},{"type":"B","date":"2018-03-29T06:12:32.000Z","volume":2000,"label":" ","price":3.57},{"type":"B","date":"2018-03-29T06:12:38.000Z","volume":36000,"label":" ","price":3.57},{"type":"B","date":"2018-03-29T06:12:38.000Z","volume":14000,"label":" ","price":3.57},{"type":"B","date":"2018-03-29T06:12:39.000Z","volume":10000,"label":" ","price":3.56},{"type":"U","date":"2018-03-29T06:13:24.000Z","volume":4000,"label":"X","price":3.565},{"type":"U","date":"2018-03-29T06:14:34.000Z","volume":6000,"label":"X","price":3.565},{"type":"A","date":"2018-03-29T06:14:57.000Z","volume":16000,"label":" ","price":3.58},{"type":"B","date":"2018-03-29T06:15:00.000Z","volume":4000,"label":" ","price":3.57},{"type":"B","date":"2018-03-29T06:15:04.000Z","volume":4000,"label":" ","price":3.57},{"type":"U","date":"2018-03-29T06:16:09.000Z","volume":6000,"label":"X","price":3.565},{"type":"A","date":"2018-03-29T06:16:23.000Z","volume":50000,"label":" ","price":3.57},{"type":"A","date":"2018-03-29T06:16:23.000Z","volume":12000,"label":" ","price":3.57},{"type":"B","date":"2018-03-29T06:16:23.000Z","volume":6000,"label":" ","price":3.56},{"type":"B","date":"2018-03-29T06:16:23.000Z","volume":4000,"label":" ","price":3.56},{"type":"A","date":"2018-03-29T06:16:27.000Z","volume":16000,"label":" ","price":3.58},{"type":"B","date":"2018-03-29T06:16:50.000Z","volume":4000,"label":" ","price":3.57},{"type":"B","date":"2018-03-29T06:16:50.000Z","volume":2000,"label":" ","price":3.57},{"type":"A","date":"2018-03-29T06:17:48.000Z","volume":2000,"label":" ","price":3.58},{"type":"U","date":"2018-03-29T06:18:09.000Z","volume":6000,"label":"X","price":3.575},{"type":"B","date":"2018-03-29T06:18:10.000Z","volume":2000,"label":" ","price":3.57},{"type":"B","date":"2018-03-29T06:18:10.000Z","volume":2000,"label":" ","price":3.57},{"type":"B","date":"2018-03-29T06:18:10.000Z","volume":2000,"label":" ","price":3.57},{"type":"U","date":"2018-03-29T06:20:09.000Z","volume":6000,"label":"X","price":3.575},{"type":"B","date":"2018-03-29T06:20:10.000Z","volume":2000,"label":" ","price":3.57},{"type":"B","date":"2018-03-29T06:20:10.000Z","volume":2000,"label":" ","price":3.57},{"type":"B","date":"2018-03-29T06:20:10.000Z","volume":2000,"label":" ","price":3.57},{"type":"A","date":"2018-03-29T06:20:57.000Z","volume":14000,"label":" ","price":3.58},{"type":"B","date":"2018-03-29T06:22:11.000Z","volume":2000,"label":" ","price":3.57},{"type":"B","date":"2018-03-29T06:22:11.000Z","volume":2000,"label":" ","price":3.57},{"type":"B","date":"2018-03-29T06:22:11.000Z","volume":2000,"label":" ","price":3.57},{"type":"U","date":"2018-03-29T06:22:24.000Z","volume":6000,"label":"X","price":3.575},{"type":"B","date":"2018-03-29T06:24:11.000Z","volume":2000,"label":" ","price":3.57},{"type":"B","date":"2018-03-29T06:24:11.000Z","volume":2000,"label":" ","price":3.57},{"type":"B","date":"2018-03-29T06:24:11.000Z","volume":2000,"label":" ","price":3.57},{"type":"B","date":"2018-03-29T06:24:15.000Z","volume":2000,"label":" ","price":3.57},{"type":"U","date":"2018-03-29T06:24:29.000Z","volume":6000,"label":"X","price":3.575},{"type":"U","date":"2018-03-29T06:24:34.000Z","volume":395,"label":"D","price":3.52},{"type":"U","date":"2018-03-29T06:25:39.000Z","volume":6000,"label":"X","price":3.575},{"type":"A","date":"2018-03-29T06:26:00.000Z","volume":2000,"label":" ","price":3.58},{"type":"B","date":"2018-03-29T06:26:12.000Z","volume":2000,"label":" ","price":3.57},{"type":"B","date":"2018-03-29T06:26:12.000Z","volume":2000,"label":" ","price":3.57},{"type":"B","date":"2018-03-29T06:26:12.000Z","volume":2000,"label":" ","price":3.57},{"type":"A","date":"2018-03-29T06:26:56.000Z","volume":18000,"label":" ","price":3.58},{"type":"A","date":"2018-03-29T06:26:57.000Z","volume":8000,"label":" ","price":3.58},{"type":"B","date":"2018-03-29T06:27:35.000Z","volume":2000,"label":" ","price":3.57},{"type":"U","date":"2018-03-29T06:27:44.000Z","volume":6000,"label":"X","price":3.575},{"type":"A","date":"2018-03-29T06:28:31.000Z","volume":2000,"label":" ","price":3.58},{"type":"A","date":"2018-03-29T06:28:32.000Z","volume":6000,"label":" ","price":3.58},{"type":"A","date":"2018-03-29T06:29:01.000Z","volume":2000,"label":" ","price":3.58},{"type":"U","date":"2018-03-29T06:29:24.000Z","volume":6000,"label":"X","price":3.575},{"type":"A","date":"2018-03-29T06:30:20.000Z","volume":2000,"label":" ","price":3.58},{"type":"B","date":"2018-03-29T06:31:33.000Z","volume":2000,"label":" ","price":3.57},{"type":"B","date":"2018-03-29T06:31:33.000Z","volume":2000,"label":" ","price":3.57},{"type":"B","date":"2018-03-29T06:31:33.000Z","volume":2000,"label":" ","price":3.57},{"type":"B","date":"2018-03-29T06:31:35.000Z","volume":2000,"label":" ","price":3.57},{"type":"U","date":"2018-03-29T06:32:19.000Z","volume":4000,"label":"X","price":3.575},{"type":"B","date":"2018-03-29T06:33:34.000Z","volume":2000,"label":" ","price":3.57},{"type":"B","date":"2018-03-29T06:33:34.000Z","volume":2000,"label":" ","price":3.57},{"type":"B","date":"2018-03-29T06:33:34.000Z","volume":2000,"label":" ","price":3.57},{"type":"A","date":"2018-03-29T06:33:38.000Z","volume":2000,"label":" ","price":3.58},{"type":"U","date":"2018-03-29T06:33:39.000Z","volume":4000,"label":"X","price":3.575},{"type":"B","date":"2018-03-29T06:33:39.000Z","volume":14000,"label":" ","price":3.57},{"type":"B","date":"2018-03-29T06:33:40.000Z","volume":4000,"label":" ","price":3.57},{"type":"A","date":"2018-03-29T06:33:57.000Z","volume":14000,"label":" ","price":3.58},{"type":"A","date":"2018-03-29T06:33:58.000Z","volume":10000,"label":" ","price":3.58},{"type":"A","date":"2018-03-29T06:34:56.000Z","volume":8000,"label":" ","price":3.58},{"type":"U","date":"2018-03-29T06:34:59.000Z","volume":4000,"label":"X","price":3.575},{"type":"B","date":"2018-03-29T06:35:34.000Z","volume":2000,"label":" ","price":3.57},{"type":"B","date":"2018-03-29T06:35:34.000Z","volume":2000,"label":" ","price":3.57},{"type":"B","date":"2018-03-29T06:35:34.000Z","volume":2000,"label":" ","price":3.57},{"type":"U","date":"2018-03-29T06:35:49.000Z","volume":6000,"label":"X","price":3.575},{"type":"A","date":"2018-03-29T06:37:02.000Z","volume":2000,"label":" ","price":3.58},{"type":"A","date":"2018-03-29T06:37:34.000Z","volume":16000,"label":" ","price":3.58},{"type":"B","date":"2018-03-29T06:37:36.000Z","volume":2000,"label":" ","price":3.57},{"type":"B","date":"2018-03-29T06:37:36.000Z","volume":2000,"label":" ","price":3.57},{"type":"B","date":"2018-03-29T06:37:36.000Z","volume":2000,"label":" ","price":3.57},{"type":"U","date":"2018-03-29T06:37:54.000Z","volume":6000,"label":"X","price":3.575},{"type":"B","date":"2018-03-29T06:38:03.000Z","volume":2000,"label":" ","price":3.57},{"type":"B","date":"2018-03-29T06:38:40.000Z","volume":2000,"label":" ","price":3.57},{"type":"B","date":"2018-03-29T06:39:35.000Z","volume":2000,"label":" ","price":3.57},{"type":"B","date":"2018-03-29T06:39:35.000Z","volume":2000,"label":" ","price":3.57},{"type":"B","date":"2018-03-29T06:39:35.000Z","volume":2000,"label":" ","price":3.57},{"type":"U","date":"2018-03-29T06:39:54.000Z","volume":6000,"label":"X","price":3.575},{"type":"A","date":"2018-03-29T06:39:57.000Z","volume":14000,"label":" ","price":3.58},{"type":"A","date":"2018-03-29T06:39:58.000Z","volume":4000,"label":" ","price":3.58},{"type":"B","date":"2018-03-29T06:39:58.000Z","volume":16000,"label":" ","price":3.57},{"type":"A","date":"2018-03-29T06:40:22.000Z","volume":2000,"label":" ","price":3.58},{"type":"A","date":"2018-03-29T06:40:53.000Z","volume":14000,"label":" ","price":3.58},{"type":"A","date":"2018-03-29T06:41:12.000Z","volume":2000,"label":" ","price":3.58},{"type":"U","date":"2018-03-29T06:41:59.000Z","volume":6000,"label":"X","price":3.575},{"type":"A","date":"2018-03-29T06:42:20.000Z","volume":2000,"label":" ","price":3.58},{"type":"U","date":"2018-03-29T06:43:59.000Z","volume":6000,"label":"X","price":3.575},{"type":"B","date":"2018-03-29T06:44:05.000Z","volume":10000,"label":" ","price":3.57},{"type":"B","date":"2018-03-29T06:44:56.000Z","volume":2000,"label":" ","price":3.57},{"type":"B","date":"2018-03-29T06:44:56.000Z","volume":2000,"label":" ","price":3.57},{"type":"B","date":"2018-03-29T06:44:56.000Z","volume":2000,"label":" ","price":3.57},{"type":"A","date":"2018-03-29T06:45:58.000Z","volume":10000,"label":" ","price":3.58},{"type":"U","date":"2018-03-29T06:46:04.000Z","volume":6000,"label":"X","price":3.575},{"type":"B","date":"2018-03-29T06:46:05.000Z","volume":4000,"label":" ","price":3.57},{"type":"B","date":"2018-03-29T06:46:57.000Z","volume":2000,"label":" ","price":3.57},{"type":"B","date":"2018-03-29T06:46:57.000Z","volume":2000,"label":" ","price":3.57},{"type":"B","date":"2018-03-29T06:46:57.000Z","volume":2000,"label":" ","price":3.57},{"type":"A","date":"2018-03-29T06:47:01.000Z","volume":12000,"label":" ","price":3.58},{"type":"U","date":"2018-03-29T06:47:44.000Z","volume":6000,"label":"X","price":3.575},{"type":"B","date":"2018-03-29T06:48:58.000Z","volume":2000,"label":" ","price":3.57},{"type":"B","date":"2018-03-29T06:48:58.000Z","volume":2000,"label":" ","price":3.57},{"type":"B","date":"2018-03-29T06:48:58.000Z","volume":2000,"label":" ","price":3.57},{"type":"U","date":"2018-03-29T06:49:49.000Z","volume":6000,"label":"X","price":3.575},{"type":"A","date":"2018-03-29T06:50:10.000Z","volume":2000,"label":" ","price":3.58},{"type":"A","date":"2018-03-29T06:50:31.000Z","volume":2000,"label":" ","price":3.58},{"type":"B","date":"2018-03-29T06:50:58.000Z","volume":2000,"label":" ","price":3.57},{"type":"B","date":"2018-03-29T06:50:58.000Z","volume":2000,"label":" ","price":3.57},{"type":"B","date":"2018-03-29T06:50:58.000Z","volume":2000,"label":" ","price":3.57},{"type":"B","date":"2018-03-29T06:51:15.000Z","volume":4000,"label":" ","price":3.57},{"type":"B","date":"2018-03-29T06:51:18.000Z","volume":16000,"label":" ","price":3.57},{"type":"B","date":"2018-03-29T06:51:20.000Z","volume":4000,"label":" ","price":3.57},{"type":"B","date":"2018-03-29T06:51:33.000Z","volume":2000,"label":" ","price":3.57},{"type":"A","date":"2018-03-29T06:51:58.000Z","volume":12000,"label":" ","price":3.58},{"type":"U","date":"2018-03-29T06:52:19.000Z","volume":4000,"label":"X","price":3.575},{"type":"B","date":"2018-03-29T06:52:19.000Z","volume":2000,"label":" ","price":3.57},{"type":"B","date":"2018-03-29T06:52:48.000Z","volume":36000,"label":" ","price":3.57},{"type":"B","date":"2018-03-29T06:52:49.000Z","volume":2000,"label":" ","price":3.57},{"type":"B","date":"2018-03-29T06:52:49.000Z","volume":2000,"label":" ","price":3.57},{"type":"A","date":"2018-03-29T06:52:56.000Z","volume":10000,"label":" ","price":3.57},{"type":"B","date":"2018-03-29T06:52:59.000Z","volume":2000,"label":" ","price":3.56},{"type":"B","date":"2018-03-29T06:52:59.000Z","volume":2000,"label":" ","price":3.56},{"type":"B","date":"2018-03-29T06:52:59.000Z","volume":2000,"label":"Y","price":3.56},{"type":"U","date":"2018-03-29T06:54:49.000Z","volume":4000,"label":"X","price":3.56},{"type":"B","date":"2018-03-29T06:54:59.000Z","volume":2000,"label":" ","price":3.55},{"type":"B","date":"2018-03-29T06:54:59.000Z","volume":2000,"label":" ","price":3.55},{"type":"B","date":"2018-03-29T06:54:59.000Z","volume":2000,"label":" ","price":3.55},{"type":"U","date":"2018-03-29T06:55:54.000Z","volume":4000,"label":"X","price":3.56},{"type":"A","date":"2018-03-29T06:56:58.000Z","volume":14000,"label":" ","price":3.57},{"type":"U","date":"2018-03-29T06:56:59.000Z","volume":4000,"label":"X","price":3.565},{"type":"B","date":"2018-03-29T06:56:59.000Z","volume":4000,"label":" ","price":3.56},{"type":"B","date":"2018-03-29T06:56:59.000Z","volume":2000,"label":" ","price":3.56},{"type":"B","date":"2018-03-29T06:56:59.000Z","volume":4000,"label":" ","price":3.56},{"type":"B","date":"2018-03-29T06:56:59.000Z","volume":2000,"label":" ","price":3.56},{"type":"B","date":"2018-03-29T06:57:00.000Z","volume":2000,"label":" ","price":3.56},{"type":"B","date":"2018-03-29T06:57:00.000Z","volume":2000,"label":" ","price":3.56},{"type":"B","date":"2018-03-29T06:57:00.000Z","volume":2000,"label":" ","price":3.56},{"type":"B","date":"2018-03-29T06:57:18.000Z","volume":2000,"label":" ","price":3.56},{"type":"U","date":"2018-03-29T06:57:19.000Z","volume":4000,"label":"X","price":3.565},{"type":"A","date":"2018-03-29T06:58:24.000Z","volume":16000,"label":" ","price":3.57},{"type":"B","date":"2018-03-29T06:58:25.000Z","volume":4000,"label":" ","price":3.56},{"type":"U","date":"2018-03-29T06:58:39.000Z","volume":4000,"label":"X","price":3.565},{"type":"U","date":"2018-03-29T06:58:45.000Z","volume":2000,"label":"X","price":3.56},{"type":"B","date":"2018-03-29T06:58:45.000Z","volume":22000,"label":" ","price":3.56},{"type":"B","date":"2018-03-29T06:58:46.000Z","volume":4000,"label":" ","price":3.56},{"type":"A","date":"2018-03-29T06:59:17.000Z","volume":4000,"label":" ","price":3.56},{"type":"A","date":"2018-03-29T06:59:20.000Z","volume":2000,"label":" ","price":3.56},{"type":"A","date":"2018-03-29T06:59:20.000Z","volume":2000,"label":" ","price":3.56},{"type":"B","date":"2018-03-29T06:59:40.000Z","volume":2000,"label":" ","price":3.55},{"type":"B","date":"2018-03-29T06:59:41.000Z","volume":2000,"label":" ","price":3.55},{"type":"B","date":"2018-03-29T06:59:41.000Z","volume":2000,"label":" ","price":3.55},{"type":"B","date":"2018-03-29T06:59:41.000Z","volume":2000,"label":" ","price":3.55},{"type":"U","date":"2018-03-29T06:59:42.000Z","volume":4000,"label":"X","price":3.555},{"type":"U","date":"2018-03-29T07:01:39.000Z","volume":4000,"label":"X","price":3.555},{"type":"B","date":"2018-03-29T07:01:41.000Z","volume":2000,"label":" ","price":3.55},{"type":"B","date":"2018-03-29T07:01:41.000Z","volume":2000,"label":" ","price":3.55},{"type":"B","date":"2018-03-29T07:01:41.000Z","volume":2000,"label":" ","price":3.55},{"type":"U","date":"2018-03-29T07:02:59.000Z","volume":4000,"label":"X","price":3.555},{"type":"B","date":"2018-03-29T07:03:41.000Z","volume":2000,"label":" ","price":3.55},{"type":"B","date":"2018-03-29T07:03:41.000Z","volume":2000,"label":" ","price":3.55},{"type":"B","date":"2018-03-29T07:03:41.000Z","volume":2000,"label":" ","price":3.55},{"type":"B","date":"2018-03-29T07:03:45.000Z","volume":2000,"label":" ","price":3.55},{"type":"A","date":"2018-03-29T07:03:57.000Z","volume":14000,"label":" ","price":3.56},{"type":"A","date":"2018-03-29T07:03:58.000Z","volume":2000,"label":" ","price":3.56},{"type":"U","date":"2018-03-29T07:04:19.000Z","volume":4000,"label":"X","price":3.555},{"type":"A","date":"2018-03-29T07:05:02.000Z","volume":12000,"label":" ","price":3.56},{"type":"U","date":"2018-03-29T07:05:14.000Z","volume":4000,"label":"X","price":3.555},{"type":"B","date":"2018-03-29T07:05:42.000Z","volume":2000,"label":" ","price":3.55},{"type":"B","date":"2018-03-29T07:05:42.000Z","volume":2000,"label":" ","price":3.55},{"type":"B","date":"2018-03-29T07:05:42.000Z","volume":2000,"label":" ","price":3.55},{"type":"A","date":"2018-03-29T07:06:08.000Z","volume":6000,"label":" ","price":3.56},{"type":"U","date":"2018-03-29T07:06:34.000Z","volume":4000,"label":"X","price":3.555},{"type":"B","date":"2018-03-29T07:07:10.000Z","volume":8000,"label":" ","price":3.55},{"type":"B","date":"2018-03-29T07:07:42.000Z","volume":2000,"label":" ","price":3.55},{"type":"B","date":"2018-03-29T07:07:42.000Z","volume":2000,"label":" ","price":3.55},{"type":"B","date":"2018-03-29T07:07:42.000Z","volume":2000,"label":" ","price":3.55},{"type":"U","date":"2018-03-29T07:07:54.000Z","volume":4000,"label":"X","price":3.555},{"type":"A","date":"2018-03-29T07:08:58.000Z","volume":14000,"label":" ","price":3.56},{"type":"U","date":"2018-03-29T07:09:19.000Z","volume":4000,"label":"X","price":3.555},{"type":"A","date":"2018-03-29T07:09:24.000Z","volume":20000,"label":" ","price":3.56},{"type":"B","date":"2018-03-29T07:09:43.000Z","volume":2000,"label":" ","price":3.55},{"type":"B","date":"2018-03-29T07:09:43.000Z","volume":2000,"label":" ","price":3.55},{"type":"B","date":"2018-03-29T07:09:43.000Z","volume":2000,"label":" ","price":3.55},{"type":"U","date":"2018-03-29T07:10:24.000Z","volume":4000,"label":"X","price":3.555},{"type":"A","date":"2018-03-29T07:10:30.000Z","volume":4000,"label":" ","price":3.56},{"type":"B","date":"2018-03-29T07:11:03.000Z","volume":2000,"label":" ","price":3.55},{"type":"B","date":"2018-03-29T07:11:03.000Z","volume":12000,"label":" ","price":3.55},{"type":"B","date":"2018-03-29T07:11:10.000Z","volume":12000,"label":" ","price":3.55},{"type":"U","date":"2018-03-29T07:11:44.000Z","volume":4000,"label":"X","price":3.555},{"type":"B","date":"2018-03-29T07:12:24.000Z","volume":2000,"label":" ","price":3.55},{"type":"B","date":"2018-03-29T07:12:24.000Z","volume":2000,"label":" ","price":3.55},{"type":"B","date":"2018-03-29T07:12:24.000Z","volume":2000,"label":" ","price":3.55},{"type":"B","date":"2018-03-29T07:12:25.000Z","volume":10000,"label":" ","price":3.55},{"type":"B","date":"2018-03-29T07:12:30.000Z","volume":2000,"label":" ","price":3.55},{"type":"U","date":"2018-03-29T07:12:44.000Z","volume":4000,"label":"X","price":3.555},{"type":"U","date":"2018-03-29T07:14:09.000Z","volume":4000,"label":"X","price":3.555},{"type":"B","date":"2018-03-29T07:14:24.000Z","volume":2000,"label":" ","price":3.55},{"type":"B","date":"2018-03-29T07:14:24.000Z","volume":2000,"label":" ","price":3.55},{"type":"B","date":"2018-03-29T07:14:24.000Z","volume":2000,"label":" ","price":3.55},{"type":"B","date":"2018-03-29T07:14:25.000Z","volume":2000,"label":" ","price":3.55},{"type":"B","date":"2018-03-29T07:14:30.000Z","volume":2000,"label":" ","price":3.55},{"type":"A","date":"2018-03-29T07:14:57.000Z","volume":10000,"label":" ","price":3.56},{"type":"A","date":"2018-03-29T07:14:57.000Z","volume":2000,"label":" ","price":3.56},{"type":"B","date":"2018-03-29T07:14:58.000Z","volume":2000,"label":" ","price":3.55},{"type":"U","date":"2018-03-29T07:16:09.000Z","volume":4000,"label":"X","price":3.555},{"type":"A","date":"2018-03-29T07:16:09.000Z","volume":2000,"label":" ","price":3.56},{"type":"A","date":"2018-03-29T07:16:21.000Z","volume":6000,"label":" ","price":3.56},{"type":"B","date":"2018-03-29T07:16:22.000Z","volume":2000,"label":" ","price":3.55},{"type":"U","date":"2018-03-29T07:17:14.000Z","volume":4000,"label":"X","price":3.555},{"type":"B","date":"2018-03-29T07:17:45.000Z","volume":2000,"label":" ","price":3.55},{"type":"B","date":"2018-03-29T07:17:45.000Z","volume":2000,"label":" ","price":3.55},{"type":"B","date":"2018-03-29T07:17:45.000Z","volume":2000,"label":" ","price":3.55},{"type":"B","date":"2018-03-29T07:17:50.000Z","volume":2000,"label":" ","price":3.55},{"type":"U","date":"2018-03-29T07:18:39.000Z","volume":4000,"label":"X","price":3.555},{"type":"B","date":"2018-03-29T07:19:46.000Z","volume":2000,"label":" ","price":3.55},{"type":"B","date":"2018-03-29T07:19:46.000Z","volume":2000,"label":" ","price":3.55},{"type":"B","date":"2018-03-29T07:19:46.000Z","volume":2000,"label":" ","price":3.55},{"type":"B","date":"2018-03-29T07:19:47.000Z","volume":2000,"label":" ","price":3.55},{"type":"U","date":"2018-03-29T07:19:59.000Z","volume":4000,"label":"X","price":3.555},{"type":"U","date":"2018-03-29T07:20:39.000Z","volume":4000,"label":"X","price":3.555},{"type":"A","date":"2018-03-29T07:20:57.000Z","volume":2000,"label":" ","price":3.56},{"type":"A","date":"2018-03-29T07:20:59.000Z","volume":18000,"label":" ","price":3.56},{"type":"A","date":"2018-03-29T07:21:00.000Z","volume":2000,"label":" ","price":3.56},{"type":"B","date":"2018-03-29T07:21:02.000Z","volume":2000,"label":" ","price":3.55},{"type":"A","date":"2018-03-29T07:21:36.000Z","volume":2000,"label":" ","price":3.56},{"type":"B","date":"2018-03-29T07:21:46.000Z","volume":2000,"label":" ","price":3.55},{"type":"B","date":"2018-03-29T07:21:46.000Z","volume":2000,"label":" ","price":3.55},{"type":"B","date":"2018-03-29T07:21:46.000Z","volume":2000,"label":" ","price":3.55},{"type":"U","date":"2018-03-29T07:22:04.000Z","volume":4000,"label":"X","price":3.555},{"type":"B","date":"2018-03-29T07:22:10.000Z","volume":4000,"label":" ","price":3.55},{"type":"A","date":"2018-03-29T07:22:16.000Z","volume":2000,"label":" ","price":3.56},{"type":"A","date":"2018-03-29T07:22:34.000Z","volume":6000,"label":" ","price":3.56},{"type":"U","date":"2018-03-29T07:23:29.000Z","volume":4000,"label":"X","price":3.555},{"type":"B","date":"2018-03-29T07:23:47.000Z","volume":2000,"label":" ","price":3.55},{"type":"B","date":"2018-03-29T07:23:47.000Z","volume":2000,"label":" ","price":3.55},{"type":"B","date":"2018-03-29T07:23:47.000Z","volume":2000,"label":" ","price":3.55},{"type":"B","date":"2018-03-29T07:24:00.000Z","volume":2000,"label":" ","price":3.55},{"type":"B","date":"2018-03-29T07:24:00.000Z","volume":6000,"label":" ","price":3.55},{"type":"B","date":"2018-03-29T07:24:35.000Z","volume":10000,"label":" ","price":3.55},{"type":"B","date":"2018-03-29T07:24:39.000Z","volume":2000,"label":" ","price":3.55},{"type":"B","date":"2018-03-29T07:24:40.000Z","volume":8000,"label":" ","price":3.55},{"type":"B","date":"2018-03-29T07:24:45.000Z","volume":2000,"label":" ","price":3.55},{"type":"U","date":"2018-03-29T07:24:54.000Z","volume":4000,"label":"X","price":3.555},{"type":"B","date":"2018-03-29T07:25:19.000Z","volume":2000,"label":" ","price":3.55},{"type":"U","date":"2018-03-29T07:25:44.000Z","volume":4000,"label":"X","price":3.555},{"type":"B","date":"2018-03-29T07:26:00.000Z","volume":2000,"label":" ","price":3.55},{"type":"B","date":"2018-03-29T07:26:40.000Z","volume":2000,"label":" ","price":3.55},{"type":"B","date":"2018-03-29T07:27:00.000Z","volume":2000,"label":" ","price":3.55},{"type":"B","date":"2018-03-29T07:27:03.000Z","volume":4000,"label":" ","price":3.55},{"type":"B","date":"2018-03-29T07:27:05.000Z","volume":2000,"label":" ","price":3.55},{"type":"U","date":"2018-03-29T07:27:09.000Z","volume":4000,"label":"X","price":3.555},{"type":"B","date":"2018-03-29T07:27:20.000Z","volume":2000,"label":"Y","price":3.55},{"type":"B","date":"2018-03-29T07:27:20.000Z","volume":2000,"label":" ","price":3.55},{"type":"B","date":"2018-03-29T07:27:47.000Z","volume":20000,"label":" ","price":3.55},{"type":"B","date":"2018-03-29T07:27:50.000Z","volume":4000,"label":" ","price":3.55},{"type":"B","date":"2018-03-29T07:27:50.000Z","volume":2000,"label":" ","price":3.55},{"type":"B","date":"2018-03-29T07:27:50.000Z","volume":2000,"label":" ","price":3.55},{"type":"A","date":"2018-03-29T07:27:58.000Z","volume":6000,"label":" ","price":3.56},{"type":"B","date":"2018-03-29T07:28:00.000Z","volume":2000,"label":" ","price":3.55},{"type":"B","date":"2018-03-29T07:28:10.000Z","volume":2000,"label":" ","price":3.55},{"type":"A","date":"2018-03-29T07:28:30.000Z","volume":4000,"label":" ","price":3.56},{"type":"B","date":"2018-03-29T07:28:31.000Z","volume":20000,"label":" ","price":3.55},{"type":"U","date":"2018-03-29T07:28:40.000Z","volume":4000,"label":"X","price":3.555},{"type":"B","date":"2018-03-29T07:28:40.000Z","volume":2000,"label":"Y","price":3.55},{"type":"B","date":"2018-03-29T07:28:40.000Z","volume":4000,"label":" ","price":3.55},{"type":"B","date":"2018-03-29T07:29:20.000Z","volume":2000,"label":" ","price":3.54},{"type":"A","date":"2018-03-29T07:29:20.000Z","volume":2000,"label":" ","price":3.55},{"type":"A","date":"2018-03-29T07:29:20.000Z","volume":2000,"label":"Y","price":3.55},{"type":"B","date":"2018-03-29T07:29:33.000Z","volume":2000,"label":" ","price":3.54},{"type":"B","date":"2018-03-29T07:29:35.000Z","volume":2000,"label":" ","price":3.54},{"type":"U","date":"2018-03-29T07:30:00.000Z","volume":4000,"label":"X","price":3.545},{"type":"B","date":"2018-03-29T07:30:01.000Z","volume":2000,"label":" ","price":3.54},{"type":"B","date":"2018-03-29T07:30:35.000Z","volume":30000,"label":" ","price":3.54},{"type":"B","date":"2018-03-29T07:30:36.000Z","volume":4000,"label":" ","price":3.54},{"type":"B","date":"2018-03-29T07:30:40.000Z","volume":6000,"label":" ","price":3.54},{"type":"B","date":"2018-03-29T07:30:41.000Z","volume":2000,"label":" ","price":3.54},{"type":"B","date":"2018-03-29T07:30:41.000Z","volume":2000,"label":" ","price":3.54},{"type":"B","date":"2018-03-29T07:30:59.000Z","volume":32000,"label":" ","price":3.54},{"type":"B","date":"2018-03-29T07:31:00.000Z","volume":4000,"label":" ","price":3.53},{"type":"A","date":"2018-03-29T07:31:15.000Z","volume":4000,"label":" ","price":3.54},{"type":"B","date":"2018-03-29T07:31:16.000Z","volume":2000,"label":" ","price":3.53},{"type":"B","date":"2018-03-29T07:31:20.000Z","volume":4000,"label":" ","price":3.53},{"type":"B","date":"2018-03-29T07:31:21.000Z","volume":2000,"label":" ","price":3.53},{"type":"A","date":"2018-03-29T07:31:44.000Z","volume":4000,"label":" ","price":3.54},{"type":"B","date":"2018-03-29T07:31:45.000Z","volume":2000,"label":" ","price":3.53},{"type":"U","date":"2018-03-29T07:31:55.000Z","volume":4000,"label":"X","price":3.535},{"type":"B","date":"2018-03-29T07:32:15.000Z","volume":6000,"label":" ","price":3.53},{"type":"B","date":"2018-03-29T07:32:41.000Z","volume":2000,"label":" ","price":3.53},{"type":"U","date":"2018-03-29T07:32:55.000Z","volume":4000,"label":"X","price":3.535},{"type":"B","date":"2018-03-29T07:33:21.000Z","volume":2000,"label":" ","price":3.53},{"type":"A","date":"2018-03-29T07:33:43.000Z","volume":4000,"label":" ","price":3.54},{"type":"A","date":"2018-03-29T07:33:43.000Z","volume":4000,"label":" ","price":3.54},{"type":"B","date":"2018-03-29T07:33:44.000Z","volume":2000,"label":" ","price":3.53},{"type":"B","date":"2018-03-29T07:33:45.000Z","volume":2000,"label":" ","price":3.53},{"type":"B","date":"2018-03-29T07:33:57.000Z","volume":20000,"label":" ","price":3.53},{"type":"B","date":"2018-03-29T07:33:58.000Z","volume":4000,"label":" ","price":3.53},{"type":"B","date":"2018-03-29T07:34:00.000Z","volume":4000,"label":" ","price":3.53},{"type":"B","date":"2018-03-29T07:34:01.000Z","volume":2000,"label":" ","price":3.53},{"type":"U","date":"2018-03-29T07:34:20.000Z","volume":4000,"label":"X","price":3.535},{"type":"A","date":"2018-03-29T07:34:31.000Z","volume":8000,"label":" ","price":3.54},{"type":"B","date":"2018-03-29T07:34:32.000Z","volume":2000,"label":" ","price":3.53},{"type":"B","date":"2018-03-29T07:34:35.000Z","volume":2000,"label":" ","price":3.53},{"type":"B","date":"2018-03-29T07:34:42.000Z","volume":2000,"label":" ","price":3.53},{"type":"A","date":"2018-03-29T07:35:05.000Z","volume":8000,"label":" ","price":3.54},{"type":"B","date":"2018-03-29T07:35:06.000Z","volume":2000,"label":" ","price":3.53},{"type":"B","date":"2018-03-29T07:35:06.000Z","volume":2000,"label":" ","price":3.53},{"type":"A","date":"2018-03-29T07:35:20.000Z","volume":2000,"label":" ","price":3.54},{"type":"B","date":"2018-03-29T07:35:22.000Z","volume":2000,"label":" ","price":3.53},{"type":"A","date":"2018-03-29T07:35:38.000Z","volume":14000,"label":" ","price":3.54},{"type":"B","date":"2018-03-29T07:35:41.000Z","volume":52000,"label":" ","price":3.53},{"type":"A","date":"2018-03-29T07:35:41.000Z","volume":4000,"label":" ","price":3.53},{"type":"B","date":"2018-03-29T07:35:42.000Z","volume":2000,"label":" ","price":3.52},{"type":"U","date":"2018-03-29T07:35:43.000Z","volume":4000,"label":"X","price":3.525},{"type":"B","date":"2018-03-29T07:36:02.000Z","volume":2000,"label":" ","price":3.52},{"type":"U","date":"2018-03-29T07:36:35.000Z","volume":4000,"label":"X","price":3.525},{"type":"B","date":"2018-03-29T07:36:42.000Z","volume":2000,"label":" ","price":3.52},{"type":"B","date":"2018-03-29T07:37:22.000Z","volume":2000,"label":" ","price":3.52},{"type":"A","date":"2018-03-29T07:37:38.000Z","volume":2000,"label":" ","price":3.53},{"type":"B","date":"2018-03-29T07:37:39.000Z","volume":2000,"label":" ","price":3.52},{"type":"A","date":"2018-03-29T07:37:48.000Z","volume":4000,"label":" ","price":3.53},{"type":"B","date":"2018-03-29T07:38:02.000Z","volume":2000,"label":" ","price":3.52},{"type":"U","date":"2018-03-29T07:38:03.000Z","volume":4000,"label":"X","price":3.525},{"type":"A","date":"2018-03-29T07:38:17.000Z","volume":2000,"label":" ","price":3.53},{"type":"B","date":"2018-03-29T07:38:42.000Z","volume":2000,"label":" ","price":3.52},{"type":"A","date":"2018-03-29T07:39:12.000Z","volume":2000,"label":" ","price":3.53},{"type":"B","date":"2018-03-29T07:39:23.000Z","volume":2000,"label":" ","price":3.52},{"type":"B","date":"2018-03-29T07:39:24.000Z","volume":2000,"label":" ","price":3.52},{"type":"U","date":"2018-03-29T07:39:35.000Z","volume":4000,"label":"X","price":3.525},{"type":"A","date":"2018-03-29T07:39:38.000Z","volume":14000,"label":" ","price":3.53},{"type":"B","date":"2018-03-29T07:39:39.000Z","volume":2000,"label":" ","price":3.52},{"type":"B","date":"2018-03-29T07:40:03.000Z","volume":2000,"label":" ","price":3.52},{"type":"A","date":"2018-03-29T07:40:03.000Z","volume":2000,"label":" ","price":3.53},{"type":"A","date":"2018-03-29T07:40:21.000Z","volume":2000,"label":" ","price":3.53},{"type":"B","date":"2018-03-29T07:40:21.000Z","volume":80000,"label":" ","price":3.52},{"type":"B","date":"2018-03-29T07:40:22.000Z","volume":12000,"label":" ","price":3.52},{"type":"B","date":"2018-03-29T07:40:25.000Z","volume":42000,"label":" ","price":3.52},{"type":"B","date":"2018-03-29T07:40:26.000Z","volume":6000,"label":" ","price":3.52},{"type":"A","date":"2018-03-29T07:40:31.000Z","volume":6000,"label":" ","price":3.53},{"type":"B","date":"2018-03-29T07:40:32.000Z","volume":2000,"label":" ","price":3.52},{"type":"B","date":"2018-03-29T07:40:35.000Z","volume":2000,"label":" ","price":3.52},{"type":"B","date":"2018-03-29T07:40:43.000Z","volume":2000,"label":" ","price":3.52},{"type":"A","date":"2018-03-29T07:41:17.000Z","volume":2000,"label":" ","price":3.53},{"type":"B","date":"2018-03-29T07:41:18.000Z","volume":2000,"label":"Y","price":3.52},{"type":"B","date":"2018-03-29T07:41:23.000Z","volume":2000,"label":" ","price":3.52},{"type":"U","date":"2018-03-29T07:41:24.000Z","volume":2000,"label":"X","price":3.525},{"type":"B","date":"2018-03-29T07:41:34.000Z","volume":2000,"label":" ","price":3.52},{"type":"A","date":"2018-03-29T07:41:38.000Z","volume":14000,"label":" ","price":3.53},{"type":"B","date":"2018-03-29T07:41:39.000Z","volume":4000,"label":" ","price":3.52},{"type":"B","date":"2018-03-29T07:41:55.000Z","volume":4000,"label":" ","price":3.52},{"type":"B","date":"2018-03-29T07:42:03.000Z","volume":2000,"label":" ","price":3.52},{"type":"B","date":"2018-03-29T07:42:05.000Z","volume":6000,"label":" ","price":3.52},{"type":"U","date":"2018-03-29T07:42:10.000Z","volume":2000,"label":"X","price":3.525},{"type":"B","date":"2018-03-29T07:42:21.000Z","volume":2000,"label":" ","price":3.52},{"type":"B","date":"2018-03-29T07:42:22.000Z","volume":2000,"label":" ","price":3.52},{"type":"B","date":"2018-03-29T07:42:26.000Z","volume":4000,"label":"Y","price":3.52},{"type":"B","date":"2018-03-29T07:42:26.000Z","volume":32000,"label":" ","price":3.52},{"type":"B","date":"2018-03-29T07:42:27.000Z","volume":4000,"label":" ","price":3.52},{"type":"B","date":"2018-03-29T07:42:28.000Z","volume":2000,"label":"Y","price":3.52},{"type":"B","date":"2018-03-29T07:42:30.000Z","volume":8000,"label":" ","price":3.52},{"type":"B","date":"2018-03-29T07:42:31.000Z","volume":2000,"label":" ","price":3.52},{"type":"B","date":"2018-03-29T07:42:34.000Z","volume":2000,"label":" ","price":3.52},{"type":"B","date":"2018-03-29T07:42:43.000Z","volume":2000,"label":" ","price":3.52},{"type":"U","date":"2018-03-29T07:42:50.000Z","volume":2000,"label":"X","price":3.525},{"type":"B","date":"2018-03-29T07:42:56.000Z","volume":2000,"label":"Y","price":3.52},{"type":"B","date":"2018-03-29T07:43:00.000Z","volume":2000,"label":" ","price":3.52},{"type":"B","date":"2018-03-29T07:43:00.000Z","volume":2000,"label":" ","price":3.52},{"type":"B","date":"2018-03-29T07:43:01.000Z","volume":2000,"label":" ","price":3.52},{"type":"B","date":"2018-03-29T07:43:01.000Z","volume":2000,"label":" ","price":3.52},{"type":"A","date":"2018-03-29T07:43:16.000Z","volume":2000,"label":" ","price":3.53},{"type":"A","date":"2018-03-29T07:43:22.000Z","volume":30000,"label":" ","price":3.53},{"type":"B","date":"2018-03-29T07:43:23.000Z","volume":2000,"label":" ","price":3.52},{"type":"B","date":"2018-03-29T07:43:23.000Z","volume":4000,"label":" ","price":3.52},{"type":"B","date":"2018-03-29T07:43:24.000Z","volume":2000,"label":" ","price":3.52},{"type":"A","date":"2018-03-29T07:44:00.000Z","volume":24000,"label":" ","price":3.52},{"type":"B","date":"2018-03-29T07:44:04.000Z","volume":2000,"label":" ","price":3.51},{"type":"A","date":"2018-03-29T07:44:21.000Z","volume":8000,"label":" ","price":3.52},{"type":"A","date":"2018-03-29T07:44:21.000Z","volume":210000,"label":" ","price":3.52},{"type":"A","date":"2018-03-29T07:44:53.000Z","volume":8000,"label":" ","price":3.52},{"type":"A","date":"2018-03-29T07:45:07.000Z","volume":2000,"label":" ","price":3.52},{"type":"A","date":"2018-03-29T07:45:14.000Z","volume":2000,"label":"Y","price":3.52},{"type":"A","date":"2018-03-29T07:45:14.000Z","volume":2000,"label":"Y","price":3.52},{"type":"A","date":"2018-03-29T07:45:14.000Z","volume":2000,"label":"Y","price":3.52},{"type":"A","date":"2018-03-29T07:45:29.000Z","volume":6000,"label":"Y","price":3.52},{"type":"A","date":"2018-03-29T07:45:38.000Z","volume":16000,"label":" ","price":3.52},{"type":"A","date":"2018-03-29T07:46:31.000Z","volume":10000,"label":" ","price":3.52},{"type":"B","date":"2018-03-29T07:46:44.000Z","volume":2000,"label":" ","price":3.51},{"type":"A","date":"2018-03-29T07:47:14.000Z","volume":4000,"label":" ","price":3.52},{"type":"A","date":"2018-03-29T07:47:23.000Z","volume":14000,"label":" ","price":3.52},{"type":"B","date":"2018-03-29T07:47:24.000Z","volume":2000,"label":" ","price":3.51},{"type":"A","date":"2018-03-29T07:47:38.000Z","volume":2000,"label":" ","price":3.52},{"type":"A","date":"2018-03-29T07:47:38.000Z","volume":12000,"label":" ","price":3.52},{"type":"A","date":"2018-03-29T07:47:38.000Z","volume":2000,"label":"Y","price":3.52},{"type":"A","date":"2018-03-29T07:47:41.000Z","volume":4000,"label":"Y","price":3.52},{"type":"A","date":"2018-03-29T07:47:41.000Z","volume":2000,"label":" ","price":3.52},{"type":"A","date":"2018-03-29T07:47:52.000Z","volume":12000,"label":" ","price":3.52},{"type":"A","date":"2018-03-29T07:47:57.000Z","volume":10000,"label":" ","price":3.52},{"type":"B","date":"2018-03-29T07:48:05.000Z","volume":2000,"label":" ","price":3.51},{"type":"A","date":"2018-03-29T07:48:44.000Z","volume":2000,"label":" ","price":3.52},{"type":"B","date":"2018-03-29T07:48:45.000Z","volume":2000,"label":" ","price":3.51},{"type":"A","date":"2018-03-29T07:48:58.000Z","volume":2000,"label":" ","price":3.52},{"type":"A","date":"2018-03-29T07:49:23.000Z","volume":16000,"label":" ","price":3.52},{"type":"A","date":"2018-03-29T07:49:23.000Z","volume":2000,"label":" ","price":3.52},{"type":"A","date":"2018-03-29T07:49:24.000Z","volume":2000,"label":" ","price":3.52},{"type":"A","date":"2018-03-29T07:49:37.000Z","volume":56000,"label":" ","price":3.52},{"type":"A","date":"2018-03-29T07:49:48.000Z","volume":12000,"label":" ","price":3.52},{"type":"A","date":"2018-03-29T07:49:58.000Z","volume":2000,"label":" ","price":3.52},{"type":"A","date":"2018-03-29T07:50:21.000Z","volume":2000,"label":" ","price":3.52},{"type":"A","date":"2018-03-29T07:50:25.000Z","volume":4000,"label":" ","price":3.52},{"type":"A","date":"2018-03-29T07:50:57.000Z","volume":2000,"label":" ","price":3.52},{"type":"A","date":"2018-03-29T07:50:58.000Z","volume":4000,"label":" ","price":3.52},{"type":"A","date":"2018-03-29T07:51:13.000Z","volume":2000,"label":"Y","price":3.52},{"type":"B","date":"2018-03-29T07:51:25.000Z","volume":2000,"label":" ","price":3.51},{"type":"A","date":"2018-03-29T07:51:31.000Z","volume":4000,"label":" ","price":3.52},{"type":"B","date":"2018-03-29T07:51:35.000Z","volume":2000,"label":" ","price":3.51},{"type":"B","date":"2018-03-29T07:52:06.000Z","volume":2000,"label":" ","price":3.51},{"type":"A","date":"2018-03-29T07:52:25.000Z","volume":2000,"label":"Y","price":3.52},{"type":"B","date":"2018-03-29T07:52:46.000Z","volume":2000,"label":" ","price":3.51},{"type":"A","date":"2018-03-29T07:53:01.000Z","volume":6000,"label":" ","price":3.52},{"type":"A","date":"2018-03-29T07:53:04.000Z","volume":12000,"label":" ","price":3.52},{"type":"A","date":"2018-03-29T07:53:32.000Z","volume":2000,"label":" ","price":3.52},{"type":"A","date":"2018-03-29T07:53:32.000Z","volume":2000,"label":" ","price":3.52},{"type":"A","date":"2018-03-29T07:54:01.000Z","volume":6000,"label":" ","price":3.52},{"type":"A","date":"2018-03-29T07:54:10.000Z","volume":2000,"label":" ","price":3.52},{"type":"A","date":"2018-03-29T07:54:11.000Z","volume":4000,"label":" ","price":3.52},{"type":"A","date":"2018-03-29T07:54:11.000Z","volume":4000,"label":" ","price":3.52},{"type":"A","date":"2018-03-29T07:54:29.000Z","volume":2000,"label":" ","price":3.52},{"type":"A","date":"2018-03-29T07:54:40.000Z","volume":10000,"label":" ","price":3.52},{"type":"A","date":"2018-03-29T07:54:44.000Z","volume":2000,"label":" ","price":3.52},{"type":"A","date":"2018-03-29T07:54:55.000Z","volume":2000,"label":" ","price":3.52},{"type":"A","date":"2018-03-29T07:55:00.000Z","volume":10000,"label":" ","price":3.52},{"type":"A","date":"2018-03-29T07:55:18.000Z","volume":2000,"label":" ","price":3.52},{"type":"A","date":"2018-03-29T07:55:18.000Z","volume":2000,"label":"Y","price":3.52},{"type":"A","date":"2018-03-29T07:55:19.000Z","volume":2000,"label":"Y","price":3.52},{"type":"B","date":"2018-03-29T07:55:26.000Z","volume":2000,"label":" ","price":3.51},{"type":"A","date":"2018-03-29T07:55:37.000Z","volume":2000,"label":" ","price":3.52},{"type":"A","date":"2018-03-29T07:56:00.000Z","volume":2000,"label":" ","price":3.52},{"type":"B","date":"2018-03-29T07:56:06.000Z","volume":2000,"label":" ","price":3.51},{"type":"A","date":"2018-03-29T07:56:20.000Z","volume":12000,"label":" ","price":3.52},{"type":"A","date":"2018-03-29T07:56:20.000Z","volume":16000,"label":" ","price":3.52},{"type":"A","date":"2018-03-29T07:56:23.000Z","volume":2000,"label":" ","price":3.52},{"type":"A","date":"2018-03-29T07:56:32.000Z","volume":6000,"label":" ","price":3.52},{"type":"A","date":"2018-03-29T07:56:32.000Z","volume":6000,"label":" ","price":3.52},{"type":"A","date":"2018-03-29T07:56:32.000Z","volume":8000,"label":" ","price":3.52},{"type":"A","date":"2018-03-29T07:56:32.000Z","volume":6000,"label":" ","price":3.52},{"type":"A","date":"2018-03-29T07:56:32.000Z","volume":10000,"label":" ","price":3.52},{"type":"A","date":"2018-03-29T07:56:38.000Z","volume":2000,"label":"Y","price":3.52},{"type":"B","date":"2018-03-29T07:56:47.000Z","volume":2000,"label":" ","price":3.51},{"type":"A","date":"2018-03-29T07:57:04.000Z","volume":2000,"label":" ","price":3.52},{"type":"A","date":"2018-03-29T07:57:04.000Z","volume":2000,"label":" ","price":3.52},{"type":"A","date":"2018-03-29T07:57:14.000Z","volume":2000,"label":" ","price":3.52},{"type":"A","date":"2018-03-29T07:57:14.000Z","volume":2000,"label":" ","price":3.52},{"type":"A","date":"2018-03-29T07:57:25.000Z","volume":6000,"label":" ","price":3.52},{"type":"A","date":"2018-03-29T07:57:26.000Z","volume":6000,"label":" ","price":3.52},{"type":"A","date":"2018-03-29T07:57:33.000Z","volume":30000,"label":" ","price":3.52},{"type":"A","date":"2018-03-29T07:57:50.000Z","volume":2000,"label":" ","price":3.52},{"type":"A","date":"2018-03-29T07:57:54.000Z","volume":2000,"label":" ","price":3.52},{"type":"A","date":"2018-03-29T07:57:54.000Z","volume":2000,"label":" ","price":3.52},{"type":"A","date":"2018-03-29T07:58:03.000Z","volume":2000,"label":" ","price":3.52},{"type":"A","date":"2018-03-29T07:58:03.000Z","volume":6000,"label":" ","price":3.52},{"type":"A","date":"2018-03-29T07:58:05.000Z","volume":14000,"label":" ","price":3.52},{"type":"B","date":"2018-03-29T07:58:05.000Z","volume":2000,"label":" ","price":3.51},{"type":"A","date":"2018-03-29T07:58:05.000Z","volume":6000,"label":" ","price":3.52},{"type":"A","date":"2018-03-29T07:58:05.000Z","volume":2000,"label":" ","price":3.52},{"type":"A","date":"2018-03-29T07:58:12.000Z","volume":10000,"label":" ","price":3.52},{"type":"A","date":"2018-03-29T07:58:12.000Z","volume":16000,"label":" ","price":3.52},{"type":"A","date":"2018-03-29T07:58:19.000Z","volume":2000,"label":" ","price":3.52},{"type":"A","date":"2018-03-29T07:58:19.000Z","volume":20000,"label":" ","price":3.52},{"type":"A","date":"2018-03-29T07:58:26.000Z","volume":20000,"label":" ","price":3.52},{"type":"A","date":"2018-03-29T07:58:26.000Z","volume":10000,"label":" ","price":3.52}