[{"type":"A","date":"2018-05-02T01:34:48.000Z","volume":10000,"label":" ","price":3.13},{"type":"A","date":"2018-05-02T01:34:48.000Z","volume":40000,"label":" ","price":3.13},{"type":"A","date":"2018-05-02T01:35:08.000Z","volume":15000,"label":" ","price":3.14},{"type":"A","date":"2018-05-02T01:35:21.000Z","volume":5000,"label":" ","price":3.16},{"type":"A","date":"2018-05-02T01:35:26.000Z","volume":20000,"label":" ","price":3.18},{"type":"A","date":"2018-05-02T01:35:41.000Z","volume":35000,"label":" ","price":3.19},{"type":"A","date":"2018-05-02T01:35:41.000Z","volume":15000,"label":" ","price":3.19},{"type":"A","date":"2018-05-02T01:35:49.000Z","volume":10000,"label":" ","price":3.2},{"type":"A","date":"2018-05-02T01:36:05.000Z","volume":20000,"label":" ","price":3.2},{"type":"B","date":"2018-05-02T01:37:12.000Z","volume":5000,"label":" ","price":3.2},{"type":"B","date":"2018-05-02T01:37:54.000Z","volume":20000,"label":" ","price":3.2},{"type":"A","date":"2018-05-02T01:38:08.000Z","volume":10000,"label":" ","price":3.23},{"type":"A","date":"2018-05-02T01:38:08.000Z","volume":35000,"label":" ","price":3.24},{"type":"A","date":"2018-05-02T01:38:08.000Z","volume":5000,"label":" ","price":3.24},{"type":"B","date":"2018-05-02T01:38:36.000Z","volume":5000,"label":" ","price":3.21},{"type":"B","date":"2018-05-02T01:38:36.000Z","volume":5000,"label":" ","price":3.21},{"type":"B","date":"2018-05-02T01:39:23.000Z","volume":20000,"label":" ","price":3.21},{"type":"A","date":"2018-05-02T01:39:49.000Z","volume":10000,"label":" ","price":3.21},{"type":"B","date":"2018-05-02T01:40:41.000Z","volume":5000,"label":" ","price":3.21},{"type":"A","date":"2018-05-02T01:41:27.000Z","volume":5000,"label":" ","price":3.24},{"type":"B","date":"2018-05-02T01:41:27.000Z","volume":15000,"label":" ","price":3.24},{"type":"A","date":"2018-05-02T01:42:31.000Z","volume":55000,"label":" ","price":3.24},{"type":"A","date":"2018-05-02T01:42:31.000Z","volume":30000,"label":" ","price":3.25},{"type":"A","date":"2018-05-02T01:42:40.000Z","volume":5000,"label":" ","price":3.26},{"type":"B","date":"2018-05-02T01:42:44.000Z","volume":5000,"label":" ","price":3.26},{"type":"B","date":"2018-05-02T01:42:44.000Z","volume":5000,"label":" ","price":3.24},{"type":"A","date":"2018-05-02T01:42:54.000Z","volume":30000,"label":" ","price":3.27},{"type":"A","date":"2018-05-02T01:42:59.000Z","volume":20000,"label":" ","price":3.27},{"type":"A","date":"2018-05-02T01:43:31.000Z","volume":5000,"label":"Y","price":3.27},{"type":"A","date":"2018-05-02T01:43:42.000Z","volume":55000,"label":" ","price":3.27},{"type":"B","date":"2018-05-02T01:43:53.000Z","volume":10000,"label":" ","price":3.27},{"type":"B","date":"2018-05-02T01:43:58.000Z","volume":20000,"label":" ","price":3.26},{"type":"B","date":"2018-05-02T01:45:55.000Z","volume":90000,"label":" ","price":3.24},{"type":"B","date":"2018-05-02T01:46:59.000Z","volume":5000,"label":" ","price":3.22},{"type":"B","date":"2018-05-02T01:48:55.000Z","volume":5000,"label":" ","price":3.22},{"type":"B","date":"2018-05-02T01:50:14.000Z","volume":5000,"label":" ","price":3.22},{"type":"B","date":"2018-05-02T01:51:34.000Z","volume":5000,"label":" ","price":3.22},{"type":"A","date":"2018-05-02T01:51:39.000Z","volume":20000,"label":" ","price":3.24},{"type":"B","date":"2018-05-02T02:01:55.000Z","volume":5000,"label":" ","price":3.22},{"type":"B","date":"2018-05-02T02:02:57.000Z","volume":20000,"label":" ","price":3.22},{"type":"B","date":"2018-05-02T02:02:57.000Z","volume":5000,"label":" ","price":3.22},{"type":"B","date":"2018-05-02T02:04:09.000Z","volume":10000,"label":" ","price":3.22},{"type":"B","date":"2018-05-02T02:04:09.000Z","volume":10000,"label":" ","price":3.22},{"type":"A","date":"2018-05-02T02:04:33.000Z","volume":15000,"label":" ","price":3.23},{"type":"B","date":"2018-05-02T02:05:20.000Z","volume":10000,"label":" ","price":3.22},{"type":"A","date":"2018-05-02T02:06:27.000Z","volume":15000,"label":" ","price":3.23},{"type":"A","date":"2018-05-02T02:08:54.000Z","volume":10000,"label":" ","price":3.23},{"type":"B","date":"2018-05-02T02:10:50.000Z","volume":5000,"label":" ","price":3.23},{"type":"B","date":"2018-05-02T02:12:58.000Z","volume":30000,"label":" ","price":3.23},{"type":"B","date":"2018-05-02T02:13:52.000Z","volume":10000,"label":" ","price":3.23},{"type":"B","date":"2018-05-02T02:16:17.000Z","volume":5000,"label":" ","price":3.23},{"type":"B","date":"2018-05-02T02:22:23.000Z","volume":10000,"label":" ","price":3.23},{"type":"B","date":"2018-05-02T02:23:53.000Z","volume":5000,"label":" ","price":3.23},{"type":"B","date":"2018-05-02T02:25:40.000Z","volume":5000,"label":" ","price":3.23},{"type":"B","date":"2018-05-02T02:25:56.000Z","volume":10000,"label":" ","price":3.23},{"type":"B","date":"2018-05-02T02:26:47.000Z","volume":5000,"label":" ","price":3.23},{"type":"B","date":"2018-05-02T02:30:07.000Z","volume":10000,"label":" ","price":3.23},{"type":"A","date":"2018-05-02T02:34:44.000Z","volume":10000,"label":" ","price":3.24},{"type":"A","date":"2018-05-02T02:35:49.000Z","volume":30000,"label":"Y","price":3.24},{"type":"A","date":"2018-05-02T02:35:49.000Z","volume":20000,"label":" ","price":3.24},{"type":"A","date":"2018-05-02T02:50:46.000Z","volume":60000,"label":"Y","price":3.24},{"type":"A","date":"2018-05-02T02:50:46.000Z","volume":90000,"label":" ","price":3.24},{"type":"A","date":"2018-05-02T02:50:46.000Z","volume":5000,"label":" ","price":3.24},{"type":"B","date":"2018-05-02T02:51:57.000Z","volume":10000,"label":" ","price":3.23},{"type":"A","date":"2018-05-02T02:52:27.000Z","volume":10000,"label":" ","price":3.23},{"type":"A","date":"2018-05-02T02:52:27.000Z","volume":10000,"label":" ","price":3.24},{"type":"B","date":"2018-05-02T02:55:52.000Z","volume":10000,"label":" ","price":3.23},{"type":"A","date":"2018-05-02T02:56:58.000Z","volume":30000,"label":" ","price":3.24},{"type":"B","date":"2018-05-02T02:56:58.000Z","volume":5000,"label":" ","price":3.23},{"type":"U","date":"2018-05-02T02:57:05.000Z","volume":5000,"label":" ","price":3.23},{"type":"A","date":"2018-05-02T02:57:19.000Z","volume":185000,"label":"Y","price":3.25},{"type":"A","date":"2018-05-02T02:57:19.000Z","volume":15000,"label":" ","price":3.25},{"type":"A","date":"2018-05-02T02:58:03.000Z","volume":10000,"label":" ","price":3.25},{"type":"A","date":"2018-05-02T02:58:16.000Z","volume":15000,"label":" ","price":3.25},{"type":"A","date":"2018-05-02T02:58:32.000Z","volume":30000,"label":"Y","price":3.26},{"type":"A","date":"2018-05-02T02:58:32.000Z","volume":215000,"label":" ","price":3.26},{"type":"A","date":"2018-05-02T02:58:49.000Z","volume":20000,"label":"Y","price":3.26},{"type":"A","date":"2018-05-02T02:58:49.000Z","volume":15000,"label":" ","price":3.26},{"type":"A","date":"2018-05-02T02:58:49.000Z","volume":10000,"label":"Y","price":3.27},{"type":"A","date":"2018-05-02T02:58:49.000Z","volume":125000,"label":" ","price":3.27},{"type":"A","date":"2018-05-02T02:59:00.000Z","volume":10000,"label":" ","price":3.27},{"type":"B","date":"2018-05-02T03:00:38.000Z","volume":5000,"label":" ","price":3.27},{"type":"A","date":"2018-05-02T03:01:07.000Z","volume":5000,"label":" ","price":3.28},{"type":"A","date":"2018-05-02T03:01:11.000Z","volume":5000,"label":" ","price":3.28},{"type":"B","date":"2018-05-02T03:02:02.000Z","volume":25000,"label":" ","price":3.27},{"type":"B","date":"2018-05-02T03:02:16.000Z","volume":10000,"label":" ","price":3.27},{"type":"A","date":"2018-05-02T03:02:56.000Z","volume":40000,"label":" ","price":3.28},{"type":"A","date":"2018-05-02T03:02:56.000Z","volume":40000,"label":" ","price":3.29},{"type":"A","date":"2018-05-02T03:02:56.000Z","volume":1865000,"label":" ","price":3.3},{"type":"A","date":"2018-05-02T03:02:56.000Z","volume":15000,"label":" ","price":3.3},{"type":"B","date":"2018-05-02T03:03:46.000Z","volume":15000,"label":" ","price":3.3},{"type":"B","date":"2018-05-02T03:04:30.000Z","volume":10000,"label":" ","price":3.3},{"type":"B","date":"2018-05-02T03:05:06.000Z","volume":5000,"label":"Y","price":3.3},{"type":"B","date":"2018-05-02T03:05:06.000Z","volume":15000,"label":" ","price":3.3},{"type":"B","date":"2018-05-02T03:05:13.000Z","volume":15000,"label":" ","price":3.3},{"type":"B","date":"2018-05-02T03:05:13.000Z","volume":35000,"label":" ","price":3.3},{"type":"A","date":"2018-05-02T03:10:17.000Z","volume":100000,"label":" ","price":3.3},{"type":"B","date":"2018-05-02T03:10:26.000Z","volume":10000,"label":" ","price":3.3},{"type":"B","date":"2018-05-02T03:10:42.000Z","volume":30000,"label":" ","price":3.3},{"type":"A","date":"2018-05-02T03:11:06.000Z","volume":5000,"label":" ","price":3.31},{"type":"A","date":"2018-05-02T03:11:08.000Z","volume":5000,"label":" ","price":3.31},{"type":"B","date":"2018-05-02T03:11:32.000Z","volume":10000,"label":" ","price":3.3},{"type":"A","date":"2018-05-02T03:15:13.000Z","volume":50000,"label":" ","price":3.3},{"type":"A","date":"2018-05-02T03:16:55.000Z","volume":5000,"label":"Y","price":3.3},{"type":"A","date":"2018-05-02T03:16:55.000Z","volume":15000,"label":" ","price":3.3},{"type":"A","date":"2018-05-02T03:17:10.000Z","volume":10000,"label":"Y","price":3.3},{"type":"A","date":"2018-05-02T03:17:10.000Z","volume":20000,"label":" ","price":3.3},{"type":"B","date":"2018-05-02T03:17:25.000Z","volume":10000,"label":"Y","price":3.26},{"type":"B","date":"2018-05-02T03:17:25.000Z","volume":20000,"label":" ","price":3.26},{"type":"A","date":"2018-05-02T03:18:42.000Z","volume":40000,"label":" ","price":3.3},{"type":"A","date":"2018-05-02T03:21:19.000Z","volume":210000,"label":" ","price":3.31},{"type":"A","date":"2018-05-02T03:21:48.000Z","volume":40000,"label":" ","price":3.3},{"type":"A","date":"2018-05-02T03:22:01.000Z","volume":10000,"label":"Y","price":3.3},{"type":"A","date":"2018-05-02T03:22:29.000Z","volume":10000,"label":" ","price":3.3},{"type":"A","date":"2018-05-02T03:23:26.000Z","volume":20000,"label":" ","price":3.3},{"type":"A","date":"2018-05-02T03:24:27.000Z","volume":40000,"label":" ","price":3.3},{"type":"A","date":"2018-05-02T03:26:11.000Z","volume":5000,"label":" ","price":3.3},{"type":"A","date":"2018-05-02T03:26:46.000Z","volume":120000,"label":" ","price":3.31},{"type":"A","date":"2018-05-02T03:26:46.000Z","volume":5000,"label":" ","price":3.31},{"type":"B","date":"2018-05-02T03:27:22.000Z","volume":10000,"label":" ","price":3.31},{"type":"A","date":"2018-05-02T03:27:32.000Z","volume":135000,"label":"Y","price":3.32},{"type":"A","date":"2018-05-02T03:27:32.000Z","volume":45000,"label":" ","price":3.32},{"type":"A","date":"2018-05-02T03:27:56.000Z","volume":50000,"label":" ","price":3.33},{"type":"A","date":"2018-05-02T03:27:56.000Z","volume":40000,"label":" ","price":3.33},{"type":"B","date":"2018-05-02T03:28:00.000Z","volume":10000,"label":" ","price":3.31},{"type":"B","date":"2018-05-02T03:28:21.000Z","volume":30000,"label":" ","price":3.31},{"type":"B","date":"2018-05-02T03:28:57.000Z","volume":50000,"label":" ","price":3.31},{"type":"B","date":"2018-05-02T03:29:21.000Z","volume":40000,"label":" ","price":3.31},{"type":"B","date":"2018-05-02T03:30:15.000Z","volume":10000,"label":" ","price":3.31},{"type":"B","date":"2018-05-02T03:31:14.000Z","volume":50000,"label":" ","price":3.31},{"type":"B","date":"2018-05-02T03:31:18.000Z","volume":5000,"label":" ","price":3.31},{"type":"A","date":"2018-05-02T03:33:50.000Z","volume":10000,"label":" ","price":3.31},{"type":"B","date":"2018-05-02T03:33:57.000Z","volume":10000,"label":" ","price":3.3},{"type":"A","date":"2018-05-02T03:34:25.000Z","volume":5000,"label":" ","price":3.31},{"type":"A","date":"2018-05-02T03:36:14.000Z","volume":20000,"label":" ","price":3.31},{"type":"A","date":"2018-05-02T03:39:38.000Z","volume":10000,"label":" ","price":3.32},{"type":"A","date":"2018-05-02T03:40:33.000Z","volume":40000,"label":" ","price":3.32},{"type":"A","date":"2018-05-02T03:41:41.000Z","volume":5000,"label":"Y","price":3.32},{"type":"A","date":"2018-05-02T03:41:41.000Z","volume":25000,"label":" ","price":3.32},{"type":"A","date":"2018-05-02T03:42:49.000Z","volume":10000,"label":" ","price":3.31},{"type":"U","date":"2018-05-02T03:43:24.000Z","volume":10000,"label":" ","price":3.3},{"type":"A","date":"2018-05-02T03:43:54.000Z","volume":10000,"label":" ","price":3.31},{"type":"A","date":"2018-05-02T03:45:56.000Z","volume":5000,"label":" ","price":3.32},{"type":"B","date":"2018-05-02T03:48:44.000Z","volume":10000,"label":"Y","price":3.32},{"type":"A","date":"2018-05-02T03:49:09.000Z","volume":55000,"label":" ","price":3.33},{"type":"B","date":"2018-05-02T03:49:11.000Z","volume":10000,"label":" ","price":3.32},{"type":"A","date":"2018-05-02T03:51:40.000Z","volume":30000,"label":" ","price":3.32},{"type":"A","date":"2018-05-02T03:52:25.000Z","volume":5000,"label":" ","price":3.32},{"type":"A","date":"2018-05-02T03:53:10.000Z","volume":85000,"label":" ","price":3.33},{"type":"A","date":"2018-05-02T03:53:57.000Z","volume":20000,"label":" ","price":3.32},{"type":"A","date":"2018-05-02T03:54:41.000Z","volume":10000,"label":" ","price":3.32},{"type":"A","date":"2018-05-02T03:55:05.000Z","volume":30000,"label":" ","price":3.32},{"type":"A","date":"2018-05-02T03:55:19.000Z","volume":10000,"label":"Y","price":3.33},{"type":"B","date":"2018-05-02T03:57:24.000Z","volume":5000,"label":" ","price":3.32},{"type":"A","date":"2018-05-02T03:59:27.000Z","volume":5000,"label":" ","price":3.32},{"type":"B","date":"2018-05-02T05:01:41.000Z","volume":10000,"label":" ","price":3.29},{"type":"B","date":"2018-05-02T05:01:53.000Z","volume":30000,"label":" ","price":3.29},{"type":"A","date":"2018-05-02T05:02:07.000Z","volume":20000,"label":" ","price":3.31},{"type":"A","date":"2018-05-02T05:03:09.000Z","volume":20000,"label":" ","price":3.3},{"type":"A","date":"2018-05-02T05:04:10.000Z","volume":30000,"label":" ","price":3.3},{"type":"A","date":"2018-05-02T05:04:10.000Z","volume":10000,"label":" ","price":3.31},{"type":"A","date":"2018-05-02T05:11:02.000Z","volume":20000,"label":"Y","price":3.31},{"type":"B","date":"2018-05-02T05:11:08.000Z","volume":20000,"label":" ","price":3.3},{"type":"A","date":"2018-05-02T05:12:38.000Z","volume":5000,"label":"Y","price":3.3},{"type":"A","date":"2018-05-02T05:12:38.000Z","volume":5000,"label":" ","price":3.3},{"type":"A","date":"2018-05-02T05:12:44.000Z","volume":50000,"label":" ","price":3.31},{"type":"B","date":"2018-05-02T05:14:07.000Z","volume":30000,"label":" ","price":3.29},{"type":"A","date":"2018-05-02T05:16:03.000Z","volume":10000,"label":"Y","price":3.3},{"type":"A","date":"2018-05-02T05:16:10.000Z","volume":30000,"label":" ","price":3.31},{"type":"B","date":"2018-05-02T05:20:27.000Z","volume":70000,"label":" ","price":3.28},{"type":"B","date":"2018-05-02T05:22:05.000Z","volume":5000,"label":" ","price":3.28},{"type":"A","date":"2018-05-02T05:22:38.000Z","volume":5000,"label":" ","price":3.28},{"type":"B","date":"2018-05-02T05:23:42.000Z","volume":10000,"label":" ","price":3.27},{"type":"A","date":"2018-05-02T05:34:02.000Z","volume":110000,"label":" ","price":3.28},{"type":"A","date":"2018-05-02T05:34:43.000Z","volume":35000,"label":" ","price":3.3},{"type":"A","date":"2018-05-02T05:34:43.000Z","volume":15000,"label":" ","price":3.3},{"type":"B","date":"2018-05-02T05:36:21.000Z","volume":35000,"label":" ","price":3.3},{"type":"A","date":"2018-05-02T05:36:27.000Z","volume":10000,"label":" ","price":3.3},{"type":"A","date":"2018-05-02T05:38:08.000Z","volume":10000,"label":" ","price":3.3},{"type":"A","date":"2018-05-02T05:40:41.000Z","volume":30000,"label":" ","price":3.3},{"type":"B","date":"2018-05-02T05:41:02.000Z","volume":5000,"label":"Y","price":3.28},{"type":"B","date":"2018-05-02T05:41:02.000Z","volume":10000,"label":" ","price":3.28},{"type":"B","date":"2018-05-02T05:41:02.000Z","volume":5000,"label":" ","price":3.28},{"type":"A","date":"2018-05-02T05:41:06.000Z","volume":30000,"label":" ","price":3.28},{"type":"A","date":"2018-05-02T05:46:26.000Z","volume":10000,"label":" ","price":3.29},{"type":"B","date":"2018-05-02T05:51:19.000Z","volume":10000,"label":" ","price":3.28},{"type":"A","date":"2018-05-02T05:51:45.000Z","volume":5000,"label":" ","price":3.28},{"type":"B","date":"2018-05-02T05:53:34.000Z","volume":10000,"label":" ","price":3.27},{"type":"B","date":"2018-05-02T05:56:04.000Z","volume":5000,"label":" ","price":3.28},{"type":"A","date":"2018-05-02T05:58:15.000Z","volume":30000,"label":" ","price":3.29},{"type":"A","date":"2018-05-02T06:02:58.000Z","volume":5000,"label":" ","price":3.28},{"type":"A","date":"2018-05-02T06:03:32.000Z","volume":10000,"label":" ","price":3.29},{"type":"A","date":"2018-05-02T06:03:37.000Z","volume":35000,"label":" ","price":3.29},{"type":"B","date":"2018-05-02T06:06:12.000Z","volume":10000,"label":" ","price":3.28},{"type":"A","date":"2018-05-02T06:07:58.000Z","volume":5000,"label":"Y","price":3.29},{"type":"A","date":"2018-05-02T06:07:58.000Z","volume":15000,"label":" ","price":3.29},{"type":"B","date":"2018-05-02T06:08:00.000Z","volume":5000,"label":" ","price":3.28},{"type":"B","date":"2018-05-02T06:08:30.000Z","volume":10000,"label":" ","price":3.28},{"type":"B","date":"2018-05-02T06:13:31.000Z","volume":10000,"label":" ","price":3.29},{"type":"A","date":"2018-05-02T06:13:51.000Z","volume":20000,"label":" ","price":3.29},{"type":"B","date":"2018-05-02T06:15:21.000Z","volume":60000,"label":" ","price":3.28},{"type":"A","date":"2018-05-02T06:17:40.000Z","volume":30000,"label":" ","price":3.29},{"type":"A","date":"2018-05-02T06:20:14.000Z","volume":5000,"label":" ","price":3.29},{"type":"A","date":"2018-05-02T06:20:57.000Z","volume":5000,"label":" ","price":3.29},{"type":"B","date":"2018-05-02T06:21:15.000Z","volume":20000,"label":" ","price":3.29},{"type":"A","date":"2018-05-02T06:21:24.000Z","volume":40000,"label":" ","price":3.29},{"type":"B","date":"2018-05-02T06:21:41.000Z","volume":50000,"label":" ","price":3.28},{"type":"A","date":"2018-05-02T06:24:04.000Z","volume":30000,"label":" ","price":3.29},{"type":"A","date":"2018-05-02T06:25:22.000Z","volume":5000,"label":" ","price":3.29},{"type":"A","date":"2018-05-02T06:25:35.000Z","volume":120000,"label":"Y","price":3.3},{"type":"A","date":"2018-05-02T06:25:35.000Z","volume":80000,"label":" ","price":3.3},{"type":"A","date":"2018-05-02T06:27:18.000Z","volume":70000,"label":" ","price":3.29},{"type":"A","date":"2018-05-02T06:27:18.000Z","volume":210000,"label":"Y","price":3.3},{"type":"A","date":"2018-05-02T06:27:18.000Z","volume":55000,"label":" ","price":3.3},{"type":"A","date":"2018-05-02T06:31:43.000Z","volume":40000,"label":"Y","price":3.3},{"type":"A","date":"2018-05-02T06:31:43.000Z","volume":60000,"label":" ","price":3.3},{"type":"A","date":"2018-05-02T06:32:24.000Z","volume":15000,"label":" ","price":3.3},{"type":"A","date":"2018-05-02T06:34:55.000Z","volume":5000,"label":" ","price":3.3},{"type":"A","date":"2018-05-02T06:35:20.000Z","volume":5000,"label":" ","price":3.31},{"type":"B","date":"2018-05-02T06:35:38.000Z","volume":10000,"label":" ","price":3.27},{"type":"A","date":"2018-05-02T06:36:32.000Z","volume":30000,"label":" ","price":3.3},{"type":"A","date":"2018-05-02T06:36:32.000Z","volume":20000,"label":" ","price":3.31},{"type":"A","date":"2018-05-02T06:38:47.000Z","volume":5000,"label":" ","price":3.3},{"type":"A","date":"2018-05-02T06:38:47.000Z","volume":45000,"label":" ","price":3.31},{"type":"B","date":"2018-05-02T06:39:06.000Z","volume":25000,"label":" ","price":3.27},{"type":"B","date":"2018-05-02T06:39:06.000Z","volume":5000,"label":" ","price":3.26},{"type":"B","date":"2018-05-02T06:39:06.000Z","volume":10000,"label":" ","price":3.25},{"type":"A","date":"2018-05-02T06:39:13.000Z","volume":10000,"label":" ","price":3.3},{"type":"A","date":"2018-05-02T06:39:21.000Z","volume":10000,"label":"Y","price":3.31},{"type":"A","date":"2018-05-02T06:39:21.000Z","volume":30000,"label":" ","price":3.31},{"type":"A","date":"2018-05-02T06:40:53.000Z","volume":25000,"label":" ","price":3.31},{"type":"A","date":"2018-05-02T06:41:00.000Z","volume":5000,"label":" ","price":3.31},{"type":"A","date":"2018-05-02T06:41:35.000Z","volume":5000,"label":" ","price":3.32},{"type":"A","date":"2018-05-02T06:42:25.000Z","volume":5000,"label":" ","price":3.3},{"type":"A","date":"2018-05-02T06:43:45.000Z","volume":50000,"label":" ","price":3.3},{"type":"A","date":"2018-05-02T06:44:02.000Z","volume":30000,"label":" ","price":3.3},{"type":"A","date":"2018-05-02T06:44:14.000Z","volume":5000,"label":" ","price":3.31},{"type":"B","date":"2018-05-02T06:47:21.000Z","volume":10000,"label":" ","price":3.3},{"type":"A","date":"2018-05-02T06:48:51.000Z","volume":10000,"label":"Y","price":3.3},{"type":"A","date":"2018-05-02T06:48:51.000Z","volume":20000,"label":" ","price":3.3},{"type":"A","date":"2018-05-02T06:50:11.000Z","volume":40000,"label":" ","price":3.3},{"type":"B","date":"2018-05-02T06:51:55.000Z","volume":10000,"label":" ","price":3.27},{"type":"A","date":"2018-05-02T07:03:24.000Z","volume":30000,"label":" ","price":3.3},{"type":"A","date":"2018-05-02T07:04:57.000Z","volume":40000,"label":" ","price":3.3},{"type":"U","date":"2018-05-02T07:05:30.000Z","volume":2828,"label":"D","price":3.32},{"type":"A","date":"2018-05-02T07:08:14.000Z","volume":20000,"label":" ","price":3.3},{"type":"A","date":"2018-05-02T07:08:15.000Z","volume":20000,"label":" ","price":3.3},{"type":"B","date":"2018-05-02T07:08:23.000Z","volume":10000,"label":" ","price":3.3},{"type":"A","date":"2018-05-02T07:09:27.000Z","volume":10000,"label":" ","price":3.3},{"type":"A","date":"2018-05-02T07:11:11.000Z","volume":5000,"label":"Y","price":3.3},{"type":"A","date":"2018-05-02T07:11:11.000Z","volume":25000,"label":" ","price":3.3},{"type":"A","date":"2018-05-02T07:12:11.000Z","volume":30000,"label":" ","price":3.3},{"type":"A","date":"2018-05-02T07:17:26.000Z","volume":30000,"label":" ","price":3.3},{"type":"A","date":"2018-05-02T07:18:51.000Z","volume":30000,"label":" ","price":3.3},{"type":"A","date":"2018-05-02T07:19:56.000Z","volume":50000,"label":" ","price":3.3},{"type":"B","date":"2018-05-02T07:20:51.000Z","volume":50000,"label":" ","price":3.29},{"type":"A","date":"2018-05-02T07:21:31.000Z","volume":30000,"label":" ","price":3.29},{"type":"A","date":"2018-05-02T07:25:51.000Z","volume":60000,"label":" ","price":3.29},{"type":"A","date":"2018-05-02T07:25:54.000Z","volume":10000,"label":" ","price":3.29},{"type":"B","date":"2018-05-02T07:26:00.000Z","volume":5000,"label":" ","price":3.29},{"type":"A","date":"2018-05-02T07:28:11.000Z","volume":5000,"label":" ","price":3.3},{"type":"A","date":"2018-05-02T07:31:37.000Z","volume":20000,"label":" ","price":3.29},{"type":"B","date":"2018-05-02T07:31:42.000Z","volume":40000,"label":" ","price":3.28},{"type":"A","date":"2018-05-02T07:32:03.000Z","volume":50000,"label":" ","price":3.28},{"type":"A","date":"2018-05-02T07:36:46.000Z","volume":5000,"label":" ","price":3.28},{"type":"A","date":"2018-05-02T07:36:47.000Z","volume":5000,"label":" ","price":3.28},{"type":"A","date":"2018-05-02T07:38:11.000Z","volume":120000,"label":" ","price":3.29},{"type":"A","date":"2018-05-02T07:38:13.000Z","volume":10000,"label":" ","price":3.29},{"type":"B","date":"2018-05-02T07:41:28.000Z","volume":10000,"label":" ","price":3.28},{"type":"B","date":"2018-05-02T07:44:42.000Z","volume":5000,"label":" ","price":3.28},{"type":"A","date":"2018-05-02T07:45:02.000Z","volume":70000,"label":" ","price":3.29},{"type":"A","date":"2018-05-02T07:45:46.000Z","volume":300000,"label":" ","price":3.3},{"type":"A","date":"2018-05-02T07:45:46.000Z","volume":190000,"label":" ","price":3.31},{"type":"A","date":"2018-05-02T07:45:46.000Z","volume":510000,"label":" ","price":3.32},{"type":"A","date":"2018-05-02T07:46:28.000Z","volume":70000,"label":" ","price":3.32},{"type":"A","date":"2018-05-02T07:47:53.000Z","volume":40000,"label":" ","price":3.32},{"type":"A","date":"2018-05-02T07:47:53.000Z","volume":340000,"label":" ","price":3.33},{"type":"B","date":"2018-05-02T07:47:53.000Z","volume":20000,"label":" ","price":3.33},{"type":"B","date":"2018-05-02T07:47:53.000Z","volume":5000,"label":" ","price":3.33},{"type":"B","date":"2018-05-02T07:47:53.000Z","volume":5000,"label":" ","price":3.33},{"type":"B","date":"2018-05-02T07:47:53.000Z","volume":5000,"label":" ","price":3.33},{"type":"B","date":"2018-05-02T07:47:53.000Z","volume":5000,"label":" ","price":3.33},{"type":"B","date":"2018-05-02T07:47:53.000Z","volume":5000,"label":" ","price":3.33},{"type":"B","date":"2018-05-02T07:47:54.000Z","volume":75000,"label":" ","price":3.33},{"type":"B","date":"2018-05-02T07:48:58.000Z","volume":10000,"label":" ","price":3.32},{"type":"A","date":"2018-05-02T07:49:03.000Z","volume":20000,"label":" ","price":3.33},{"type":"B","date":"2018-05-02T07:50:58.000Z","volume":25000,"label":" ","price":3.3},{"type":"A","date":"2018-05-02T07:51:03.000Z","volume":20000,"label":" ","price":3.3},{"type":"A","date":"2018-05-02T07:51:03.000Z","volume":5000,"label":" ","price":3.3},{"type":"A","date":"2018-05-02T07:51:26.000Z","volume":160000,"label":" ","price":3.32},{"type":"B","date":"2018-05-02T07:51:52.000Z","volume":10000,"label":" ","price":3.31},{"type":"A","date":"2018-05-02T07:51:52.000Z","volume":10000,"label":" ","price":3.3},{"type":"A","date":"2018-05-02T07:52:37.000Z","volume":40000,"label":" ","price":3.32},{"type":"B","date":"2018-05-02T07:54:23.000Z","volume":100000,"label":" ","price":3.3},{"type":"B","date":"2018-05-02T07:55:28.000Z","volume":10000,"label":" ","price":3.3},{"type":"B","date":"2018-05-02T07:55:44.000Z","volume":10000,"label":" ","price":3.3},{"type":"B","date":"2018-05-02T07:56:01.000Z","volume":5000,"label":" ","price":3.3},{"type":"A","date":"2018-05-02T07:56:01.000Z","volume":5000,"label":" ","price":3.3},{"type":"A","date":"2018-05-02T07:56:57.000Z","volume":20000,"label":"Y","price":3.32},{"type":"A","date":"2018-05-02T07:56:57.000Z","volume":10000,"label":" ","price":3.32},{"type":"A","date":"2018-05-02T07:56:57.000Z","volume":130000,"label":" ","price":3.33},{"type":"A","date":"2018-05-02T07:58:41.000Z","volume":5000,"label":" ","price":3.33},{"type":"A","date":"2018-05-02T07:59:10.000Z","volume":5000,"label":" ","price":3.32},{"type":"A","date":"2018-05-02T07:59:17.000Z","volume":5000,"label":" ","price":3.32},{"type":"A","date":"2018-05-02T07:59:27.000Z","volume":5000,"label":" ","price":3.33},{"type":"A","date":"2018-05-02T07:59:35.000Z","volume":5000,"label":" ","price":3.33},{"type":"A","date":"2018-05-02T07:59:45.000Z","volume":5000,"label":" ","price":3.33},{"type":"A","date":"2018-05-02T07:59:55.000Z","volume":10000,"label":" ","price":3.33}]