[{"type":"U","date":"2018-03-29T01:20:00.000Z","volume":284000,"label":"U","price":9.51},{"type":"U","date":"2018-03-29T01:30:02.000Z","volume":18000,"label":" ","price":9.55},{"type":"A","date":"2018-03-29T01:30:03.000Z","volume":26000,"label":" ","price":9.55},{"type":"U","date":"2018-03-29T01:30:03.000Z","volume":4000,"label":" ","price":9.55},{"type":"U","date":"2018-03-29T01:30:03.000Z","volume":6000,"label":" ","price":9.55},{"type":"B","date":"2018-03-29T01:30:04.000Z","volume":2000,"label":" ","price":9.53},{"type":"B","date":"2018-03-29T01:30:04.000Z","volume":2000,"label":" ","price":9.53},{"type":"B","date":"2018-03-29T01:30:06.000Z","volume":2000,"label":" ","price":9.55},{"type":"B","date":"2018-03-29T01:30:07.000Z","volume":2000,"label":" ","price":9.55},{"type":"A","date":"2018-03-29T01:30:07.000Z","volume":24000,"label":" ","price":9.59},{"type":"B","date":"2018-03-29T01:30:08.000Z","volume":2000,"label":" ","price":9.55},{"type":"B","date":"2018-03-29T01:30:09.000Z","volume":4000,"label":" ","price":9.55},{"type":"A","date":"2018-03-29T01:30:10.000Z","volume":26000,"label":" ","price":9.59},{"type":"A","date":"2018-03-29T01:30:12.000Z","volume":70000,"label":" ","price":9.59},{"type":"U","date":"2018-03-29T01:30:21.000Z","volume":2000,"label":" ","price":9.55},{"type":"A","date":"2018-03-29T01:30:21.000Z","volume":2000,"label":" ","price":9.58},{"type":"U","date":"2018-03-29T01:30:21.000Z","volume":2000,"label":" ","price":9.55},{"type":"U","date":"2018-03-29T01:30:21.000Z","volume":2000,"label":"Y","price":9.55},{"type":"B","date":"2018-03-29T01:30:21.000Z","volume":4000,"label":"Y","price":9.55},{"type":"A","date":"2018-03-29T01:30:23.000Z","volume":6000,"label":" ","price":9.58},{"type":"A","date":"2018-03-29T01:30:29.000Z","volume":50000,"label":" ","price":9.58},{"type":"A","date":"2018-03-29T01:30:29.000Z","volume":6000,"label":" ","price":9.58},{"type":"A","date":"2018-03-29T01:30:30.000Z","volume":4000,"label":" ","price":9.59},{"type":"A","date":"2018-03-29T01:30:32.000Z","volume":22000,"label":" ","price":9.59},{"type":"B","date":"2018-03-29T01:30:38.000Z","volume":2000,"label":" ","price":9.56},{"type":"A","date":"2018-03-29T01:30:38.000Z","volume":2000,"label":" ","price":9.59},{"type":"A","date":"2018-03-29T01:30:41.000Z","volume":28000,"label":" ","price":9.59},{"type":"A","date":"2018-03-29T01:30:41.000Z","volume":2000,"label":" ","price":9.59},{"type":"B","date":"2018-03-29T01:30:41.000Z","volume":2000,"label":" ","price":9.59},{"type":"A","date":"2018-03-29T01:30:41.000Z","volume":2000,"label":" ","price":9.6},{"type":"B","date":"2018-03-29T01:30:41.000Z","volume":4000,"label":" ","price":9.59},{"type":"B","date":"2018-03-29T01:30:43.000Z","volume":2000,"label":" ","price":9.59},{"type":"A","date":"2018-03-29T01:30:43.000Z","volume":16000,"label":" ","price":9.6},{"type":"A","date":"2018-03-29T01:30:44.000Z","volume":8000,"label":" ","price":9.6},{"type":"B","date":"2018-03-29T01:30:44.000Z","volume":4000,"label":" ","price":9.59},{"type":"A","date":"2018-03-29T01:30:45.000Z","volume":8000,"label":" ","price":9.6},{"type":"A","date":"2018-03-29T01:30:49.000Z","volume":12000,"label":" ","price":9.6},{"type":"B","date":"2018-03-29T01:30:49.000Z","volume":2000,"label":" ","price":9.6},{"type":"B","date":"2018-03-29T01:30:51.000Z","volume":14000,"label":" ","price":9.6},{"type":"B","date":"2018-03-29T01:30:54.000Z","volume":2000,"label":" ","price":9.6},{"type":"A","date":"2018-03-29T01:30:55.000Z","volume":22000,"label":" ","price":9.61},{"type":"A","date":"2018-03-29T01:30:55.000Z","volume":28000,"label":" ","price":9.62},{"type":"B","date":"2018-03-29T01:30:55.000Z","volume":2000,"label":" ","price":9.6},{"type":"A","date":"2018-03-29T01:31:01.000Z","volume":10000,"label":" ","price":9.65},{"type":"A","date":"2018-03-29T01:31:01.000Z","volume":2000,"label":" ","price":9.65},{"type":"A","date":"2018-03-29T01:31:05.000Z","volume":2000,"label":" ","price":9.66},{"type":"A","date":"2018-03-29T01:31:21.000Z","volume":2000,"label":" ","price":9.67},{"type":"A","date":"2018-03-29T01:31:21.000Z","volume":10000,"label":" ","price":9.68},{"type":"A","date":"2018-03-29T01:31:21.000Z","volume":46000,"label":" ","price":9.69},{"type":"A","date":"2018-03-29T01:31:21.000Z","volume":2000,"label":" ","price":9.7},{"type":"B","date":"2018-03-29T01:31:21.000Z","volume":6000,"label":" ","price":9.66},{"type":"U","date":"2018-03-29T01:31:21.000Z","volume":18000,"label":" ","price":9.67},{"type":"B","date":"2018-03-29T01:31:21.000Z","volume":2000,"label":" ","price":9.66},{"type":"U","date":"2018-03-29T01:31:25.000Z","volume":6000,"label":" ","price":9.67},{"type":"B","date":"2018-03-29T01:31:25.000Z","volume":2000,"label":" ","price":9.66},{"type":"B","date":"2018-03-29T01:31:27.000Z","volume":30000,"label":" ","price":9.66},{"type":"B","date":"2018-03-29T01:31:28.000Z","volume":78000,"label":" ","price":9.65},{"type":"B","date":"2018-03-29T01:31:28.000Z","volume":6000,"label":" ","price":9.62},{"type":"U","date":"2018-03-29T01:32:00.000Z","volume":2000,"label":" ","price":9.64},{"type":"B","date":"2018-03-29T01:32:01.000Z","volume":30000,"label":" ","price":9.63},{"type":"B","date":"2018-03-29T01:32:01.000Z","volume":24000,"label":" ","price":9.62},{"type":"B","date":"2018-03-29T01:32:01.000Z","volume":6000,"label":" ","price":9.62},{"type":"B","date":"2018-03-29T01:32:01.000Z","volume":2000,"label":" ","price":9.61},{"type":"B","date":"2018-03-29T01:32:01.000Z","volume":2000,"label":" ","price":9.61},{"type":"B","date":"2018-03-29T01:32:02.000Z","volume":70000,"label":" ","price":9.6},{"type":"B","date":"2018-03-29T01:32:02.000Z","volume":34000,"label":" ","price":9.59},{"type":"B","date":"2018-03-29T01:32:02.000Z","volume":8000,"label":" ","price":9.58},{"type":"B","date":"2018-03-29T01:32:02.000Z","volume":12000,"label":" ","price":9.56},{"type":"U","date":"2018-03-29T01:32:04.000Z","volume":4000,"label":" ","price":9.56},{"type":"B","date":"2018-03-29T01:32:04.000Z","volume":8000,"label":" ","price":9.55},{"type":"A","date":"2018-03-29T01:32:05.000Z","volume":10000,"label":" ","price":9.57},{"type":"A","date":"2018-03-29T01:32:05.000Z","volume":4000,"label":" ","price":9.57},{"type":"A","date":"2018-03-29T01:32:06.000Z","volume":12000,"label":" ","price":9.57},{"type":"B","date":"2018-03-29T01:32:06.000Z","volume":2000,"label":" ","price":9.54},{"type":"A","date":"2018-03-29T01:32:08.000Z","volume":22000,"label":" ","price":9.57},{"type":"A","date":"2018-03-29T01:32:08.000Z","volume":12000,"label":" ","price":9.57},{"type":"U","date":"2018-03-29T01:32:11.000Z","volume":4000,"label":" ","price":9.55},{"type":"U","date":"2018-03-29T01:32:11.000Z","volume":10000,"label":" ","price":9.55},{"type":"A","date":"2018-03-29T01:32:11.000Z","volume":4000,"label":" ","price":9.57},{"type":"A","date":"2018-03-29T01:32:13.000Z","volume":6000,"label":" ","price":9.57},{"type":"A","date":"2018-03-29T01:32:13.000Z","volume":18000,"label":" ","price":9.57},{"type":"A","date":"2018-03-29T01:32:15.000Z","volume":12000,"label":" ","price":9.57},{"type":"A","date":"2018-03-29T01:32:19.000Z","volume":22000,"label":" ","price":9.57},{"type":"A","date":"2018-03-29T01:32:19.000Z","volume":8000,"label":" ","price":9.57},{"type":"A","date":"2018-03-29T01:32:19.000Z","volume":32000,"label":" ","price":9.58},{"type":"A","date":"2018-03-29T01:32:20.000Z","volume":2000,"label":" ","price":9.6},{"type":"A","date":"2018-03-29T01:32:22.000Z","volume":16000,"label":" ","price":9.6},{"type":"A","date":"2018-03-29T01:32:23.000Z","volume":2000,"label":" ","price":9.61},{"type":"A","date":"2018-03-29T01:32:30.000Z","volume":8000,"label":" ","price":9.61},{"type":"B","date":"2018-03-29T01:32:30.000Z","volume":24000,"label":" ","price":9.6},{"type":"A","date":"2018-03-29T01:32:30.000Z","volume":4000,"label":" ","price":9.6},{"type":"B","date":"2018-03-29T01:32:30.000Z","volume":6000,"label":" ","price":9.59},{"type":"B","date":"2018-03-29T01:32:30.000Z","volume":6000,"label":" ","price":9.59},{"type":"A","date":"2018-03-29T01:32:32.000Z","volume":4000,"label":" ","price":9.6},{"type":"A","date":"2018-03-29T01:32:46.000Z","volume":20000,"label":" ","price":9.59},{"type":"A","date":"2018-03-29T01:32:46.000Z","volume":4000,"label":" ","price":9.59},{"type":"A","date":"2018-03-29T01:32:46.000Z","volume":4000,"label":" ","price":9.59},{"type":"A","date":"2018-03-29T01:32:47.000Z","volume":26000,"label":" ","price":9.6},{"type":"A","date":"2018-03-29T01:32:52.000Z","volume":8000,"label":" ","price":9.63},{"type":"A","date":"2018-03-29T01:33:47.000Z","volume":30000,"label":" ","price":9.64},{"type":"U","date":"2018-03-29T01:33:49.000Z","volume":4000,"label":" ","price":9.63},{"type":"A","date":"2018-03-29T01:34:04.000Z","volume":10000,"label":" ","price":9.63},{"type":"B","date":"2018-03-29T01:34:05.000Z","volume":4000,"label":" ","price":9.62},{"type":"B","date":"2018-03-29T01:34:16.000Z","volume":16000,"label":" ","price":9.62},{"type":"A","date":"2018-03-29T01:34:20.000Z","volume":14000,"label":" ","price":9.63},{"type":"B","date":"2018-03-29T01:34:29.000Z","volume":4000,"label":" ","price":9.62},{"type":"B","date":"2018-03-29T01:35:27.000Z","volume":2000,"label":" ","price":9.61},{"type":"B","date":"2018-03-29T01:35:27.000Z","volume":8000,"label":" ","price":9.61},{"type":"B","date":"2018-03-29T01:35:27.000Z","volume":12000,"label":" ","price":9.61},{"type":"A","date":"2018-03-29T01:35:36.000Z","volume":20000,"label":" ","price":9.62},{"type":"B","date":"2018-03-29T01:35:36.000Z","volume":68000,"label":" ","price":9.6},{"type":"B","date":"2018-03-29T01:35:37.000Z","volume":10000,"label":" ","price":9.6},{"type":"A","date":"2018-03-29T01:35:38.000Z","volume":20000,"label":" ","price":9.6},{"type":"B","date":"2018-03-29T01:35:38.000Z","volume":2000,"label":" ","price":9.59},{"type":"B","date":"2018-03-29T01:35:42.000Z","volume":262000,"label":" ","price":9.58},{"type":"B","date":"2018-03-29T01:35:42.000Z","volume":22000,"label":" ","price":9.57},{"type":"B","date":"2018-03-29T01:35:42.000Z","volume":50000,"label":" ","price":9.55},{"type":"B","date":"2018-03-29T01:35:42.000Z","volume":4000,"label":" ","price":9.54},{"type":"A","date":"2018-03-29T01:35:42.000Z","volume":36000,"label":" ","price":9.57},{"type":"A","date":"2018-03-29T01:35:42.000Z","volume":26000,"label":" ","price":9.57},{"type":"U","date":"2018-03-29T01:35:42.000Z","volume":16000,"label":" ","price":9.57},{"type":"A","date":"2018-03-29T01:35:42.000Z","volume":12000,"label":" ","price":9.57},{"type":"A","date":"2018-03-29T01:35:57.000Z","volume":50000,"label":" ","price":9.57},{"type":"B","date":"2018-03-29T01:35:58.000Z","volume":14000,"label":" ","price":9.57},{"type":"B","date":"2018-03-29T01:35:58.000Z","volume":2000,"label":" ","price":9.57},{"type":"A","date":"2018-03-29T01:36:00.000Z","volume":22000,"label":" ","price":9.59},{"type":"A","date":"2018-03-29T01:36:00.000Z","volume":4000,"label":" ","price":9.6},{"type":"A","date":"2018-03-29T01:36:04.000Z","volume":4000,"label":" ","price":9.6},{"type":"A","date":"2018-03-29T01:36:04.000Z","volume":4000,"label":" ","price":9.6},{"type":"A","date":"2018-03-29T01:36:05.000Z","volume":2000,"label":" ","price":9.6},{"type":"A","date":"2018-03-29T01:36:05.000Z","volume":2000,"label":" ","price":9.62},{"type":"A","date":"2018-03-29T01:36:24.000Z","volume":24000,"label":"Y","price":9.62},{"type":"A","date":"2018-03-29T01:36:24.000Z","volume":48000,"label":" ","price":9.62},{"type":"A","date":"2018-03-29T01:36:25.000Z","volume":2000,"label":" ","price":9.63},{"type":"B","date":"2018-03-29T01:36:33.000Z","volume":4000,"label":" ","price":9.63},{"type":"A","date":"2018-03-29T01:36:35.000Z","volume":10000,"label":" ","price":9.63},{"type":"A","date":"2018-03-29T01:36:58.000Z","volume":60000,"label":" ","price":9.63},{"type":"A","date":"2018-03-29T01:37:19.000Z","volume":4000,"label":" ","price":9.67},{"type":"B","date":"2018-03-29T01:37:29.000Z","volume":2000,"label":" ","price":9.65},{"type":"B","date":"2018-03-29T01:37:52.000Z","volume":2000,"label":" ","price":9.65},{"type":"B","date":"2018-03-29T01:37:52.000Z","volume":10000,"label":" ","price":9.65},{"type":"B","date":"2018-03-29T01:37:52.000Z","volume":18000,"label":" ","price":9.65},{"type":"B","date":"2018-03-29T01:37:57.000Z","volume":4000,"label":" ","price":9.65},{"type":"B","date":"2018-03-29T01:37:57.000Z","volume":2000,"label":" ","price":9.64},{"type":"B","date":"2018-03-29T01:38:12.000Z","volume":2000,"label":" ","price":9.64},{"type":"B","date":"2018-03-29T01:38:25.000Z","volume":8000,"label":" ","price":9.64},{"type":"B","date":"2018-03-29T01:38:39.000Z","volume":8000,"label":" ","price":9.64},{"type":"B","date":"2018-03-29T01:38:40.000Z","volume":40000,"label":" ","price":9.63},{"type":"B","date":"2018-03-29T01:38:40.000Z","volume":86000,"label":" ","price":9.62},{"type":"B","date":"2018-03-29T01:38:40.000Z","volume":4000,"label":" ","price":9.61},{"type":"A","date":"2018-03-29T01:38:40.000Z","volume":8000,"label":" ","price":9.63},{"type":"B","date":"2018-03-29T01:38:53.000Z","volume":2000,"label":" ","price":9.61},{"type":"B","date":"2018-03-29T01:38:53.000Z","volume":10000,"label":" ","price":9.61},{"type":"B","date":"2018-03-29T01:38:55.000Z","volume":2000,"label":" ","price":9.6},{"type":"B","date":"2018-03-29T01:39:03.000Z","volume":40000,"label":" ","price":9.6},{"type":"B","date":"2018-03-29T01:39:04.000Z","volume":4000,"label":" ","price":9.59},{"type":"B","date":"2018-03-29T01:39:04.000Z","volume":6000,"label":" ","price":9.58},{"type":"B","date":"2018-03-29T01:39:04.000Z","volume":34000,"label":" ","price":9.57},{"type":"A","date":"2018-03-29T01:39:04.000Z","volume":8000,"label":" ","price":9.59},{"type":"A","date":"2018-03-29T01:39:04.000Z","volume":4000,"label":" ","price":9.59},{"type":"A","date":"2018-03-29T01:39:04.000Z","volume":12000,"label":" ","price":9.59},{"type":"B","date":"2018-03-29T01:39:04.000Z","volume":12000,"label":" ","price":9.59},{"type":"A","date":"2018-03-29T01:39:44.000Z","volume":24000,"label":" ","price":9.59},{"type":"A","date":"2018-03-29T01:39:44.000Z","volume":2000,"label":" ","price":9.59},{"type":"A","date":"2018-03-29T01:39:46.000Z","volume":14000,"label":" ","price":9.59},{"type":"B","date":"2018-03-29T01:39:49.000Z","volume":30000,"label":" ","price":9.57},{"type":"A","date":"2018-03-29T01:39:58.000Z","volume":34000,"label":" ","price":9.59},{"type":"B","date":"2018-03-29T01:39:58.000Z","volume":2000,"label":" ","price":9.6},{"type":"B","date":"2018-03-29T01:39:58.000Z","volume":6000,"label":" ","price":9.59},{"type":"U","date":"2018-03-29T01:39:58.000Z","volume":4000,"label":"X","price":9.59},{"type":"A","date":"2018-03-29T01:40:00.000Z","volume":22000,"label":" ","price":9.59},{"type":"U","date":"2018-03-29T01:40:03.000Z","volume":2000,"label":" ","price":9.6},{"type":"U","date":"2018-03-29T01:40:03.000Z","volume":2000,"label":" ","price":9.6},{"type":"B","date":"2018-03-29T01:40:05.000Z","volume":2000,"label":" ","price":9.6},{"type":"A","date":"2018-03-29T01:40:43.000Z","volume":16000,"label":" ","price":9.6},{"type":"A","date":"2018-03-29T01:40:43.000Z","volume":8000,"label":" ","price":9.61},{"type":"A","date":"2018-03-29T01:41:40.000Z","volume":22000,"label":" ","price":9.62},{"type":"A","date":"2018-03-29T01:41:56.000Z","volume":8000,"label":" ","price":9.62},{"type":"U","date":"2018-03-29T01:42:04.000Z","volume":4000,"label":" ","price":9.6},{"type":"U","date":"2018-03-29T01:42:04.000Z","volume":6000,"label":" ","price":9.6},{"type":"B","date":"2018-03-29T01:42:22.000Z","volume":2000,"label":" ","price":9.59},{"type":"B","date":"2018-03-29T01:42:42.000Z","volume":4000,"label":" ","price":9.59},{"type":"A","date":"2018-03-29T01:42:55.000Z","volume":10000,"label":" ","price":9.62},{"type":"U","date":"2018-03-29T01:42:55.000Z","volume":14000,"label":" ","price":9.6},{"type":"B","date":"2018-03-29T01:42:55.000Z","volume":6000,"label":" ","price":9.6},{"type":"U","date":"2018-03-29T01:42:56.000Z","volume":2000,"label":"X","price":9.605},{"type":"B","date":"2018-03-29T01:42:56.000Z","volume":4000,"label":" ","price":9.61},{"type":"A","date":"2018-03-29T01:43:00.000Z","volume":46000,"label":" ","price":9.62},{"type":"A","date":"2018-03-29T01:43:00.000Z","volume":20000,"label":" ","price":9.62},{"type":"B","date":"2018-03-29T01:43:01.000Z","volume":2000,"label":" ","price":9.62},{"type":"B","date":"2018-03-29T01:43:05.000Z","volume":2000,"label":" ","price":9.62},{"type":"B","date":"2018-03-29T01:43:05.000Z","volume":2000,"label":" ","price":9.62},{"type":"B","date":"2018-03-29T01:43:06.000Z","volume":2000,"label":" ","price":9.61},{"type":"B","date":"2018-03-29T01:43:11.000Z","volume":6000,"label":" ","price":9.61},{"type":"B","date":"2018-03-29T01:43:15.000Z","volume":2000,"label":" ","price":9.61},{"type":"B","date":"2018-03-29T01:43:18.000Z","volume":2000,"label":" ","price":9.61},{"type":"B","date":"2018-03-29T01:43:23.000Z","volume":2000,"label":" ","price":9.61},{"type":"B","date":"2018-03-29T01:43:35.000Z","volume":20000,"label":" ","price":9.61},{"type":"B","date":"2018-03-29T01:43:36.000Z","volume":10000,"label":" ","price":9.61},{"type":"U","date":"2018-03-29T01:43:36.000Z","volume":6000,"label":" ","price":9.61},{"type":"B","date":"2018-03-29T01:43:36.000Z","volume":12000,"label":" ","price":9.61},{"type":"B","date":"2018-03-29T01:43:36.000Z","volume":4000,"label":" ","price":9.6},{"type":"A","date":"2018-03-29T01:43:53.000Z","volume":8000,"label":"Y","price":9.61},{"type":"B","date":"2018-03-29T01:43:58.000Z","volume":20000,"label":" ","price":9.59},{"type":"B","date":"2018-03-29T01:43:58.000Z","volume":2000,"label":" ","price":9.59},{"type":"B","date":"2018-03-29T01:43:58.000Z","volume":6000,"label":" ","price":9.59},{"type":"B","date":"2018-03-29T01:43:58.000Z","volume":8000,"label":" ","price":9.58},{"type":"B","date":"2018-03-29T01:43:58.000Z","volume":10000,"label":" ","price":9.59},{"type":"B","date":"2018-03-29T01:44:28.000Z","volume":10000,"label":" ","price":9.55},{"type":"A","date":"2018-03-29T01:44:51.000Z","volume":8000,"label":" ","price":9.58},{"type":"U","date":"2018-03-29T01:44:59.000Z","volume":2000,"label":" ","price":9.57},{"type":"U","date":"2018-03-29T01:44:59.000Z","volume":6000,"label":" ","price":9.57},{"type":"U","date":"2018-03-29T01:44:59.000Z","volume":2000,"label":"X","price":9.56},{"type":"A","date":"2018-03-29T01:44:59.000Z","volume":4000,"label":"Y","price":9.57},{"type":"A","date":"2018-03-29T01:44:59.000Z","volume":16000,"label":" ","price":9.57},{"type":"A","date":"2018-03-29T01:45:01.000Z","volume":20000,"label":" ","price":9.57},{"type":"A","date":"2018-03-29T01:45:04.000Z","volume":2000,"label":"Y","price":9.58},{"type":"A","date":"2018-03-29T01:45:04.000Z","volume":26000,"label":" ","price":9.58},{"type":"A","date":"2018-03-29T01:45:04.000Z","volume":4000,"label":"Y","price":9.59},{"type":"A","date":"2018-03-29T01:45:09.000Z","volume":2000,"label":" ","price":9.59},{"type":"B","date":"2018-03-29T01:45:46.000Z","volume":10000,"label":" ","price":9.57},{"type":"A","date":"2018-03-29T01:45:49.000Z","volume":10000,"label":" ","price":9.6},{"type":"A","date":"2018-03-29T01:46:07.000Z","volume":52000,"label":" ","price":9.6},{"type":"B","date":"2018-03-29T01:46:10.000Z","volume":2000,"label":" ","price":9.6},{"type":"B","date":"2018-03-29T01:46:12.000Z","volume":2000,"label":" ","price":9.6},{"type":"B","date":"2018-03-29T01:46:15.000Z","volume":10000,"label":" ","price":9.6},{"type":"U","date":"2018-03-29T01:46:16.000Z","volume":4000,"label":"X","price":9.6},{"type":"B","date":"2018-03-29T01:46:18.000Z","volume":22000,"label":" ","price":9.6},{"type":"B","date":"2018-03-29T01:46:18.000Z","volume":6000,"label":" ","price":9.6},{"type":"B","date":"2018-03-29T01:46:18.000Z","volume":2000,"label":" ","price":9.58},{"type":"B","date":"2018-03-29T01:46:18.000Z","volume":6000,"label":" ","price":9.58},{"type":"B","date":"2018-03-29T01:46:18.000Z","volume":6000,"label":" ","price":9.6},{"type":"A","date":"2018-03-29T01:46:18.000Z","volume":60000,"label":"Y","price":9.6},{"type":"B","date":"2018-03-29T01:46:44.000Z","volume":20000,"label":" ","price":9.59},{"type":"B","date":"2018-03-29T01:46:44.000Z","volume":2000,"label":" ","price":9.59},{"type":"A","date":"2018-03-29T01:46:47.000Z","volume":8000,"label":"Y","price":9.6},{"type":"A","date":"2018-03-29T01:46:52.000Z","volume":12000,"label":"Y","price":9.6},{"type":"A","date":"2018-03-29T01:46:52.000Z","volume":48000,"label":" ","price":9.6},{"type":"A","date":"2018-03-29T01:46:52.000Z","volume":4000,"label":" ","price":9.6},{"type":"A","date":"2018-03-29T01:47:01.000Z","volume":8000,"label":" ","price":9.6},{"type":"A","date":"2018-03-29T01:47:01.000Z","volume":42000,"label":" ","price":9.61},{"type":"A","date":"2018-03-29T01:47:17.000Z","volume":10000,"label":" ","price":9.62},{"type":"A","date":"2018-03-29T01:47:17.000Z","volume":60000,"label":" ","price":9.63},{"type":"A","date":"2018-03-29T01:47:17.000Z","volume":6000,"label":" ","price":9.64},{"type":"B","date":"2018-03-29T01:47:17.000Z","volume":2000,"label":" ","price":9.63},{"type":"A","date":"2018-03-29T01:47:21.000Z","volume":16000,"label":" ","price":9.65},{"type":"B","date":"2018-03-29T01:47:23.000Z","volume":6000,"label":" ","price":9.64},{"type":"A","date":"2018-03-29T01:47:33.000Z","volume":4000,"label":" ","price":9.67},{"type":"A","date":"2018-03-29T01:47:34.000Z","volume":4000,"label":" ","price":9.67},{"type":"B","date":"2018-03-29T01:47:44.000Z","volume":34000,"label":" ","price":9.65},{"type":"B","date":"2018-03-29T01:47:44.000Z","volume":4000,"label":"Y","price":9.64},{"type":"B","date":"2018-03-29T01:47:44.000Z","volume":2000,"label":" ","price":9.64},{"type":"B","date":"2018-03-29T01:47:44.000Z","volume":6000,"label":" ","price":9.65},{"type":"B","date":"2018-03-29T01:47:44.000Z","volume":6000,"label":" ","price":9.65},{"type":"A","date":"2018-03-29T01:47:44.000Z","volume":6000,"label":" ","price":9.65},{"type":"A","date":"2018-03-29T01:47:44.000Z","volume":6000,"label":" ","price":9.65},{"type":"A","date":"2018-03-29T01:47:44.000Z","volume":6000,"label":" ","price":9.65},{"type":"A","date":"2018-03-29T01:47:44.000Z","volume":6000,"label":" ","price":9.65},{"type":"A","date":"2018-03-29T01:47:51.000Z","volume":6000,"label":" ","price":9.65},{"type":"B","date":"2018-03-29T01:48:00.000Z","volume":10000,"label":" ","price":9.64},{"type":"B","date":"2018-03-29T01:48:05.000Z","volume":6000,"label":" ","price":9.65},{"type":"B","date":"2018-03-29T01:48:05.000Z","volume":8000,"label":" ","price":9.64},{"type":"U","date":"2018-03-29T01:48:39.000Z","volume":2000,"label":" ","price":9.63},{"type":"U","date":"2018-03-29T01:48:39.000Z","volume":6000,"label":" ","price":9.63},{"type":"B","date":"2018-03-29T01:48:51.000Z","volume":4000,"label":" ","price":9.62},{"type":"A","date":"2018-03-29T01:48:54.000Z","volume":10000,"label":" ","price":9.63},{"type":"A","date":"2018-03-29T01:48:54.000Z","volume":28000,"label":" ","price":9.64},{"type":"U","date":"2018-03-29T01:48:54.000Z","volume":4000,"label":"X","price":9.64},{"type":"B","date":"2018-03-29T01:48:54.000Z","volume":2000,"label":" ","price":9.64},{"type":"A","date":"2018-03-29T01:48:54.000Z","volume":2000,"label":"Y","price":9.65},{"type":"A","date":"2018-03-29T01:48:54.000Z","volume":2000,"label":" ","price":9.65},{"type":"A","date":"2018-03-29T01:48:58.000Z","volume":2000,"label":"Y","price":9.65},{"type":"U","date":"2018-03-29T01:48:58.000Z","volume":2000,"label":"X","price":9.645},{"type":"B","date":"2018-03-29T01:49:00.000Z","volume":50000,"label":" ","price":9.64},{"type":"A","date":"2018-03-29T01:49:51.000Z","volume":6000,"label":" ","price":9.65},{"type":"A","date":"2018-03-29T01:49:51.000Z","volume":2000,"label":" ","price":9.65},{"type":"B","date":"2018-03-29T01:49:56.000Z","volume":4000,"label":" ","price":9.65},{"type":"B","date":"2018-03-29T01:49:56.000Z","volume":20000,"label":" ","price":9.65},{"type":"B","date":"2018-03-29T01:49:56.000Z","volume":14000,"label":" ","price":9.65},{"type":"B","date":"2018-03-29T01:49:56.000Z","volume":12000,"label":" ","price":9.64},{"type":"B","date":"2018-03-29T01:49:57.000Z","volume":6000,"label":"Y","price":9.64},{"type":"B","date":"2018-03-29T01:49:57.000Z","volume":16000,"label":" ","price":9.64},{"type":"B","date":"2018-03-29T01:49:57.000Z","volume":8000,"label":" ","price":9.64},{"type":"B","date":"2018-03-29T01:50:02.000Z","volume":2000,"label":" ","price":9.59},{"type":"U","date":"2018-03-29T01:50:04.000Z","volume":6000,"label":"Y","price":9.6},{"type":"A","date":"2018-03-29T01:50:36.000Z","volume":2000,"label":" ","price":9.61},{"type":"B","date":"2018-03-29T01:50:36.000Z","volume":2000,"label":" ","price":9.6},{"type":"B","date":"2018-03-29T01:50:37.000Z","volume":24000,"label":" ","price":9.6},{"type":"U","date":"2018-03-29T01:50:37.000Z","volume":4000,"label":"X","price":9.6},{"type":"B","date":"2018-03-29T01:50:37.000Z","volume":2000,"label":" ","price":9.6},{"type":"U","date":"2018-03-29T01:50:37.000Z","volume":2000,"label":" ","price":9.6},{"type":"B","date":"2018-03-29T01:50:38.000Z","volume":6000,"label":"Y","price":9.6},{"type":"B","date":"2018-03-29T01:50:38.000Z","volume":2000,"label":" ","price":9.59},{"type":"B","date":"2018-03-29T01:50:46.000Z","volume":4000,"label":" ","price":9.57},{"type":"B","date":"2018-03-29T01:50:48.000Z","volume":18000,"label":"Y","price":9.55},{"type":"B","date":"2018-03-29T01:50:50.000Z","volume":2000,"label":" ","price":9.55},{"type":"B","date":"2018-03-29T01:51:07.000Z","volume":50000,"label":" ","price":9.55},{"type":"A","date":"2018-03-29T01:51:20.000Z","volume":8000,"label":"Y","price":9.59},{"type":"A","date":"2018-03-29T01:51:20.000Z","volume":28000,"label":" ","price":9.59},{"type":"A","date":"2018-03-29T01:51:22.000Z","volume":4000,"label":" ","price":9.6},{"type":"B","date":"2018-03-29T01:51:32.000Z","volume":2000,"label":" ","price":9.58},{"type":"U","date":"2018-03-29T01:51:35.000Z","volume":6000,"label":" ","price":9.59},{"type":"U","date":"2018-03-29T01:51:35.000Z","volume":2000,"label":" ","price":9.59},{"type":"A","date":"2018-03-29T01:51:35.000Z","volume":68000,"label":" ","price":9.6},{"type":"A","date":"2018-03-29T01:51:35.000Z","volume":8000,"label":" ","price":9.61},{"type":"A","date":"2018-03-29T01:51:35.000Z","volume":4000,"label":" ","price":9.62},{"type":"A","date":"2018-03-29T01:52:18.000Z","volume":10000,"label":" ","price":9.65},{"type":"B","date":"2018-03-29T01:52:34.000Z","volume":2000,"label":" ","price":9.62},{"type":"B","date":"2018-03-29T01:52:40.000Z","volume":2000,"label":" ","price":9.62},{"type":"B","date":"2018-03-29T01:52:40.000Z","volume":48000,"label":" ","price":9.62},{"type":"B","date":"2018-03-29T01:52:40.000Z","volume":6000,"label":" ","price":9.61},{"type":"U","date":"2018-03-29T01:52:40.000Z","volume":2000,"label":" ","price":9.61},{"type":"A","date":"2018-03-29T01:52:40.000Z","volume":2000,"label":" ","price":9.61},{"type":"A","date":"2018-03-29T01:52:40.000Z","volume":2000,"label":" ","price":9.61},{"type":"A","date":"2018-03-29T01:52:48.000Z","volume":2000,"label":" ","price":9.61},{"type":"A","date":"2018-03-29T01:53:16.000Z","volume":8000,"label":" ","price":9.61},{"type":"U","date":"2018-03-29T01:53:20.000Z","volume":2000,"label":" ","price":9.6},{"type":"U","date":"2018-03-29T01:53:41.000Z","volume":4000,"label":"X","price":9.58},{"type":"A","date":"2018-03-29T01:54:11.000Z","volume":46000,"label":" ","price":9.6},{"type":"A","date":"2018-03-29T01:54:11.000Z","volume":4000,"label":" ","price":9.6},{"type":"B","date":"2018-03-29T01:54:15.000Z","volume":2000,"label":" ","price":9.6},{"type":"A","date":"2018-03-29T01:54:26.000Z","volume":14000,"label":" ","price":9.61},{"type":"B","date":"2018-03-29T01:54:37.000Z","volume":2000,"label":" ","price":9.6},{"type":"A","date":"2018-03-29T01:54:42.000Z","volume":2000,"label":" ","price":9.61},{"type":"B","date":"2018-03-29T01:54:44.000Z","volume":2000,"label":" ","price":9.6},{"type":"B","date":"2018-03-29T01:54:50.000Z","volume":2000,"label":" ","price":9.6},{"type":"U","date":"2018-03-29T01:54:55.000Z","volume":1726,"label":"D","price":9.63},{"type":"A","date":"2018-03-29T01:55:11.000Z","volume":74000,"label":" ","price":9.61},{"type":"A","date":"2018-03-29T01:55:11.000Z","volume":4000,"label":" ","price":9.62},{"type":"A","date":"2018-03-29T01:55:15.000Z","volume":74000,"label":" ","price":9.63},{"type":"A","date":"2018-03-29T01:55:16.000Z","volume":20000,"label":" ","price":9.64},{"type":"B","date":"2018-03-29T01:55:21.000Z","volume":2000,"label":" ","price":9.64},{"type":"U","date":"2018-03-29T01:55:26.000Z","volume":2000,"label":"X","price":9.64},{"type":"A","date":"2018-03-29T01:55:52.000Z","volume":12000,"label":" ","price":9.65},{"type":"B","date":"2018-03-29T01:56:05.000Z","volume":36000,"label":" ","price":9.64},{"type":"B","date":"2018-03-29T01:56:05.000Z","volume":20000,"label":" ","price":9.63},{"type":"B","date":"2018-03-29T01:56:05.000Z","volume":12000,"label":" ","price":9.63},{"type":"B","date":"2018-03-29T01:56:05.000Z","volume":20000,"label":" ","price":9.63},{"type":"B","date":"2018-03-29T01:56:05.000Z","volume":14000,"label":" ","price":9.63},{"type":"B","date":"2018-03-29T01:56:05.000Z","volume":2000,"label":" ","price":9.63},{"type":"A","date":"2018-03-29T01:56:07.000Z","volume":20000,"label":" ","price":9.63},{"type":"B","date":"2018-03-29T01:56:10.000Z","volume":2000,"label":" ","price":9.62},{"type":"A","date":"2018-03-29T01:56:12.000Z","volume":8000,"label":" ","price":9.63},{"type":"B","date":"2018-03-29T01:56:20.000Z","volume":2000,"label":" ","price":9.62},{"type":"B","date":"2018-03-29T01:56:20.000Z","volume":16000,"label":" ","price":9.62},{"type":"B","date":"2018-03-29T01:56:30.000Z","volume":12000,"label":" ","price":9.61},{"type":"B","date":"2018-03-29T01:56:30.000Z","volume":2000,"label":" ","price":9.6},{"type":"B","date":"2018-03-29T01:56:36.000Z","volume":6000,"label":" ","price":9.6},{"type":"A","date":"2018-03-29T01:56:52.000Z","volume":66000,"label":" ","price":9.61},{"type":"B","date":"2018-03-29T01:56:52.000Z","volume":10000,"label":" ","price":9.61},{"type":"B","date":"2018-03-29T01:56:52.000Z","volume":24000,"label":" ","price":9.61},{"type":"A","date":"2018-03-29T01:57:10.000Z","volume":8000,"label":" ","price":9.62},{"type":"A","date":"2018-03-29T01:57:10.000Z","volume":12000,"label":" ","price":9.62},{"type":"U","date":"2018-03-29T01:57:12.000Z","volume":8000,"label":" ","price":9.61},{"type":"A","date":"2018-03-29T01:57:22.000Z","volume":10000,"label":" ","price":9.61},{"type":"B","date":"2018-03-29T01:57:35.000Z","volume":2000,"label":" ","price":9.61},{"type":"B","date":"2018-03-29T01:57:36.000Z","volume":22000,"label":" ","price":9.61},{"type":"A","date":"2018-03-29T01:57:45.000Z","volume":30000,"label":"Y","price":9.62},{"type":"A","date":"2018-03-29T01:57:45.000Z","volume":42000,"label":" ","price":9.62},{"type":"B","date":"2018-03-29T01:58:03.000Z","volume":4000,"label":" ","price":9.62},{"type":"A","date":"2018-03-29T01:58:08.000Z","volume":10000,"label":"Y","price":9.63},{"type":"B","date":"2018-03-29T01:58:14.000Z","volume":10000,"label":" ","price":9.62},{"type":"A","date":"2018-03-29T01:58:16.000Z","volume":50000,"label":" ","price":9.63},{"type":"A","date":"2018-03-29T01:58:19.000Z","volume":4000,"label":" ","price":9.63},{"type":"B","date":"2018-03-29T01:58:23.000Z","volume":4000,"label":"Y","price":9.62},{"type":"B","date":"2018-03-29T01:58:23.000Z","volume":14000,"label":" ","price":9.62},{"type":"B","date":"2018-03-29T01:58:23.000Z","volume":10000,"label":" ","price":9.62},{"type":"U","date":"2018-03-29T01:58:23.000Z","volume":4000,"label":" ","price":9.62},{"type":"U","date":"2018-03-29T01:58:23.000Z","volume":6000,"label":" ","price":9.62},{"type":"A","date":"2018-03-29T01:58:23.000Z","volume":6000,"label":" ","price":9.62},{"type":"B","date":"2018-03-29T01:58:24.000Z","volume":2000,"label":" ","price":9.61},{"type":"B","date":"2018-03-29T01:58:26.000Z","volume":2000,"label":" ","price":9.6},{"type":"B","date":"2018-03-29T01:58:26.000Z","volume":18000,"label":" ","price":9.6},{"type":"A","date":"2018-03-29T01:58:31.000Z","volume":8000,"label":" ","price":9.62},{"type":"A","date":"2018-03-29T01:58:52.000Z","volume":12000,"label":" ","price":9.62},{"type":"U","date":"2018-03-29T01:58:53.000Z","volume":4000,"label":" ","price":9.6},{"type":"U","date":"2018-03-29T01:58:53.000Z","volume":6000,"label":" ","price":9.6},{"type":"A","date":"2018-03-29T01:58:58.000Z","volume":12000,"label":" ","price":9.6},{"type":"A","date":"2018-03-29T01:58:58.000Z","volume":2000,"label":" ","price":9.6},{"type":"B","date":"2018-03-29T01:58:58.000Z","volume":2000,"label":" ","price":9.59},{"type":"A","date":"2018-03-29T01:59:06.000Z","volume":8000,"label":" ","price":9.61},{"type":"A","date":"2018-03-29T01:59:16.000Z","volume":2000,"label":" ","price":9.61},{"type":"A","date":"2018-03-29T01:59:16.000Z","volume":2000,"label":" ","price":9.62},{"type":"A","date":"2018-03-29T02:00:05.000Z","volume":8000,"label":" ","price":9.62},{"type":"A","date":"2018-03-29T02:00:13.000Z","volume":4000,"label":" ","price":9.62},{"type":"U","date":"2018-03-29T02:00:19.000Z","volume":8000,"label":" ","price":9.6},{"type":"U","date":"2018-03-29T02:00:19.000Z","volume":16000,"label":" ","price":9.6},{"type":"A","date":"2018-03-29T02:00:22.000Z","volume":12000,"label":" ","price":9.62},{"type":"B","date":"2018-03-29T02:00:22.000Z","volume":32000,"label":" ","price":9.6},{"type":"B","date":"2018-03-29T02:00:22.000Z","volume":6000,"label":" ","price":9.6},{"type":"U","date":"2018-03-29T02:00:26.000Z","volume":16000,"label":" ","price":9.6},{"type":"B","date":"2018-03-29T02:00:37.000Z","volume":2000,"label":" ","price":9.59},{"type":"B","date":"2018-03-29T02:00:37.000Z","volume":22000,"label":" ","price":9.59},{"type":"B","date":"2018-03-29T02:00:37.000Z","volume":2000,"label":" ","price":9.59},{"type":"B","date":"2018-03-29T02:00:37.000Z","volume":2000,"label":" ","price":9.58},{"type":"U","date":"2018-03-29T02:01:25.000Z","volume":2000,"label":"X","price":9.575},{"type":"B","date":"2018-03-29T02:01:25.000Z","volume":2000,"label":" ","price":9.57},{"type":"A","date":"2018-03-29T02:01:32.000Z","volume":8000,"label":" ","price":9.58},{"type":"A","date":"2018-03-29T02:01:32.000Z","volume":6000,"label":" ","price":9.58},{"type":"A","date":"2018-03-29T02:01:36.000Z","volume":2000,"label":" ","price":9.58},{"type":"B","date":"2018-03-29T02:01:48.000Z","volume":12000,"label":" ","price":9.57},{"type":"B","date":"2018-03-29T02:01:49.000Z","volume":4000,"label":" ","price":9.57},{"type":"A","date":"2018-03-29T02:01:52.000Z","volume":12000,"label":" ","price":9.58},{"type":"B","date":"2018-03-29T02:02:01.000Z","volume":2000,"label":" ","price":9.57},{"type":"A","date":"2018-03-29T02:02:31.000Z","volume":6000,"label":" ","price":9.58},{"type":"A","date":"2018-03-29T02:02:42.000Z","volume":6000,"label":" ","price":9.58},{"type":"B","date":"2018-03-29T02:02:42.000Z","volume":2000,"label":" ","price":9.57},{"type":"B","date":"2018-03-29T02:03:16.000Z","volume":30000,"label":" ","price":9.57},{"type":"B","date":"2018-03-29T02:03:16.000Z","volume":8000,"label":" ","price":9.57},{"type":"A","date":"2018-03-29T02:03:22.000Z","volume":12000,"label":" ","price":9.58},{"type":"B","date":"2018-03-29T02:03:22.000Z","volume":12000,"label":" ","price":9.57},{"type":"B","date":"2018-03-29T02:03:22.000Z","volume":2000,"label":" ","price":9.57},{"type":"A","date":"2018-03-29T02:03:22.000Z","volume":14000,"label":" ","price":9.57},{"type":"A","date":"2018-03-29T02:03:22.000Z","volume":8000,"label":" ","price":9.57},{"type":"B","date":"2018-03-29T02:03:24.000Z","volume":64000,"label":" ","price":9.56},{"type":"B","date":"2018-03-29T02:03:24.000Z","volume":4000,"label":" ","price":9.55},{"type":"A","date":"2018-03-29T02:03:29.000Z","volume":8000,"label":" ","price":9.55},{"type":"B","date":"2018-03-29T02:03:42.000Z","volume":2000,"label":" ","price":9.54},{"type":"B","date":"2018-03-29T02:03:44.000Z","volume":34000,"label":" ","price":9.54},{"type":"B","date":"2018-03-29T02:03:45.000Z","volume":2000,"label":" ","price":9.54},{"type":"A","date":"2018-03-29T02:03:58.000Z","volume":8000,"label":" ","price":9.55},{"type":"A","date":"2018-03-29T02:04:11.000Z","volume":10000,"label":" ","price":9.55},{"type":"B","date":"2018-03-29T02:04:21.000Z","volume":2000,"label":" ","price":9.54},{"type":"A","date":"2018-03-29T02:04:33.000Z","volume":36000,"label":" ","price":9.56},{"type":"A","date":"2018-03-29T02:04:33.000Z","volume":58000,"label":" ","price":9.57},{"type":"B","date":"2018-03-29T02:04:35.000Z","volume":6000,"label":"Y","price":9.56},{"type":"B","date":"2018-03-29T02:04:35.000Z","volume":22000,"label":" ","price":9.55},{"type":"B","date":"2018-03-29T02:04:39.000Z","volume":34000,"label":" ","price":9.54},{"type":"B","date":"2018-03-29T02:04:48.000Z","volume":18000,"label":" ","price":9.53},{"type":"A","date":"2018-03-29T02:04:50.000Z","volume":2000,"label":"Y","price":9.54},{"type":"A","date":"2018-03-29T02:04:52.000Z","volume":12000,"label":" ","price":9.54},{"type":"A","date":"2018-03-29T02:04:58.000Z","volume":4000,"label":" ","price":9.54},{"type":"B","date":"2018-03-29T02:05:01.000Z","volume":6000,"label":" ","price":9.53},{"type":"A","date":"2018-03-29T02:05:01.000Z","volume":28000,"label":" ","price":9.54},{"type":"A","date":"2018-03-29T02:05:06.000Z","volume":10000,"label":" ","price":9.54},{"type":"A","date":"2018-03-29T02:05:25.000Z","volume":8000,"label":" ","price":9.54},{"type":"A","date":"2018-03-29T02:05:25.000Z","volume":48000,"label":" ","price":9.54},{"type":"A","date":"2018-03-29T02:05:25.000Z","volume":42000,"label":" ","price":9.54},{"type":"A","date":"2018-03-29T02:05:25.000Z","volume":244000,"label":" ","price":9.55},{"type":"A","date":"2018-03-29T02:05:25.000Z","volume":10000,"label":" ","price":9.54},{"type":"A","date":"2018-03-29T02:05:26.000Z","volume":14000,"label":" ","price":9.56},{"type":"A","date":"2018-03-29T02:05:31.000Z","volume":6000,"label":" ","price":9.57},{"type":"B","date":"2018-03-29T02:05:52.000Z","volume":4000,"label":" ","price":9.55},{"type":"A","date":"2018-03-29T02:05:57.000Z","volume":2000,"label":" ","price":9.56},{"type":"B","date":"2018-03-29T02:06:01.000Z","volume":12000,"label":" ","price":9.55},{"type":"B","date":"2018-03-29T02:06:05.000Z","volume":2000,"label":" ","price":9.55},{"type":"A","date":"2018-03-29T02:06:22.000Z","volume":12000,"label":"Y","price":9.56},{"type":"A","date":"2018-03-29T02:06:23.000Z","volume":6000,"label":"Y","price":9.56},{"type":"B","date":"2018-03-29T02:06:39.000Z","volume":2000,"label":" ","price":9.55},{"type":"A","date":"2018-03-29T02:06:41.000Z","volume":8000,"label":" ","price":9.56},{"type":"B","date":"2018-03-29T02:06:43.000Z","volume":2000,"label":" ","price":9.55},{"type":"B","date":"2018-03-29T02:07:16.000Z","volume":50000,"label":" ","price":9.55},{"type":"B","date":"2018-03-29T02:07:19.000Z","volume":2000,"label":" ","price":9.55},{"type":"B","date":"2018-03-29T02:07:19.000Z","volume":8000,"label":"Y","price":9.55},{"type":"B","date":"2018-03-29T02:07:19.000Z","volume":8000,"label":" ","price":9.55},{"type":"B","date":"2018-03-29T02:07:19.000Z","volume":8000,"label":" ","price":9.55},{"type":"A","date":"2018-03-29T02:07:21.000Z","volume":8000,"label":"Y","price":9.56},{"type":"B","date":"2018-03-29T02:07:22.000Z","volume":4000,"label":" ","price":9.55},{"type":"B","date":"2018-03-29T02:07:23.000Z","volume":2000,"label":" ","price":9.54},{"type":"B","date":"2018-03-29T02:07:35.000Z","volume":68000,"label":" ","price":9.54},{"type":"B","date":"2018-03-29T02:07:35.000Z","volume":204000,"label":" ","price":9.53},{"type":"B","date":"2018-03-29T02:07:35.000Z","volume":4000,"label":" ","price":9.52},{"type":"B","date":"2018-03-29T02:07:35.000Z","volume":2000,"label":" ","price":9.52},{"type":"B","date":"2018-03-29T02:07:35.000Z","volume":16000,"label":" ","price":9.53},{"type":"A","date":"2018-03-29T02:07:37.000Z","volume":2000,"label":" ","price":9.53},{"type":"U","date":"2018-03-29T02:07:41.000Z","volume":4000,"label":" ","price":9.52},{"type":"A","date":"2018-03-29T02:07:44.000Z","volume":4000,"label":" ","price":9.52},{"type":"A","date":"2018-03-29T02:07:52.000Z","volume":20000,"label":" ","price":9.53},{"type":"A","date":"2018-03-29T02:07:52.000Z","volume":12000,"label":" ","price":9.53},{"type":"B","date":"2018-03-29T02:08:04.000Z","volume":96000,"label":" ","price":9.52},{"type":"B","date":"2018-03-29T02:08:04.000Z","volume":104000,"label":"Y","price":9.51},{"type":"B","date":"2018-03-29T02:08:04.000Z","volume":2000,"label":" ","price":9.52},{"type":"A","date":"2018-03-29T02:08:21.000Z","volume":6000,"label":" ","price":9.53},{"type":"B","date":"2018-03-29T02:08:31.000Z","volume":2000,"label":" ","price":9.51},{"type":"U","date":"2018-03-29T02:08:53.000Z","volume":4000,"label":"X","price":9.51},{"type":"B","date":"2018-03-29T02:09:01.000Z","volume":2000,"label":" ","price":9.51},{"type":"B","date":"2018-03-29T02:09:09.000Z","volume":46000,"label":" ","price":9.51},{"type":"A","date":"2018-03-29T02:09:19.000Z","volume":8000,"label":" ","price":9.53},{"type":"A","date":"2018-03-29T02:09:22.000Z","volume":12000,"label":" ","price":9.53},{"type":"B","date":"2018-03-29T02:09:31.000Z","volume":20000,"label":" ","price":9.51},{"type":"B","date":"2018-03-29T02:09:31.000Z","volume":60000,"label":" ","price":9.5},{"type":"B","date":"2018-03-29T02:09:31.000Z","volume":4000,"label":" ","price":9.49},{"type":"A","date":"2018-03-29T02:09:31.000Z","volume":2000,"label":" ","price":9.51},{"type":"B","date":"2018-03-29T02:09:33.000Z","volume":10000,"label":" ","price":9.48},{"type":"B","date":"2018-03-29T02:09:33.000Z","volume":4000,"label":" ","price":9.47},{"type":"U","date":"2018-03-29T02:09:33.000Z","volume":2000,"label":"X","price":9.495},{"type":"B","date":"2018-03-29T02:09:34.000Z","volume":4000,"label":" ","price":9.44},{"type":"B","date":"2018-03-29T02:09:51.000Z","volume":8000,"label":" ","price":9.48},{"type":"A","date":"2018-03-29T02:10:17.000Z","volume":6000,"label":" ","price":9.5},{"type":"U","date":"2018-03-29T02:10:40.000Z","volume":2000,"label":" ","price":9.47},{"type":"A","date":"2018-03-29T02:10:52.000Z","volume":12000,"label":" ","price":9.49},{"type":"U","date":"2018-03-29T02:10:54.000Z","volume":18000,"label":" ","price":9.47},{"type":"B","date":"2018-03-29T02:10:57.000Z","volume":4000,"label":" ","price":9.46},{"type":"A","date":"2018-03-29T02:11:15.000Z","volume":8000,"label":" ","price":9.47},{"type":"B","date":"2018-03-29T02:11:33.000Z","volume":2000,"label":"Y","price":9.43},{"type":"A","date":"2018-03-29T02:11:40.000Z","volume":8000,"label":" ","price":9.47},{"type":"B","date":"2018-03-29T02:11:50.000Z","volume":8000,"label":" ","price":9.45},{"type":"B","date":"2018-03-29T02:12:04.000Z","volume":12000,"label":" ","price":9.45},{"type":"A","date":"2018-03-29T02:12:13.000Z","volume":6000,"label":" ","price":9.47},{"type":"A","date":"2018-03-29T02:12:22.000Z","volume":12000,"label":" ","price":9.47},{"type":"B","date":"2018-03-29T02:12:34.000Z","volume":2000,"label":" ","price":9.45},{"type":"A","date":"2018-03-29T02:13:11.000Z","volume":8000,"label":" ","price":9.47},{"type":"B","date":"2018-03-29T02:13:22.000Z","volume":2000,"label":" ","price":9.45},{"type":"B","date":"2018-03-29T02:13:34.000Z","volume":2000,"label":" ","price":9.45},{"type":"A","date":"2018-03-29T02:13:52.000Z","volume":12000,"label":" ","price":9.47},{"type":"U","date":"2018-03-29T02:13:53.000Z","volume":8000,"label":"X","price":9.45},{"type":"A","date":"2018-03-29T02:14:09.000Z","volume":6000,"label":" ","price":9.47},{"type":"U","date":"2018-03-29T02:14:14.000Z","volume":10000,"label":" ","price":9.46},{"type":"B","date":"2018-03-29T02:14:14.000Z","volume":4000,"label":" ","price":9.46},{"type":"B","date":"2018-03-29T02:14:16.000Z","volume":2000,"label":" ","price":9.46},{"type":"B","date":"2018-03-29T02:14:44.000Z","volume":2000,"label":" ","price":9.46},{"type":"B","date":"2018-03-29T02:14:52.000Z","volume":2000,"label":" ","price":9.46},{"type":"A","date":"2018-03-29T02:15:08.000Z","volume":8000,"label":" ","price":9.47},{"type":"B","date":"2018-03-29T02:15:18.000Z","volume":2000,"label":" ","price":9.46},{"type":"B","date":"2018-03-29T02:15:19.000Z","volume":18000,"label":" ","price":9.46},{"type":"B","date":"2018-03-29T02:15:19.000Z","volume":30000,"label":" ","price":9.45},{"type":"B","date":"2018-03-29T02:15:19.000Z","volume":8000,"label":" ","price":9.46},{"type":"A","date":"2018-03-29T02:15:22.000Z","volume":12000,"label":" ","price":9.46},{"type":"A","date":"2018-03-29T02:15:32.000Z","volume":2000,"label":" ","price":9.46},{"type":"A","date":"2018-03-29T02:15:34.000Z","volume":10000,"label":" ","price":9.46},{"type":"B","date":"2018-03-29T02:15:35.000Z","volume":2000,"label":" ","price":9.45},{"type":"B","date":"2018-03-29T02:15:36.000Z","volume":2000,"label":" ","price":9.45},{"type":"B","date":"2018-03-29T02:15:50.000Z","volume":4000,"label":" ","price":9.45},{"type":"A","date":"2018-03-29T02:16:04.000Z","volume":18000,"label":" ","price":9.46},{"type":"A","date":"2018-03-29T02:16:05.000Z","volume":8000,"label":" ","price":9.46},{"type":"A","date":"2018-03-29T02:16:07.000Z","volume":6000,"label":" ","price":9.46},{"type":"B","date":"2018-03-29T02:16:17.000Z","volume":2000,"label":" ","price":9.45},{"type":"A","date":"2018-03-29T02:16:52.000Z","volume":12000,"label":" ","price":9.46},{"type":"B","date":"2018-03-29T02:16:58.000Z","volume":2000,"label":" ","price":9.45},{"type":"B","date":"2018-03-29T02:17:05.000Z","volume":6000,"label":" ","price":9.45},{"type":"A","date":"2018-03-29T02:17:05.000Z","volume":8000,"label":" ","price":9.46},{"type":"U","date":"2018-03-29T02:17:10.000Z","volume":4000,"label":"X","price":9.45},{"type":"A","date":"2018-03-29T02:17:13.000Z","volume":10000,"label":" ","price":9.46},{"type":"B","date":"2018-03-29T02:17:37.000Z","volume":2000,"label":" ","price":9.45},{"type":"B","date":"2018-03-29T02:17:40.000Z","volume":2000,"label":" ","price":9.45},{"type":"A","date":"2018-03-29T02:17:46.000Z","volume":8000,"label":" ","price":9.46},{"type":"A","date":"2018-03-29T02:17:47.000Z","volume":8000,"label":" ","price":9.46},{"type":"B","date":"2018-03-29T02:17:48.000Z","volume":2000,"label":" ","price":9.45},{"type":"A","date":"2018-03-29T02:17:56.000Z","volume":4000,"label":" ","price":9.46},{"type":"A","date":"2018-03-29T02:18:03.000Z","volume":6000,"label":" ","price":9.46},{"type":"A","date":"2018-03-29T02:18:03.000Z","volume":56000,"label":" ","price":9.46},{"type":"A","date":"2018-03-29T02:18:03.000Z","volume":12000,"label":" ","price":9.46},{"type":"B","date":"2018-03-29T02:18:03.000Z","volume":4000,"label":" ","price":9.45},{"type":"A","date":"2018-03-29T02:18:04.000Z","volume":2000,"label":" ","price":9.46},{"type":"A","date":"2018-03-29T02:18:04.000Z","volume":2000,"label":" ","price":9.46},{"type":"B","date":"2018-03-29T02:18:10.000Z","volume":44000,"label":" ","price":9.46},{"type":"B","date":"2018-03-29T02:18:10.000Z","volume":10000,"label":" ","price":9.46},{"type":"B","date":"2018-03-29T02:18:10.000Z","volume":4000,"label":" ","price":9.45},{"type":"B","date":"2018-03-29T02:18:11.000Z","volume":10000,"label":" ","price":9.46},{"type":"A","date":"2018-03-29T02:18:11.000Z","volume":10000,"label":" ","price":9.46},{"type":"A","date":"2018-03-29T02:18:22.000Z","volume":12000,"label":"Y","price":9.46},{"type":"A","date":"2018-03-29T02:18:38.000Z","volume":12000,"label":" ","price":9.46},{"type":"U","date":"2018-03-29T02:18:42.000Z","volume":4000,"label":"X","price":9.45},{"type":"B","date":"2018-03-29T02:18:43.000Z","volume":80000,"label":" ","price":9.45},{"type":"B","date":"2018-03-29T02:18:43.000Z","volume":4000,"label":" ","price":9.44},{"type":"A","date":"2018-03-29T02:18:43.000Z","volume":14000,"label":" ","price":9.45},{"type":"A","date":"2018-03-29T02:18:43.000Z","volume":8000,"label":" ","price":9.45},{"type":"U","date":"2018-03-29T02:18:48.000Z","volume":4000,"label":"X","price":9.44},{"type":"B","date":"2018-03-29T02:18:56.000Z","volume":8000,"label":" ","price":9.44},{"type":"B","date":"2018-03-29T02:18:56.000Z","volume":2000,"label":" ","price":9.44},{"type":"B","date":"2018-03-29T02:18:56.000Z","volume":4000,"label":" ","price":9.43},{"type":"B","date":"2018-03-29T02:18:56.000Z","volume":42000,"label":" ","price":9.43},{"type":"B","date":"2018-03-29T02:18:56.000Z","volume":2000,"label":" ","price":9.43},{"type":"U","date":"2018-03-29T02:18:59.000Z","volume":2000,"label":" ","price":9.43},{"type":"U","date":"2018-03-29T02:18:59.000Z","volume":4000,"label":" ","price":9.43},{"type":"B","date":"2018-03-29T02:19:01.000Z","volume":18000,"label":" ","price":9.43},{"type":"A","date":"2018-03-29T02:19:01.000Z","volume":8000,"label":" ","price":9.45},{"type":"B","date":"2018-03-29T02:19:02.000Z","volume":4000,"label":" ","price":9.42},{"type":"B","date":"2018-03-29T02:19:11.000Z","volume":160000,"label":" ","price":9.42},{"type":"B","date":"2018-03-29T02:19:11.000Z","volume":18000,"label":" ","price":9.4},{"type":"B","date":"2018-03-29T02:19:11.000Z","volume":40000,"label":" ","price":9.38},{"type":"A","date":"2018-03-29T02:19:11.000Z","volume":32000,"label":" ","price":9.4},{"type":"B","date":"2018-03-29T02:19:14.000Z","volume":4000,"label":" ","price":9.36},{"type":"B","date":"2018-03-29T02:19:19.000Z","volume":4000,"label":" ","price":9.36},{"type":"B","date":"2018-03-29T02:19:21.000Z","volume":2000,"label":" ","price":9.35},{"type":"B","date":"2018-03-29T02:19:22.000Z","volume":12000,"label":" ","price":9.35},{"type":"B","date":"2018-03-29T02:19:25.000Z","volume":8000,"label":" ","price":9.33},{"type":"U","date":"2018-03-29T02:19:29.000Z","volume":76000,"label":" ","price":9.35},{"type":"U","date":"2018-03-29T02:19:29.000Z","volume":30000,"label":" ","price":9.35},{"type":"U","date":"2018-03-29T02:19:29.000Z","volume":4000,"label":" ","price":9.35},{"type":"U","date":"2018-03-29T02:19:29.000Z","volume":4000,"label":" ","price":9.35},{"type":"U","date":"2018-03-29T02:19:29.000Z","volume":4000,"label":"Y","price":9.35},{"type":"A","date":"2018-03-29T02:19:29.000Z","volume":4000,"label":" ","price":9.36},{"type":"A","date":"2018-03-29T02:19:30.000Z","volume":2000,"label":" ","price":9.36},{"type":"U","date":"2018-03-29T02:19:30.000Z","volume":6000,"label":" ","price":9.36},{"type":"A","date":"2018-03-29T02:19:30.000Z","volume":2000,"label":"Y","price":9.36},{"type":"A","date":"2018-03-29T02:19:30.000Z","volume":6000,"label":" ","price":9.36},{"type":"A","date":"2018-03-29T02:19:32.000Z","volume":58000,"label":" ","price":9.39},{"type":"U","date":"2018-03-29T02:19:34.000Z","volume":4000,"label":"X","price":9.35},{"type":"A","date":"2018-03-29T02:19:52.000Z","volume":12000,"label":" ","price":9.39},{"type":"A","date":"2018-03-29T02:20:00.000Z","volume":6000,"label":" ","price":9.39},{"type":"U","date":"2018-03-29T02:20:05.000Z","volume":4000,"label":"X","price":9.36},{"type":"U","date":"2018-03-29T02:20:27.000Z","volume":8000,"label":" ","price":9.38},{"type":"U","date":"2018-03-29T02:20:38.000Z","volume":1000,"label":"D","price":9.33},{"type":"A","date":"2018-03-29T02:20:59.000Z","volume":8000,"label":" ","price":9.39},{"type":"U","date":"2018-03-29T02:21:09.000Z","volume":8000,"label":"X","price":9.37},{"type":"A","date":"2018-03-29T02:21:10.000Z","volume":2000,"label":" ","price":9.39},{"type":"B","date":"2018-03-29T02:21:13.000Z","volume":2000,"label":" ","price":9.37},{"type":"B","date":"2018-03-29T02:21:14.000Z","volume":2000,"label":" ","price":9.38},{"type":"B","date":"2018-03-29T02:21:18.000Z","volume":2000,"label":" ","price":9.38},{"type":"A","date":"2018-03-29T02:21:22.000Z","volume":12000,"label":" ","price":9.39},{"type":"A","date":"2018-03-29T02:21:24.000Z","volume":6000,"label":" ","price":9.39},{"type":"B","date":"2018-03-29T02:21:32.000Z","volume":2000,"label":" ","price":9.38},{"type":"A","date":"2018-03-29T02:21:34.000Z","volume":2000,"label":" ","price":9.39},{"type":"A","date":"2018-03-29T02:21:40.000Z","volume":36000,"label":" ","price":9.39},{"type":"A","date":"2018-03-29T02:21:40.000Z","volume":110000,"label":" ","price":9.39},{"type":"A","date":"2018-03-29T02:21:40.000Z","volume":60000,"label":" ","price":9.39},{"type":"A","date":"2018-03-29T02:21:40.000Z","volume":16000,"label":" ","price":9.4},{"type":"A","date":"2018-03-29T02:21:40.000Z","volume":12000,"label":" ","price":9.4},{"type":"B","date":"2018-03-29T02:21:40.000Z","volume":8000,"label":" ","price":9.38},{"type":"U","date":"2018-03-29T02:21:45.000Z","volume":4000,"label":"X","price":9.38},{"type":"A","date":"2018-03-29T02:21:50.000Z","volume":24000,"label":" ","price":9.4},{"type":"A","date":"2018-03-29T02:21:51.000Z","volume":10000,"label":" ","price":9.41},{"type":"A","date":"2018-03-29T02:21:51.000Z","volume":10000,"label":"Y","price":9.41},{"type":"A","date":"2018-03-29T02:21:51.000Z","volume":2000,"label":" ","price":9.41},{"type":"A","date":"2018-03-29T02:21:51.000Z","volume":2000,"label":" ","price":9.41},{"type":"A","date":"2018-03-29T02:21:54.000Z","volume":22000,"label":"Y","price":9.42},{"type":"A","date":"2018-03-29T02:21:54.000Z","volume":14000,"label":" ","price":9.42},{"type":"A","date":"2018-03-29T02:21:54.000Z","volume":2000,"label":" ","price":9.42},{"type":"A","date":"2018-03-29T02:21:58.000Z","volume":12000,"label":" ","price":9.43},{"type":"A","date":"2018-03-29T02:21:58.000Z","volume":4000,"label":" ","price":9.44},{"type":"B","date":"2018-03-29T02:22:36.000Z","volume":36000,"label":" ","price":9.43},{"type":"B","date":"2018-03-29T02:22:36.000Z","volume":28000,"label":" ","price":9.42},{"type":"A","date":"2018-03-29T02:22:36.000Z","volume":4000,"label":" ","price":9.43},{"type":"U","date":"2018-03-29T02:22:36.000Z","volume":2000,"label":" ","price":9.42},{"type":"A","date":"2018-03-29T02:22:36.000Z","volume":4000,"label":" ","price":9.43},{"type":"A","date":"2018-03-29T02:22:52.000Z","volume":12000,"label":" ","price":9.43},{"type":"A","date":"2018-03-29T02:22:56.000Z","volume":8000,"label":" ","price":9.43},{"type":"B","date":"2018-03-29T02:23:41.000Z","volume":2000,"label":" ","price":9.4},{"type":"U","date":"2018-03-29T02:23:51.000Z","volume":2000,"label":" ","price":9.41},{"type":"A","date":"2018-03-29T02:23:54.000Z","volume":6000,"label":" ","price":9.43},{"type":"A","date":"2018-03-29T02:23:54.000Z","volume":6000,"label":" ","price":9.43},{"type":"B","date":"2018-03-29T02:24:14.000Z","volume":2000,"label":" ","price":9.41},{"type":"B","date":"2018-03-29T02:24:15.000Z","volume":16000,"label":" ","price":9.41},{"type":"B","date":"2018-03-29T02:24:18.000Z","volume":6000,"label":" ","price":9.41},{"type":"B","date":"2018-03-29T02:24:19.000Z","volume":2000,"label":" ","price":9.41},{"type":"U","date":"2018-03-29T02:24:19.000Z","volume":8000,"label":"X","price":9.41},{"type":"A","date":"2018-03-29T02:24:22.000Z","volume":12000,"label":" ","price":9.42},{"type":"B","date":"2018-03-29T02:24:22.000Z","volume":4000,"label":" ","price":9.41},{"type":"B","date":"2018-03-29T02:24:35.000Z","volume":2000,"label":" ","price":9.41},{"type":"B","date":"2018-03-29T02:24:36.000Z","volume":38000,"label":" ","price":9.41},{"type":"B","date":"2018-03-29T02:24:36.000Z","volume":2000,"label":" ","price":9.41},{"type":"B","date":"2018-03-29T02:24:36.000Z","volume":4000,"label":" ","price":9.41},{"type":"B","date":"2018-03-29T02:24:40.000Z","volume":10000,"label":" ","price":9.4},{"type":"B","date":"2018-03-29T02:24:42.000Z","volume":2000,"label":" ","price":9.39},{"type":"B","date":"2018-03-29T02:24:44.000Z","volume":2000,"label":" ","price":9.34},{"type":"A","date":"2018-03-29T02:24:53.000Z","volume":8000,"label":" ","price":9.41},{"type":"B","date":"2018-03-29T02:25:25.000Z","volume":2000,"label":" ","price":9.36},{"type":"A","date":"2018-03-29T02:25:51.000Z","volume":6000,"label":" ","price":9.39},{"type":"A","date":"2018-03-29T02:25:52.000Z","volume":12000,"label":" ","price":9.39},{"type":"B","date":"2018-03-29T02:25:59.000Z","volume":4000,"label":" ","price":9.37},{"type":"A","date":"2018-03-29T02:26:35.000Z","volume":4000,"label":" ","price":9.39},{"type":"U","date":"2018-03-29T02:26:39.000Z","volume":6000,"label":"X","price":9.37},{"type":"B","date":"2018-03-29T02:26:41.000Z","volume":2000,"label":" ","price":9.37},{"type":"B","date":"2018-03-29T02:26:41.000Z","volume":6000,"label":" ","price":9.37},{"type":"A","date":"2018-03-29T02:26:50.000Z","volume":8000,"label":" ","price":9.38},{"type":"A","date":"2018-03-29T02:26:50.000Z","volume":32000,"label":" ","price":9.38},{"type":"A","date":"2018-03-29T02:26:50.000Z","volume":6000,"label":" ","price":9.38},{"type":"A","date":"2018-03-29T02:26:51.000Z","volume":84000,"label":" ","price":9.39},{"type":"A","date":"2018-03-29T02:26:53.000Z","volume":4000,"label":" ","price":9.39},{"type":"A","date":"2018-03-29T02:27:20.000Z","volume":16000,"label":" ","price":9.4},{"type":"A","date":"2018-03-29T02:27:20.000Z","volume":6000,"label":" ","price":9.4},{"type":"A","date":"2018-03-29T02:27:22.000Z","volume":2000,"label":" ","price":9.41},{"type":"A","date":"2018-03-29T02:27:44.000Z","volume":12000,"label":" ","price":9.42},{"type":"B","date":"2018-03-29T02:27:49.000Z","volume":10000,"label":" ","price":9.4},{"type":"B","date":"2018-03-29T02:27:49.000Z","volume":38000,"label":" ","price":9.4},{"type":"B","date":"2018-03-29T02:27:49.000Z","volume":6000,"label":" ","price":9.39},{"type":"B","date":"2018-03-29T02:27:49.000Z","volume":2000,"label":" ","price":9.4},{"type":"A","date":"2018-03-29T02:27:49.000Z","volume":2000,"label":" ","price":9.4},{"type":"A","date":"2018-03-29T02:27:49.000Z","volume":8000,"label":" ","price":9.4},{"type":"A","date":"2018-03-29T02:27:49.000Z","volume":2000,"label":" ","price":9.4},{"type":"A","date":"2018-03-29T02:27:49.000Z","volume":4000,"label":" ","price":9.42},{"type":"B","date":"2018-03-29T02:27:55.000Z","volume":24000,"label":" ","price":9.39},{"type":"B","date":"2018-03-29T02:27:55.000Z","volume":2000,"label":" ","price":9.39},{"type":"B","date":"2018-03-29T02:27:55.000Z","volume":32000,"label":" ","price":9.38},{"type":"A","date":"2018-03-29T02:27:55.000Z","volume":10000,"label":" ","price":9.39},{"type":"B","date":"2018-03-29T02:27:55.000Z","volume":2000,"label":" ","price":9.37},{"type":"A","date":"2018-03-29T02:27:57.000Z","volume":12000,"label":" ","price":9.39},{"type":"A","date":"2018-03-29T02:28:05.000Z","volume":2000,"label":"Y","price":9.39},{"type":"B","date":"2018-03-29T02:28:25.000Z","volume":2000,"label":" ","price":9.38},{"type":"A","date":"2018-03-29T02:28:47.000Z","volume":8000,"label":" ","price":9.39},{"type":"A","date":"2018-03-29T02:28:52.000Z","volume":12000,"label":" ","price":9.39},{"type":"B","date":"2018-03-29T02:29:03.000Z","volume":4000,"label":" ","price":9.38},{"type":"B","date":"2018-03-29T02:29:16.000Z","volume":4000,"label":" ","price":9.38},{"type":"A","date":"2018-03-29T02:29:30.000Z","volume":16000,"label":" ","price":9.39},{"type":"A","date":"2018-03-29T02:29:30.000Z","volume":22000,"label":" ","price":9.39},{"type":"A","date":"2018-03-29T02:29:46.000Z","volume":6000,"label":" ","price":9.42},{"type":"B","date":"2018-03-29T02:29:51.000Z","volume":26000,"label":" ","price":9.39},{"type":"B","date":"2018-03-29T02:29:51.000Z","volume":18000,"label":" ","price":9.38},{"type":"B","date":"2018-03-29T02:29:51.000Z","volume":6000,"label":" ","price":9.36},{"type":"A","date":"2018-03-29T02:30:22.000Z","volume":12000,"label":" ","price":9.38},{"type":"A","date":"2018-03-29T02:30:24.000Z","volume":50000,"label":" ","price":9.38},{"type":"A","date":"2018-03-29T02:30:24.000Z","volume":30000,"label":" ","price":9.38},{"type":"A","date":"2018-03-29T02:30:24.000Z","volume":48000,"label":" ","price":9.38},{"type":"A","date":"2018-03-29T02:30:24.000Z","volume":36000,"label":" ","price":9.38},{"type":"A","date":"2018-03-29T02:30:24.000Z","volume":2000,"label":" ","price":9.39},{"type":"A","date":"2018-03-29T02:30:24.000Z","volume":2000,"label":" ","price":9.38},{"type":"A","date":"2018-03-29T02:30:24.000Z","volume":2000,"label":" ","price":9.38},{"type":"A","date":"2018-03-29T02:30:44.000Z","volume":8000,"label":" ","price":9.42},{"type":"B","date":"2018-03-29T02:31:03.000Z","volume":2000,"label":" ","price":9.39},{"type":"B","date":"2018-03-29T02:31:18.000Z","volume":6000,"label":" ","price":9.39},{"type":"B","date":"2018-03-29T02:31:21.000Z","volume":2000,"label":" ","price":9.39},{"type":"A","date":"2018-03-29T02:31:43.000Z","volume":6000,"label":" ","price":9.42},{"type":"A","date":"2018-03-29T02:31:45.000Z","volume":4000,"label":" ","price":9.42},{"type":"B","date":"2018-03-29T02:31:45.000Z","volume":2000,"label":" ","price":9.39},{"type":"A","date":"2018-03-29T02:31:52.000Z","volume":12000,"label":" ","price":9.42},{"type":"U","date":"2018-03-29T02:31:57.000Z","volume":2000,"label":"X","price":9.41},{"type":"U","date":"2018-03-29T02:31:57.000Z","volume":6000,"label":"X","price":9.41},{"type":"A","date":"2018-03-29T02:32:29.000Z","volume":20000,"label":" ","price":9.42},{"type":"U","date":"2018-03-29T02:32:31.000Z","volume":18000,"label":" ","price":9.41},{"type":"A","date":"2018-03-29T02:32:31.000Z","volume":12000,"label":" ","price":9.41},{"type":"B","date":"2018-03-29T02:32:31.000Z","volume":22000,"label":" ","price":9.4},{"type":"A","date":"2018-03-29T02:32:31.000Z","volume":2000,"label":" ","price":9.4},{"type":"A","date":"2018-03-29T02:32:31.000Z","volume":6000,"label":" ","price":9.4},{"type":"B","date":"2018-03-29T02:32:31.000Z","volume":8000,"label":" ","price":9.39},{"type":"B","date":"2018-03-29T02:32:35.000Z","volume":2000,"label":" ","price":9.39},{"type":"A","date":"2018-03-29T02:32:41.000Z","volume":8000,"label":" ","price":9.4},{"type":"B","date":"2018-03-29T02:32:44.000Z","volume":10000,"label":" ","price":9.39},{"type":"A","date":"2018-03-29T02:33:23.000Z","volume":12000,"label":" ","price":9.39},{"type":"B","date":"2018-03-29T02:33:24.000Z","volume":2000,"label":" ","price":9.38},{"type":"A","date":"2018-03-29T02:33:41.000Z","volume":6000,"label":" ","price":9.39},{"type":"B","date":"2018-03-29T02:33:50.000Z","volume":2000,"label":" ","price":9.38},{"type":"A","date":"2018-03-29T02:34:29.000Z","volume":22000,"label":" ","price":9.39},{"type":"B","date":"2018-03-29T02:34:32.000Z","volume":2000,"label":" ","price":9.38},{"type":"B","date":"2018-03-29T02:34:33.000Z","volume":30000,"label":" ","price":9.38},{"type":"B","date":"2018-03-29T02:34:33.000Z","volume":8000,"label":" ","price":9.37},{"type":"B","date":"2018-03-29T02:34:33.000Z","volume":12000,"label":" ","price":9.36},{"type":"B","date":"2018-03-29T02:34:37.000Z","volume":16000,"label":" ","price":9.36},{"type":"B","date":"2018-03-29T02:34:37.000Z","volume":34000,"label":" ","price":9.35},{"type":"B","date":"2018-03-29T02:34:37.000Z","volume":12000,"label":" ","price":9.35},{"type":"B","date":"2018-03-29T02:34:38.000Z","volume":10000,"label":" ","price":9.36},{"type":"A","date":"2018-03-29T02:34:39.000Z","volume":8000,"label":" ","price":9.39},{"type":"B","date":"2018-03-29T02:34:42.000Z","volume":8000,"label":" ","price":9.35},{"type":"B","date":"2018-03-29T02:34:42.000Z","volume":34000,"label":" ","price":9.34},{"type":"B","date":"2018-03-29T02:34:42.000Z","volume":8000,"label":" ","price":9.33},{"type":"B","date":"2018-03-29T02:34:43.000Z","volume":12000,"label":" ","price":9.36},{"type":"B","date":"2018-03-29T02:34:44.000Z","volume":6000,"label":" ","price":9.36},{"type":"B","date":"2018-03-29T02:34:44.000Z","volume":2000,"label":" ","price":9.35},{"type":"B","date":"2018-03-29T02:34:44.000Z","volume":22000,"label":" ","price":9.33},{"type":"B","date":"2018-03-29T02:34:44.000Z","volume":2000,"label":"Y","price":9.32},{"type":"B","date":"2018-03-29T02:34:44.000Z","volume":18000,"label":" ","price":9.32},{"type":"B","date":"2018-03-29T02:34:45.000Z","volume":34000,"label":" ","price":9.33},{"type":"B","date":"2018-03-29T02:34:45.000Z","volume":16000,"label":"Y","price":9.32},{"type":"B","date":"2018-03-29T02:34:47.000Z","volume":50000,"label":"Y","price":9.32},{"type":"B","date":"2018-03-29T02:34:48.000Z","volume":22000,"label":" ","price":9.32},{"type":"B","date":"2018-03-29T02:34:49.000Z","volume":50000,"label":"Y","price":9.32},{"type":"B","date":"2018-03-29T02:34:50.000Z","volume":46000,"label":"Y","price":9.32},{"type":"B","date":"2018-03-29T02:34:50.000Z","volume":4000,"label":" ","price":9.32},{"type":"B","date":"2018-03-29T02:34:51.000Z","volume":2000,"label":" ","price":9.33},{"type":"B","date":"2018-03-29T02:34:51.000Z","volume":2000,"label":" ","price":9.33},{"type":"A","date":"2018-03-29T02:34:52.000Z","volume":12000,"label":" ","price":9.38},{"type":"B","date":"2018-03-29T02:34:52.000Z","volume":12000,"label":" ","price":9.32},{"type":"B","date":"2018-03-29T02:34:52.000Z","volume":24000,"label":"Y","price":9.31},{"type":"B","date":"2018-03-29T02:34:52.000Z","volume":14000,"label":" ","price":9.31},{"type":"B","date":"2018-03-29T02:34:52.000Z","volume":28000,"label":" ","price":9.31},{"type":"B","date":"2018-03-29T02:34:54.000Z","volume":42000,"label":" ","price":9.32},{"type":"B","date":"2018-03-29T02:34:54.000Z","volume":8000,"label":"Y","price":9.31},{"type":"U","date":"2018-03-29T02:34:56.000Z","volume":4000,"label":"X","price":9.35},{"type":"B","date":"2018-03-29T02:34:58.000Z","volume":36000,"label":"Y","price":9.31},{"type":"B","date":"2018-03-29T02:35:18.000Z","volume":50000,"label":" ","price":9.31},{"type":"B","date":"2018-03-29T02:35:18.000Z","volume":4000,"label":" ","price":9.32},{"type":"B","date":"2018-03-29T02:35:19.000Z","volume":2000,"label":" ","price":9.32},{"type":"B","date":"2018-03-29T02:35:19.000Z","volume":48000,"label":" ","price":9.31},{"type":"B","date":"2018-03-29T02:35:24.000Z","volume":20000,"label":" ","price":9.32},{"type":"U","date":"2018-03-29T02:35:36.000Z","volume":12000,"label":"X","price":9.32},{"type":"A","date":"2018-03-29T02:35:37.000Z","volume":6000,"label":" ","price":9.38},{"type":"B","date":"2018-03-29T02:35:39.000Z","volume":8000,"label":" ","price":9.35},{"type":"A","date":"2018-03-29T02:35:39.000Z","volume":2000,"label":" ","price":9.38},{"type":"B","date":"2018-03-29T02:35:51.000Z","volume":2000,"label":" ","price":9.35},{"type":"B","date":"2018-03-29T02:35:52.000Z","volume":16000,"label":" ","price":9.35},{"type":"B","date":"2018-03-29T02:35:54.000Z","volume":2000,"label":" ","price":9.35},{"type":"U","date":"2018-03-29T02:35:56.000Z","volume":4000,"label":"X","price":9.35},{"type":"U","date":"2018-03-29T02:35:56.000Z","volume":8000,"label":"X","price":9.35},{"type":"B","date":"2018-03-29T02:35:59.000Z","volume":6000,"label":" ","price":9.35},{"type":"B","date":"2018-03-29T02:35:59.000Z","volume":4000,"label":" ","price":9.34},{"type":"B","date":"2018-03-29T02:35:59.000Z","volume":16000,"label":" ","price":9.31},{"type":"A","date":"2018-03-29T02:36:00.000Z","volume":10000,"label":"Y","price":9.33},{"type":"A","date":"2018-03-29T02:36:00.000Z","volume":80000,"label":" ","price":9.33},{"type":"A","date":"2018-03-29T02:36:22.000Z","volume":12000,"label":" ","price":9.33},{"type":"A","date":"2018-03-29T02:36:35.000Z","volume":8000,"label":" ","price":9.33},{"type":"U","date":"2018-03-29T02:36:50.000Z","volume":20000,"label":"X","price":9.32},{"type":"A","date":"2018-03-29T02:36:50.000Z","volume":4000,"label":"Y","price":9.33},{"type":"A","date":"2018-03-29T02:36:50.000Z","volume":26000,"label":" ","price":9.33},{"type":"B","date":"2018-03-29T02:36:54.000Z","volume":2000,"label":" ","price":9.31},{"type":"U","date":"2018-03-29T02:37:02.000Z","volume":2000,"label":" ","price":9.32},{"type":"B","date":"2018-03-29T02:37:02.000Z","volume":2000,"label":" ","price":9.32},{"type":"U","date":"2018-03-29T02:37:09.000Z","volume":14000,"label":"X","price":9.32},{"type":"A","date":"2018-03-29T02:37:10.000Z","volume":10000,"label":"Y","price":9.33},{"type":"A","date":"2018-03-29T02:37:10.000Z","volume":64000,"label":" ","price":9.33},{"type":"A","date":"2018-03-29T02:37:10.000Z","volume":16000,"label":" ","price":9.33},{"type":"A","date":"2018-03-29T02:37:10.000Z","volume":6000,"label":" ","price":9.33},{"type":"A","date":"2018-03-29T02:37:10.000Z","volume":2000,"label":" ","price":9.33},{"type":"A","date":"2018-03-29T02:37:30.000Z","volume":8000,"label":"Y","price":9.34},{"type":"A","date":"2018-03-29T02:37:30.000Z","volume":32000,"label":" ","price":9.34},{"type":"A","date":"2018-03-29T02:37:41.000Z","volume":58000,"label":" ","price":9.35},{"type":"A","date":"2018-03-29T02:37:41.000Z","volume":38000,"label":" ","price":9.35},{"type":"A","date":"2018-03-29T02:37:41.000Z","volume":72000,"label":" ","price":9.35},{"type":"U","date":"2018-03-29T02:37:41.000Z","volume":2000,"label":" ","price":9.35},{"type":"A","date":"2018-03-29T02:37:48.000Z","volume":36000,"label":" ","price":9.36},{"type":"A","date":"2018-03-29T02:37:48.000Z","volume":14000,"label":" ","price":9.37},{"type":"A","date":"2018-03-29T02:37:48.000Z","volume":6000,"label":" ","price":9.37},{"type":"A","date":"2018-03-29T02:37:48.000Z","volume":2000,"label":" ","price":9.37},{"type":"A","date":"2018-03-29T02:37:49.000Z","volume":4000,"label":" ","price":9.36},{"type":"A","date":"2018-03-29T02:37:51.000Z","volume":4000,"label":" ","price":9.38},{"type":"A","date":"2018-03-29T02:37:52.000Z","volume":2000,"label":" ","price":9.39},{"type":"A","date":"2018-03-29T02:38:05.000Z","volume":4000,"label":" ","price":9.41},{"type":"A","date":"2018-03-29T02:38:06.000Z","volume":2000,"label":" ","price":9.42},{"type":"A","date":"2018-03-29T02:38:09.000Z","volume":2000,"label":" ","price":9.44},{"type":"A","date":"2018-03-29T02:38:11.000Z","volume":10000,"label":" ","price":9.44},{"type":"A","date":"2018-03-29T02:38:12.000Z","volume":2000,"label":" ","price":9.45},{"type":"A","date":"2018-03-29T02:38:19.000Z","volume":50000,"label":" ","price":9.46},{"type":"A","date":"2018-03-29T02:38:19.000Z","volume":10000,"label":" ","price":9.46},{"type":"A","date":"2018-03-29T02:38:19.000Z","volume":2000,"label":" ","price":9.46},{"type":"A","date":"2018-03-29T02:38:19.000Z","volume":4000,"label":" ","price":9.46},{"type":"B","date":"2018-03-29T02:38:31.000Z","volume":50000,"label":" ","price":9.43},{"type":"A","date":"2018-03-29T02:38:32.000Z","volume":8000,"label":" ","price":9.47},{"type":"B","date":"2018-03-29T02:38:36.000Z","volume":8000,"label":" ","price":9.43},{"type":"U","date":"2018-03-29T02:38:36.000Z","volume":2000,"label":" ","price":9.43},{"type":"A","date":"2018-03-29T02:38:39.000Z","volume":4000,"label":" ","price":9.45},{"type":"A","date":"2018-03-29T02:38:39.000Z","volume":2000,"label":" ","price":9.45},{"type":"A","date":"2018-03-29T02:38:40.000Z","volume":8000,"label":" ","price":9.45},{"type":"U","date":"2018-03-29T02:38:44.000Z","volume":18000,"label":" ","price":9.43},{"type":"U","date":"2018-03-29T02:38:44.000Z","volume":8000,"label":" ","price":9.43},{"type":"A","date":"2018-03-29T02:38:44.000Z","volume":24000,"label":" ","price":9.46},{"type":"A","date":"2018-03-29T02:38:44.000Z","volume":6000,"label":" ","price":9.46},{"type":"U","date":"2018-03-29T02:38:59.000Z","volume":4000,"label":" ","price":9.46},{"type":"A","date":"2018-03-29T02:38:59.000Z","volume":10000,"label":" ","price":9.46},{"type":"A","date":"2018-03-29T02:39:22.000Z","volume":12000,"label":"Y","price":9.46},{"type":"A","date":"2018-03-29T02:39:30.000Z","volume":6000,"label":"Y","price":9.46},{"type":"A","date":"2018-03-29T02:39:42.000Z","volume":84000,"label":" ","price":9.46},{"type":"A","date":"2018-03-29T02:39:42.000Z","volume":2000,"label":" ","price":9.46},{"type":"A","date":"2018-03-29T02:39:43.000Z","volume":2000,"label":" ","price":9.46},{"type":"A","date":"2018-03-29T02:39:47.000Z","volume":6000,"label":" ","price":9.46},{"type":"A","date":"2018-03-29T02:39:48.000Z","volume":18000,"label":" ","price":9.46},{"type":"A","date":"2018-03-29T02:40:30.000Z","volume":8000,"label":" ","price":9.47},{"type":"B","date":"2018-03-29T02:40:38.000Z","volume":20000,"label":"Y","price":9.43},{"type":"B","date":"2018-03-29T02:40:38.000Z","volume":30000,"label":" ","price":9.43},{"type":"A","date":"2018-03-29T02:40:39.000Z","volume":30000,"label":" ","price":9.47},{"type":"A","date":"2018-03-29T02:40:39.000Z","volume":2000,"label":"Y","price":9.47},{"type":"A","date":"2018-03-29T02:40:39.000Z","volume":2000,"label":" ","price":9.47},{"type":"B","date":"2018-03-29T02:40:40.000Z","volume":18000,"label":" ","price":9.45},{"type":"B","date":"2018-03-29T02:40:40.000Z","volume":4000,"label":" ","price":9.43},{"type":"B","date":"2018-03-29T02:40:40.000Z","volume":28000,"label":" ","price":9.42},{"type":"A","date":"2018-03-29T02:40:42.000Z","volume":30000,"label":" ","price":9.47},{"type":"B","date":"2018-03-29T02:40:46.000Z","volume":40000,"label":" ","price":9.42},{"type":"B","date":"2018-03-29T02:40:46.000Z","volume":10000,"label":" ","price":9.41},{"type":"A","date":"2018-03-29T02:40:50.000Z","volume":10000,"label":" ","price":9.47},{"type":"A","date":"2018-03-29T02:40:52.000Z","volume":12000,"label":" ","price":9.47},{"type":"B","date":"2018-03-29T02:40:54.000Z","volume":4000,"label":" ","price":9.43},{"type":"B","date":"2018-03-29T02:40:54.000Z","volume":24000,"label":" ","price":9.42},{"type":"A","date":"2018-03-29T02:40:54.000Z","volume":2000,"label":" ","price":9.46},{"type":"B","date":"2018-03-29T02:41:26.000Z","volume":14000,"label":" ","price":9.42},{"type":"B","date":"2018-03-29T02:41:26.000Z","volume":36000,"label":" ","price":9.41},{"type":"A","date":"2018-03-29T02:41:29.000Z","volume":6000,"label":" ","price":9.45},{"type":"B","date":"2018-03-29T02:41:30.000Z","volume":42000,"label":" ","price":9.41},{"type":"B","date":"2018-03-29T02:41:30.000Z","volume":2000,"label":" ","price":9.4},{"type":"B","date":"2018-03-29T02:42:02.000Z","volume":10000,"label":" ","price":9.4},{"type":"B","date":"2018-03-29T02:42:03.000Z","volume":2000,"label":" ","price":9.4},{"type":"B","date":"2018-03-29T02:42:21.000Z","volume":12000,"label":" ","price":9.38},{"type":"U","date":"2018-03-29T02:42:21.000Z","volume":4000,"label":"X","price":9.39},{"type":"A","date":"2018-03-29T02:42:21.000Z","volume":12000,"label":" ","price":9.4},{"type":"B","date":"2018-03-29T02:42:22.000Z","volume":2000,"label":" ","price":9.39},{"type":"A","date":"2018-03-29T02:42:22.000Z","volume":12000,"label":"Y","price":9.4},{"type":"B","date":"2018-03-29T02:42:26.000Z","volume":2000,"label":" ","price":9.39},{"type":"A","date":"2018-03-29T02:42:27.000Z","volume":8000,"label":"Y","price":9.4},{"type":"B","date":"2018-03-29T02:42:37.000Z","volume":2000,"label":" ","price":9.38},{"type":"A","date":"2018-03-29T02:42:46.000Z","volume":2000,"label":"Y","price":9.4},{"type":"A","date":"2018-03-29T02:42:46.000Z","volume":76000,"label":" ","price":9.4},{"type":"A","date":"2018-03-29T02:42:46.000Z","volume":6000,"label":"Y","price":9.4},{"type":"A","date":"2018-03-29T02:42:46.000Z","volume":22000,"label":" ","price":9.4},{"type":"U","date":"2018-03-29T02:42:46.000Z","volume":6000,"label":"X","price":9.39},{"type":"A","date":"2018-03-29T02:42:50.000Z","volume":4000,"label":"Y","price":9.4},{"type":"A","date":"2018-03-29T02:42:50.000Z","volume":30000,"label":" ","price":9.4},{"type":"A","date":"2018-03-29T02:42:50.000Z","volume":10000,"label":" ","price":9.41},{"type":"A","date":"2018-03-29T02:42:51.000Z","volume":8000,"label":" ","price":9.42},{"type":"A","date":"2018-03-29T02:43:02.000Z","volume":2000,"label":" ","price":9.43},{"type":"A","date":"2018-03-29T02:43:19.000Z","volume":8000,"label":" ","price":9.45},{"type":"A","date":"2018-03-29T02:43:19.000Z","volume":8000,"label":" ","price":9.47},{"type":"U","date":"2018-03-29T02:43:19.000Z","volume":2000,"label":" ","price":9.45},{"type":"A","date":"2018-03-29T02:43:25.000Z","volume":6000,"label":" ","price":9.47},{"type":"A","date":"2018-03-29T02:43:36.000Z","volume":2000,"label":" ","price":9.47},{"type":"A","date":"2018-03-29T02:43:40.000Z","volume":4000,"label":" ","price":9.47},{"type":"A","date":"2018-03-29T02:43:41.000Z","volume":26000,"label":" ","price":9.5},{"type":"A","date":"2018-03-29T02:43:52.000Z","volume":12000,"label":" ","price":9.52},{"type":"A","date":"2018-03-29T02:44:10.000Z","volume":36000,"label":" ","price":9.52},{"type":"A","date":"2018-03-29T02:44:10.000Z","volume":6000,"label":" ","price":9.53},{"type":"A","date":"2018-03-29T02:44:10.000Z","volume":86000,"label":" ","price":9.53},{"type":"A","date":"2018-03-29T02:44:10.000Z","volume":22000,"label":" ","price":9.53},{"type":"A","date":"2018-03-29T02:44:23.000Z","volume":30000,"label":" ","price":9.52},{"type":"U","date":"2018-03-29T02:44:24.000Z","volume":8000,"label":" ","price":9.52},{"type":"U","date":"2018-03-29T02:44:24.000Z","volume":16000,"label":" ","price":9.52},{"type":"U","date":"2018-03-29T02:44:24.000Z","volume":4000,"label":" ","price":9.52},{"type":"B","date":"2018-03-29T02:44:39.000Z","volume":18000,"label":" ","price":9.49},{"type":"B","date":"2018-03-29T02:44:39.000Z","volume":14000,"label":" ","price":9.48},{"type":"U","date":"2018-03-29T02:44:39.000Z","volume":6000,"label":" ","price":9.49},{"type":"B","date":"2018-03-29T02:44:42.000Z","volume":2000,"label":" ","price":9.46},{"type":"A","date":"2018-03-29T02:45:04.000Z","volume":14000,"label":" ","price":9.49},{"type":"A","date":"2018-03-29T02:45:04.000Z","volume":12000,"label":" ","price":9.5},{"type":"A","date":"2018-03-29T02:45:04.000Z","volume":4000,"label":" ","price":9.51},{"type":"A","date":"2018-03-29T02:45:09.000Z","volume":4000,"label":" ","price":9.49},{"type":"A","date":"2018-03-29T02:45:21.000Z","volume":22000,"label":" ","price":9.49},{"type":"A","date":"2018-03-29T02:45:21.000Z","volume":2000,"label":" ","price":9.5},{"type":"B","date":"2018-03-29T02:45:23.000Z","volume":26000,"label":"Y","price":9.49},{"type":"B","date":"2018-03-29T02:45:23.000Z","volume":6000,"label":" ","price":9.48},{"type":"B","date":"2018-03-29T02:45:23.000Z","volume":30000,"label":"Y","price":9.47},{"type":"B","date":"2018-03-29T02:45:23.000Z","volume":8000,"label":" ","price":9.47},{"type":"A","date":"2018-03-29T02:45:24.000Z","volume":8000,"label":" ","price":9.51},{"type":"U","date":"2018-03-29T02:45:33.000Z","volume":6000,"label":"X","price":9.49},{"type":"U","date":"2018-03-29T02:45:33.000Z","volume":2000,"label":"X","price":9.49},{"type":"A","date":"2018-03-29T02:45:49.000Z","volume":10000,"label":" ","price":9.51},{"type":"A","date":"2018-03-29T02:46:02.000Z","volume":4000,"label":" ","price":9.51},{"type":"A","date":"2018-03-29T02:46:02.000Z","volume":106000,"label":" ","price":9.52},{"type":"A","date":"2018-03-29T02:46:02.000Z","volume":10000,"label":" ","price":9.52},{"type":"A","date":"2018-03-29T02:46:02.000Z","volume":56000,"label":" ","price":9.52},{"type":"A","date":"2018-03-29T02:46:30.000Z","volume":8000,"label":" ","price":9.55},{"type":"B","date":"2018-03-29T02:46:48.000Z","volume":18000,"label":" ","price":9.53},{"type":"B","date":"2018-03-29T02:46:48.000Z","volume":2000,"label":" ","price":9.53},{"type":"B","date":"2018-03-29T02:46:48.000Z","volume":2000,"label":" ","price":9.52},{"type":"B","date":"2018-03-29T02:46:49.000Z","volume":4000,"label":" ","price":9.51},{"type":"A","date":"2018-03-29T02:46:50.000Z","volume":8000,"label":" ","price":9.51},{"type":"A","date":"2018-03-29T02:46:52.000Z","volume":12000,"label":"Y","price":9.53},{"type":"A","date":"2018-03-29T02:47:04.000Z","volume":8000,"label":" ","price":9.53},{"type":"A","date":"2018-03-29T02:47:20.000Z","volume":6000,"label":"Y","price":9.53},{"type":"A","date":"2018-03-29T02:47:20.000Z","volume":6000,"label":"Y","price":9.53},{"type":"A","date":"2018-03-29T02:47:25.000Z","volume":14000,"label":"Y","price":9.53},{"type":"A","date":"2018-03-29T02:47:25.000Z","volume":34000,"label":"Y","price":9.53},{"type":"A","date":"2018-03-29T02:47:25.000Z","volume":52000,"label":" ","price":9.53},{"type":"A","date":"2018-03-29T02:47:25.000Z","volume":2000,"label":" ","price":9.53},{"type":"A","date":"2018-03-29T02:47:29.000Z","volume":22000,"label":" ","price":9.53},{"type":"A","date":"2018-03-29T02:47:30.000Z","volume":4000,"label":" ","price":9.54},{"type":"B","date":"2018-03-29T02:47:31.000Z","volume":36000,"label":" ","price":9.51},{"type":"B","date":"2018-03-29T02:47:31.000Z","volume":30000,"label":"Y","price":9.5},{"type":"B","date":"2018-03-29T02:47:31.000Z","volume":4000,"label":" ","price":9.5},{"type":"U","date":"2018-03-29T02:47:46.000Z","volume":8000,"label":" ","price":9.54},{"type":"A","date":"2018-03-29T02:48:00.000Z","volume":2000,"label":"Y","price":9.54},{"type":"A","date":"2018-03-29T02:48:00.000Z","volume":10000,"label":" ","price":9.54},{"type":"B","date":"2018-03-29T02:48:06.000Z","volume":16000,"label":" ","price":9.53},{"type":"B","date":"2018-03-29T02:48:07.000Z","volume":2000,"label":" ","price":9.53},{"type":"B","date":"2018-03-29T02:48:08.000Z","volume":32000,"label":" ","price":9.53},{"type":"B","date":"2018-03-29T02:48:08.000Z","volume":18000,"label":" ","price":9.53},{"type":"A","date":"2018-03-29T02:48:08.000Z","volume":2000,"label":" ","price":9.53},{"type":"A","date":"2018-03-29T02:48:18.000Z","volume":6000,"label":" ","price":9.53},{"type":"A","date":"2018-03-29T02:48:18.000Z","volume":8000,"label":" ","price":9.53},{"type":"A","date":"2018-03-29T02:48:22.000Z","volume":6000,"label":" ","price":9.53},{"type":"B","date":"2018-03-29T02:48:22.000Z","volume":2000,"label":" ","price":9.53},{"type":"A","date":"2018-03-29T02:48:54.000Z","volume":4000,"label":"Y","price":9.54},{"type":"A","date":"2018-03-29T02:48:54.000Z","volume":22000,"label":" ","price":9.54},{"type":"A","date":"2018-03-29T02:48:54.000Z","volume":22000,"label":" ","price":9.55},{"type":"A","date":"2018-03-29T02:48:54.000Z","volume":10000,"label":" ","price":9.55},{"type":"A","date":"2018-03-29T02:48:57.000Z","volume":36000,"label":" ","price":9.55},{"type":"A","date":"2018-03-29T02:48:57.000Z","volume":10000,"label":" ","price":9.55},{"type":"A","date":"2018-03-29T02:48:57.000Z","volume":2000,"label":" ","price":9.55},{"type":"A","date":"2018-03-29T02:48:57.000Z","volume":10000,"label":" ","price":9.55},{"type":"A","date":"2018-03-29T02:49:01.000Z","volume":10000,"label":" ","price":9.55},{"type":"A","date":"2018-03-29T02:49:01.000Z","volume":2000,"label":" ","price":9.55},{"type":"A","date":"2018-03-29T02:49:01.000Z","volume":10000,"label":" ","price":9.55},{"type":"A","date":"2018-03-29T02:49:01.000Z","volume":20000,"label":" ","price":9.55},{"type":"A","date":"2018-03-29T02:49:01.000Z","volume":2000,"label":" ","price":9.55},{"type":"A","date":"2018-03-29T02:49:16.000Z","volume":8000,"label":" ","price":9.56},{"type":"A","date":"2018-03-29T02:49:17.000Z","volume":6000,"label":" ","price":9.56},{"type":"A","date":"2018-03-29T02:49:19.000Z","volume":30000,"label":" ","price":9.56},{"type":"B","date":"2018-03-29T02:49:19.000Z","volume":6000,"label":" ","price":9.56},{"type":"A","date":"2018-03-29T02:49:20.000Z","volume":6000,"label":"Y","price":9.57},{"type":"A","date":"2018-03-29T02:49:21.000Z","volume":44000,"label":"Y","price":9.57},{"type":"A","date":"2018-03-29T02:49:23.000Z","volume":6000,"label":"Y","price":9.57},{"type":"A","date":"2018-03-29T02:49:24.000Z","volume":44000,"label":"Y","price":9.57},{"type":"A","date":"2018-03-29T02:49:24.000Z","volume":20000,"label":" ","price":9.57},{"type":"A","date":"2018-03-29T02:49:25.000Z","volume":2000,"label":" ","price":9.58},{"type":"A","date":"2018-03-29T02:49:37.000Z","volume":4000,"label":" ","price":9.58},{"type":"A","date":"2018-03-29T02:49:52.000Z","volume":8000,"label":"Y","price":9.6},{"type":"A","date":"2018-03-29T02:49:52.000Z","volume":4000,"label":" ","price":9.6},{"type":"B","date":"2018-03-29T02:50:06.000Z","volume":2000,"label":" ","price":9.58},{"type":"A","date":"2018-03-29T02:50:07.000Z","volume":2000,"label":" ","price":9.6},{"type":"A","date":"2018-03-29T02:50:14.000Z","volume":6000,"label":"Y","price":9.6},{"type":"A","date":"2018-03-29T02:50:16.000Z","volume":8000,"label":"Y","price":9.6},{"type":"A","date":"2018-03-29T02:50:36.000Z","volume":2000,"label":" ","price":9.6},{"type":"A","date":"2018-03-29T02:50:40.000Z","volume":26000,"label":"Y","price":9.6},{"type":"A","date":"2018-03-29T02:50:41.000Z","volume":4000,"label":"Y","price":9.6},{"type":"B","date":"2018-03-29T02:50:43.000Z","volume":2000,"label":" ","price":9.58},{"type":"A","date":"2018-03-29T02:50:49.000Z","volume":80000,"label":" ","price":9.6},{"type":"B","date":"2018-03-29T02:50:54.000Z","volume":2000,"label":" ","price":9.59},{"type":"A","date":"2018-03-29T02:50:58.000Z","volume":16000,"label":" ","price":9.6},{"type":"A","date":"2018-03-29T02:51:05.000Z","volume":30000,"label":" ","price":9.61},{"type":"A","date":"2018-03-29T02:51:09.000Z","volume":74000,"label":"Y","price":9.61},{"type":"A","date":"2018-03-29T02:51:09.000Z","volume":14000,"label":" ","price":9.61},{"type":"A","date":"2018-03-29T02:51:10.000Z","volume":14000,"label":" ","price":9.61},{"type":"A","date":"2018-03-29T02:51:13.000Z","volume":6000,"label":" ","price":9.61},{"type":"B","date":"2018-03-29T02:51:16.000Z","volume":2000,"label":" ","price":9.6},{"type":"A","date":"2018-03-29T02:51:22.000Z","volume":12000,"label":" ","price":9.61},{"type":"A","date":"2018-03-29T02:51:29.000Z","volume":2000,"label":"Y","price":9.61},{"type":"A","date":"2018-03-29T02:51:56.000Z","volume":36000,"label":" ","price":9.61},{"type":"U","date":"2018-03-29T02:52:00.000Z","volume":2000,"label":" ","price":9.61},{"type":"A","date":"2018-03-29T02:52:08.000Z","volume":14000,"label":" ","price":9.62},{"type":"A","date":"2018-03-29T02:52:08.000Z","volume":112000,"label":" ","price":9.62},{"type":"A","date":"2018-03-29T02:52:12.000Z","volume":616000,"label":" ","price":9.63},{"type":"B","date":"2018-03-29T02:52:12.000Z","volume":2000,"label":" ","price":9.63},{"type":"B","date":"2018-03-29T02:52:12.000Z","volume":28000,"label":" ","price":9.63},{"type":"A","date":"2018-03-29T02:52:12.000Z","volume":2000,"label":" ","price":9.64},{"type":"A","date":"2018-03-29T02:52:17.000Z","volume":10000,"label":" ","price":9.64},{"type":"A","date":"2018-03-29T02:52:18.000Z","volume":16000,"label":" ","price":9.64},{"type":"A","date":"2018-03-29T02:52:18.000Z","volume":6000,"label":" ","price":9.64},{"type":"A","date":"2018-03-29T02:52:18.000Z","volume":20000,"label":" ","price":9.65},{"type":"A","date":"2018-03-29T02:52:18.000Z","volume":2000,"label":"Y","price":9.66},{"type":"A","date":"2018-03-29T02:52:21.000Z","volume":4000,"label":" ","price":9.66},{"type":"A","date":"2018-03-29T02:52:22.000Z","volume":8000,"label":" ","price":9.68},{"type":"U","date":"2018-03-29T02:52:25.000Z","volume":6000,"label":"X","price":9.63},{"type":"A","date":"2018-03-29T02:52:35.000Z","volume":2000,"label":" ","price":9.69},{"type":"A","date":"2018-03-29T02:52:52.000Z","volume":12000,"label":" ","price":9.69},{"type":"U","date":"2018-03-29T02:53:02.000Z","volume":2000,"label":" ","price":9.68},{"type":"A","date":"2018-03-29T02:53:03.000Z","volume":2000,"label":" ","price":9.68},{"type":"A","date":"2018-03-29T02:53:03.000Z","volume":2000,"label":" ","price":9.69},{"type":"B","date":"2018-03-29T02:53:03.000Z","volume":198000,"label":" ","price":9.67},{"type":"U","date":"2018-03-29T02:53:03.000Z","volume":2000,"label":" ","price":9.67},{"type":"A","date":"2018-03-29T02:53:03.000Z","volume":2000,"label":" ","price":9.68},{"type":"U","date":"2018-03-29T02:53:03.000Z","volume":4000,"label":" ","price":9.67},{"type":"A","date":"2018-03-29T02:53:03.000Z","volume":2000,"label":"Y","price":9.68},{"type":"A","date":"2018-03-29T02:53:03.000Z","volume":8000,"label":" ","price":9.68},{"type":"A","date":"2018-03-29T02:53:10.000Z","volume":48000,"label":" ","price":9.68},{"type":"A","date":"2018-03-29T02:53:10.000Z","volume":48000,"label":"Y","price":9.69},{"type":"A","date":"2018-03-29T02:53:10.000Z","volume":14000,"label":" ","price":9.69},{"type":"B","date":"2018-03-29T02:54:14.000Z","volume":2000,"label":" ","price":9.66},{"type":"A","date":"2018-03-29T02:54:22.000Z","volume":12000,"label":"Y","price":9.69},{"type":"B","date":"2018-03-29T02:54:25.000Z","volume":20000,"label":" ","price":9.66},{"type":"B","date":"2018-03-29T02:54:28.000Z","volume":8000,"label":" ","price":9.66},{"type":"B","date":"2018-03-29T02:54:29.000Z","volume":6000,"label":" ","price":9.66},{"type":"B","date":"2018-03-29T02:54:29.000Z","volume":2000,"label":" ","price":9.66},{"type":"A","date":"2018-03-29T02:54:31.000Z","volume":2000,"label":" ","price":9.68},{"type":"U","date":"2018-03-29T02:54:31.000Z","volume":6000,"label":" ","price":9.66},{"type":"B","date":"2018-03-29T02:55:05.000Z","volume":2000,"label":" ","price":9.65},{"type":"B","date":"2018-03-29T02:55:06.000Z","volume":4000,"label":" ","price":9.65},{"type":"U","date":"2018-03-29T02:55:06.000Z","volume":2000,"label":" ","price":9.65},{"type":"A","date":"2018-03-29T02:55:06.000Z","volume":6000,"label":" ","price":9.68},{"type":"B","date":"2018-03-29T02:55:19.000Z","volume":2000,"label":" ","price":9.64},{"type":"B","date":"2018-03-29T02:55:20.000Z","volume":14000,"label":" ","price":9.64},{"type":"B","date":"2018-03-29T02:55:20.000Z","volume":2000,"label":" ","price":9.63},{"type":"A","date":"2018-03-29T02:55:20.000Z","volume":4000,"label":" ","price":9.64},{"type":"B","date":"2018-03-29T02:55:34.000Z","volume":56000,"label":" ","price":9.61},{"type":"B","date":"2018-03-29T02:55:34.000Z","volume":10000,"label":" ","price":9.6},{"type":"B","date":"2018-03-29T02:55:35.000Z","volume":4000,"label":" ","price":9.58},{"type":"A","date":"2018-03-29T02:55:40.000Z","volume":6000,"label":"Y","price":9.58},{"type":"A","date":"2018-03-29T02:55:40.000Z","volume":50000,"label":" ","price":9.58},{"type":"B","date":"2018-03-29T02:55:40.000Z","volume":2000,"label":" ","price":9.56},{"type":"A","date":"2018-03-29T02:55:52.000Z","volume":12000,"label":" ","price":9.57},{"type":"A","date":"2018-03-29T02:55:52.000Z","volume":6000,"label":" ","price":9.57},{"type":"A","date":"2018-03-29T02:55:52.000Z","volume":12000,"label":" ","price":9.57},{"type":"A","date":"2018-03-29T02:55:54.000Z","volume":6000,"label":" ","price":9.58},{"type":"A","date":"2018-03-29T02:55:54.000Z","volume":2000,"label":" ","price":9.59},{"type":"A","date":"2018-03-29T02:56:05.000Z","volume":50000,"label":"Y","price":9.6},{"type":"A","date":"2018-03-29T02:56:07.000Z","volume":8000,"label":"Y","price":9.6},{"type":"A","date":"2018-03-29T02:56:12.000Z","volume":30000,"label":"Y","price":9.6},{"type":"A","date":"2018-03-29T02:56:40.000Z","volume":92000,"label":" ","price":9.6},{"type":"U","date":"2018-03-29T02:56:56.000Z","volume":2000,"label":"X","price":9.6},{"type":"U","date":"2018-03-29T02:56:56.000Z","volume":10000,"label":"X","price":9.6},{"type":"A","date":"2018-03-29T02:57:10.000Z","volume":8000,"label":" ","price":9.63},{"type":"B","date":"2018-03-29T02:57:11.000Z","volume":8000,"label":" ","price":9.62},{"type":"A","date":"2018-03-29T02:57:22.000Z","volume":12000,"label":"Y","price":9.64},{"type":"U","date":"2018-03-29T02:57:28.000Z","volume":36000,"label":" ","price":9.63},{"type":"U","date":"2018-03-29T02:57:28.000Z","volume":2000,"label":"X","price":9.63},{"type":"U","date":"2018-03-29T02:57:28.000Z","volume":2000,"label":"X","price":9.63},{"type":"A","date":"2018-03-29T02:57:29.000Z","volume":20000,"label":"Y","price":9.64},{"type":"B","date":"2018-03-29T02:57:57.000Z","volume":2000,"label":" ","price":9.63},{"type":"B","date":"2018-03-29T02:57:57.000Z","volume":24000,"label":" ","price":9.63},{"type":"U","date":"2018-03-29T02:57:57.000Z","volume":4000,"label":" ","price":9.63},{"type":"B","date":"2018-03-29T02:58:02.000Z","volume":28000,"label":" ","price":9.62},{"type":"B","date":"2018-03-29T02:58:03.000Z","volume":10000,"label":" ","price":9.61},{"type":"U","date":"2018-03-29T02:58:08.000Z","volume":2000,"label":"X","price":9.6},{"type":"B","date":"2018-03-29T02:58:13.000Z","volume":6000,"label":" ","price":9.6},{"type":"A","date":"2018-03-29T02:58:27.000Z","volume":6000,"label":" ","price":9.6},{"type":"A","date":"2018-03-29T02:58:52.000Z","volume":12000,"label":" ","price":9.6},{"type":"B","date":"2018-03-29T02:58:56.000Z","volume":18000,"label":" ","price":9.59},{"type":"A","date":"2018-03-29T02:58:56.000Z","volume":2000,"label":" ","price":9.59},{"type":"B","date":"2018-03-29T02:58:58.000Z","volume":2000,"label":" ","price":9.58},{"type":"A","date":"2018-03-29T02:59:02.000Z","volume":6000,"label":"Y","price":9.59},{"type":"B","date":"2018-03-29T02:59:35.000Z","volume":2000,"label":" ","price":9.58},{"type":"B","date":"2018-03-29T02:59:40.000Z","volume":2000,"label":" ","price":9.58},{"type":"B","date":"2018-03-29T02:59:44.000Z","volume":2000,"label":" ","price":9.58},{"type":"B","date":"2018-03-29T02:59:52.000Z","volume":4000,"label":" ","price":9.58},{"type":"B","date":"2018-03-29T02:59:55.000Z","volume":4000,"label":" ","price":9.58},{"type":"B","date":"2018-03-29T02:59:57.000Z","volume":2000,"label":" ","price":9.58},{"type":"A","date":"2018-03-29T03:00:01.000Z","volume":8000,"label":"Y","price":9.59},{"type":"B","date":"2018-03-29T03:00:11.000Z","volume":2000,"label":" ","price":9.58},{"type":"U","date":"2018-03-29T03:00:12.000Z","volume":2000,"label":"X","price":9.58},{"type":"A","date":"2018-03-29T03:00:22.000Z","volume":12000,"label":"Y","price":9.59},{"type":"A","date":"2018-03-29T03:00:27.000Z","volume":2000,"label":" ","price":9.59},{"type":"A","date":"2018-03-29T03:00:36.000Z","volume":2000,"label":"Y","price":9.59},{"type":"A","date":"2018-03-29T03:00:36.000Z","volume":4000,"label":" ","price":9.59},{"type":"B","date":"2018-03-29T03:00:45.000Z","volume":4000,"label":" ","price":9.58},{"type":"B","date":"2018-03-29T03:01:11.000Z","volume":10000,"label":" ","price":9.58},{"type":"B","date":"2018-03-29T03:01:17.000Z","volume":2000,"label":" ","price":9.58},{"type":"B","date":"2018-03-29T03:01:18.000Z","volume":10000,"label":" ","price":9.58},{"type":"B","date":"2018-03-29T03:01:21.000Z","volume":2000,"label":" ","price":9.58},{"type":"A","date":"2018-03-29T03:01:35.000Z","volume":8000,"label":" ","price":9.59},{"type":"B","date":"2018-03-29T03:01:38.000Z","volume":2000,"label":" ","price":9.58},{"type":"B","date":"2018-03-29T03:01:46.000Z","volume":4000,"label":" ","price":9.58},{"type":"B","date":"2018-03-29T03:01:46.000Z","volume":24000,"label":" ","price":9.58},{"type":"A","date":"2018-03-29T03:01:52.000Z","volume":12000,"label":" ","price":9.59},{"type":"A","date":"2018-03-29T03:01:55.000Z","volume":96000,"label":" ","price":9.59},{"type":"A","date":"2018-03-29T03:01:55.000Z","volume":44000,"label":" ","price":9.6},{"type":"B","date":"2018-03-29T03:01:59.000Z","volume":44000,"label":" ","price":9.6},{"type":"A","date":"2018-03-29T03:01:59.000Z","volume":6000,"label":" ","price":9.61},{"type":"U","date":"2018-03-29T03:02:00.000Z","volume":2000,"label":" ","price":9.6},{"type":"A","date":"2018-03-29T03:02:33.000Z","volume":6000,"label":"Y","price":9.6},{"type":"B","date":"2018-03-29T03:02:39.000Z","volume":6000,"label":" ","price":9.58},{"type":"A","date":"2018-03-29T03:02:39.000Z","volume":2000,"label":" ","price":9.58},{"type":"A","date":"2018-03-29T03:03:22.000Z","volume":12000,"label":" ","price":9.58},{"type":"A","date":"2018-03-29T03:03:31.000Z","volume":8000,"label":" ","price":9.58},{"type":"A","date":"2018-03-29T03:03:53.000Z","volume":12000,"label":" ","price":9.58},{"type":"A","date":"2018-03-29T03:03:54.000Z","volume":36000,"label":" ","price":9.58},{"type":"A","date":"2018-03-29T03:03:55.000Z","volume":12000,"label":" ","price":9.59},{"type":"A","date":"2018-03-29T03:03:57.000Z","volume":196000,"label":" ","price":9.6},{"type":"A","date":"2018-03-29T03:03:57.000Z","volume":10000,"label":" ","price":9.6},{"type":"A","date":"2018-03-29T03:03:57.000Z","volume":92000,"label":" ","price":9.6},{"type":"A","date":"2018-03-29T03:03:57.000Z","volume":18000,"label":" ","price":9.6},{"type":"A","date":"2018-03-29T03:03:58.000Z","volume":10000,"label":" ","price":9.6},{"type":"A","date":"2018-03-29T03:03:58.000Z","volume":6000,"label":" ","price":9.6},{"type":"A","date":"2018-03-29T03:04:00.000Z","volume":6000,"label":" ","price":9.61},{"type":"A","date":"2018-03-29T03:04:02.000Z","volume":4000,"label":" ","price":9.62},{"type":"A","date":"2018-03-29T03:04:02.000Z","volume":10000,"label":" ","price":9.63},{"type":"A","date":"2018-03-29T03:04:02.000Z","volume":2000,"label":"Y","price":9.64},{"type":"B","date":"2018-03-29T03:04:36.000Z","volume":18000,"label":" ","price":9.63},{"type":"B","date":"2018-03-29T03:04:38.000Z","volume":24000,"label":" ","price":9.63},{"type":"B","date":"2018-03-29T03:04:38.000Z","volume":56000,"label":" ","price":9.62},{"type":"B","date":"2018-03-29T03:04:38.000Z","volume":20000,"label":" ","price":9.61},{"type":"B","date":"2018-03-29T03:04:38.000Z","volume":8000,"label":" ","price":9.6},{"type":"A","date":"2018-03-29T03:04:52.000Z","volume":12000,"label":"Y","price":9.6},{"type":"A","date":"2018-03-29T03:05:25.000Z","volume":2000,"label":" ","price":9.6},{"type":"A","date":"2018-03-29T03:05:29.000Z","volume":56000,"label":" ","price":9.6},{"type":"A","date":"2018-03-29T03:05:29.000Z","volume":2000,"label":" ","price":9.61},{"type":"A","date":"2018-03-29T03:05:29.000Z","volume":6000,"label":" ","price":9.61},{"type":"A","date":"2018-03-29T03:05:29.000Z","volume":2000,"label":" ","price":9.62},{"type":"B","date":"2018-03-29T03:05:32.000Z","volume":8000,"label":" ","price":9.62},{"type":"B","date":"2018-03-29T03:05:32.000Z","volume":12000,"label":" ","price":9.61},{"type":"B","date":"2018-03-29T03:05:32.000Z","volume":8000,"label":"Y","price":9.6},{"type":"B","date":"2018-03-29T03:05:32.000Z","volume":24000,"label":" ","price":9.6},{"type":"B","date":"2018-03-29T03:05:32.000Z","volume":10000,"label":" ","price":9.59},{"type":"B","date":"2018-03-29T03:05:32.000Z","volume":8000,"label":" ","price":9.59},{"type":"U","date":"2018-03-29T03:05:32.000Z","volume":2000,"label":" ","price":9.62},{"type":"U","date":"2018-03-29T03:05:44.000Z","volume":4000,"label":"X","price":9.61},{"type":"B","date":"2018-03-29T03:05:51.000Z","volume":2000,"label":" ","price":9.6},{"type":"A","date":"2018-03-29T03:05:51.000Z","volume":8000,"label":" ","price":9.63},{"type":"A","date":"2018-03-29T03:05:51.000Z","volume":48000,"label":"Y","price":9.64},{"type":"A","date":"2018-03-29T03:05:51.000Z","volume":14000,"label":" ","price":9.64},{"type":"B","date":"2018-03-29T03:05:51.000Z","volume":8000,"label":" ","price":9.66},{"type":"A","date":"2018-03-29T03:05:51.000Z","volume":2000,"label":" ","price":9.67},{"type":"A","date":"2018-03-29T03:06:22.000Z","volume":12000,"label":" ","price":9.68},{"type":"A","date":"2018-03-29T03:07:01.000Z","volume":54000,"label":" ","price":9.68},{"type":"A","date":"2018-03-29T03:07:01.000Z","volume":52000,"label":"Y","price":9.69},{"type":"A","date":"2018-03-29T03:07:01.000Z","volume":94000,"label":" ","price":9.7},{"type":"B","date":"2018-03-29T03:07:01.000Z","volume":10000,"label":" ","price":9.67},{"type":"A","date":"2018-03-29T03:07:02.000Z","volume":2000,"label":" ","price":9.68},{"type":"U","date":"2018-03-29T03:07:07.000Z","volume":6000,"label":" ","price":9.67},{"type":"B","date":"2018-03-29T03:07:43.000Z","volume":6000,"label":" ","price":9.66},{"type":"B","date":"2018-03-29T03:07:45.000Z","volume":26000,"label":" ","price":9.66},{"type":"B","date":"2018-03-29T03:07:45.000Z","volume":10000,"label":" ","price":9.65},{"type":"U","date":"2018-03-29T03:07:45.000Z","volume":4000,"label":" ","price":9.65},{"type":"U","date":"2018-03-29T03:07:45.000Z","volume":4000,"label":" ","price":9.66},{"type":"A","date":"2018-03-29T03:07:45.000Z","volume":2000,"label":" ","price":9.66},{"type":"A","date":"2018-03-29T03:07:52.000Z","volume":12000,"label":" ","price":9.63}