[{"type":"B","date":"2018-04-16T01:45:40.000Z","volume":2000,"label":" ","price":0.29},{"type":"A","date":"2018-04-16T01:46:58.000Z","volume":10000,"label":" ","price":0.295},{"type":"B","date":"2018-04-16T03:12:19.000Z","volume":760000,"label":" ","price":0.29},{"type":"B","date":"2018-04-16T03:12:19.000Z","volume":40000,"label":" ","price":0.29},{"type":"B","date":"2018-04-16T03:13:55.000Z","volume":800000,"label":" ","price":0.29},{"type":"A","date":"2018-04-16T03:15:09.000Z","volume":1314000,"label":" ","price":0.29},{"type":"A","date":"2018-04-16T03:15:09.000Z","volume":86000,"label":" ","price":0.295},{"type":"A","date":"2018-04-16T03:15:25.000Z","volume":2000,"label":" ","price":0.295},{"type":"A","date":"2018-04-16T03:15:27.000Z","volume":2000,"label":" ","price":0.295},{"type":"B","date":"2018-04-16T03:15:31.000Z","volume":60000,"label":" ","price":0.29},{"type":"B","date":"2018-04-16T03:15:31.000Z","volume":40000,"label":" ","price":0.285},{"type":"B","date":"2018-04-16T03:15:31.000Z","volume":40000,"label":"Y","price":0.29},{"type":"B","date":"2018-04-16T03:15:32.000Z","volume":20000,"label":" ","price":0.29},{"type":"A","date":"2018-04-16T03:15:32.000Z","volume":4000,"label":" ","price":0.295},{"type":"A","date":"2018-04-16T03:15:54.000Z","volume":2000,"label":" ","price":0.295},{"type":"A","date":"2018-04-16T03:28:25.000Z","volume":1070000,"label":"Y","price":0.295},{"type":"A","date":"2018-04-16T03:28:25.000Z","volume":230000,"label":" ","price":0.295},{"type":"A","date":"2018-04-16T03:28:34.000Z","volume":204000,"label":" ","price":0.295},{"type":"A","date":"2018-04-16T03:29:32.000Z","volume":10000,"label":" ","price":0.3},{"type":"A","date":"2018-04-16T05:39:23.000Z","volume":30000,"label":" ","price":0.3},{"type":"B","date":"2018-04-16T06:02:04.000Z","volume":56000,"label":" ","price":0.29},{"type":"A","date":"2018-04-16T06:02:20.000Z","volume":10000,"label":" ","price":0.295},{"type":"B","date":"2018-04-16T06:35:14.000Z","volume":20000,"label":" ","price":0.29},{"type":"A","date":"2018-04-16T06:42:06.000Z","volume":10000,"label":" ","price":0.295},{"type":"A","date":"2018-04-16T07:20:03.000Z","volume":54000,"label":" ","price":0.295},{"type":"B","date":"2018-04-16T07:27:18.000Z","volume":424000,"label":"Y","price":0.29},{"type":"B","date":"2018-04-16T07:27:18.000Z","volume":26000,"label":" ","price":0.29},{"type":"B","date":"2018-04-16T07:28:21.000Z","volume":26000,"label":" ","price":0.29},{"type":"A","date":"2018-04-16T07:29:43.000Z","volume":10000,"label":" ","price":0.295},{"type":"B","date":"2018-04-16T07:38:29.000Z","volume":1400000,"label":" ","price":0.29},{"type":"B","date":"2018-04-16T07:38:29.000Z","volume":48000,"label":" ","price":0.29},{"type":"A","date":"2018-04-16T07:38:30.000Z","volume":10000,"label":" ","price":0.29},{"type":"A","date":"2018-04-16T07:38:32.000Z","volume":10000,"label":" ","price":0.29},{"type":"A","date":"2018-04-16T07:38:32.000Z","volume":10000,"label":" ","price":0.29},{"type":"A","date":"2018-04-16T07:38:34.000Z","volume":10000,"label":" ","price":0.295},{"type":"B","date":"2018-04-16T07:54:18.000Z","volume":50000,"label":" ","price":0.285},{"type":"A","date":"2018-04-16T07:55:21.000Z","volume":10000,"label":" ","price":0.29},{"type":"A","date":"2018-04-16T07:55:24.000Z","volume":10000,"label":" ","price":0.29},{"type":"A","date":"2018-04-16T07:55:28.000Z","volume":100000,"label":" ","price":0.29},{"type":"A","date":"2018-04-16T07:55:33.000Z","volume":80000,"label":" ","price":0.29},{"type":"A","date":"2018-04-16T07:59:06.000Z","volume":54000,"label":" ","price":0.29},{"type":"B","date":"2018-04-16T07:59:12.000Z","volume":22000,"label":" ","price":0.285},{"type":"A","date":"2018-04-16T07:59:16.000Z","volume":2000,"label":" ","price":0.29},{"type":"A","date":"2018-04-16T07:59:19.000Z","volume":54000,"label":" ","price":0.29},{"type":"A","date":"2018-04-16T07:59:25.000Z","volume":2000,"label":" ","price":0.29},{"type":"A","date":"2018-04-16T07:59:31.000Z","volume":54000,"label":" ","price":0.29},{"type":"A","date":"2018-04-16T07:59:33.000Z","volume":18000,"label":" ","price":0.29},{"type":"A","date":"2018-04-16T07:59:38.000Z","volume":216000,"label":"Y","price":0.29},{"type":"A","date":"2018-04-16T07:59:38.000Z","volume":84000,"label":" ","price":0.29},{"type":"A","date":"2018-04-16T07:59:58.000Z","volume":2000,"label":" ","price":0.29}]