[{"type":"A","date":"2018-03-19T05:47:32.000Z","volume":200000,"price":0.475,"category":"ubbull"},{"type":"A","date":"2018-03-19T03:39:05.000Z","volume":142000,"price":0.47,"category":"ubbull"},{"type":"A","date":"2018-03-19T03:39:05.000Z","volume":158000,"price":0.47,"category":"ubbull"},{"type":"A","date":"2018-03-19T03:04:44.000Z","volume":140000,"price":0.47,"category":"ubbull"},{"type":"A","date":"2018-03-19T02:24:36.000Z","volume":156000,"price":0.47,"category":"ubbull"},{"type":"A","date":"2018-03-19T02:24:31.000Z","volume":170000,"price":0.465,"category":"ubbull"},{"type":"A","date":"2018-03-19T01:55:22.000Z","volume":276000,"price":0.475,"category":"ubbull"},{"type":"A","date":"2018-03-19T01:46:36.000Z","volume":600000,"price":0.475,"category":"ubbull"},{"type":"A","date":"2018-03-19T01:44:33.000Z","volume":400000,"price":0.47,"category":"ubbull"},{"type":"A","date":"2018-03-19T01:40:50.000Z","volume":200000,"price":0.47,"category":"ubbull"},{"type":"A","date":"2018-03-19T01:30:28.000Z","volume":172000,"price":0.46,"category":"ubbull"},{"type":"A","date":"2018-03-19T05:16:38.000Z","volume":86000,"price":0.47,"category":"bbull"},{"type":"A","date":"2018-03-19T05:04:43.000Z","volume":100000,"price":0.47,"category":"bbull"},{"type":"A","date":"2018-03-19T02:05:25.000Z","volume":100000,"price":0.475,"category":"bbull"},{"type":"A","date":"2018-03-19T01:57:27.000Z","volume":80000,"price":0.48,"category":"bbull"},{"type":"A","date":"2018-03-19T01:56:31.000Z","volume":92000,"price":0.475,"category":"bbull"},{"type":"A","date":"2018-03-19T01:50:15.000Z","volume":100000,"price":0.475,"category":"bbull"},{"type":"A","date":"2018-03-19T01:46:36.000Z","volume":88000,"price":0.475,"category":"bbull"},{"type":"A","date":"2018-03-19T07:59:40.000Z","volume":2000,"price":0.47,"category":"rbull"},{"type":"A","date":"2018-03-19T07:23:56.000Z","volume":2000,"price":0.47,"category":"rbull"},{"type":"A","date":"2018-03-19T06:23:05.000Z","volume":2000,"price":0.47,"category":"rbull"},{"type":"A","date":"2018-03-19T05:19:18.000Z","volume":2000,"price":0.47,"category":"rbull"},{"type":"A","date":"2018-03-19T03:02:01.000Z","volume":8000,"price":0.47,"category":"rbull"},{"type":"A","date":"2018-03-19T02:36:00.000Z","volume":2000,"price":0.475,"category":"rbull"},{"type":"A","date":"2018-03-19T02:30:15.000Z","volume":2000,"price":0.475,"category":"rbull"},{"type":"A","date":"2018-03-19T02:18:49.000Z","volume":6000,"price":0.465,"category":"rbull"},{"type":"A","date":"2018-03-19T02:18:45.000Z","volume":8000,"price":0.465,"category":"rbull"},{"type":"A","date":"2018-03-19T02:14:49.000Z","volume":4000,"price":0.47,"category":"rbull"},{"type":"A","date":"2018-03-19T02:10:36.000Z","volume":4000,"price":0.475,"category":"rbull"},{"type":"A","date":"2018-03-19T01:55:22.000Z","volume":8000,"price":0.475,"category":"rbull"},{"type":"A","date":"2018-03-19T01:42:41.000Z","volume":2000,"price":0.47,"category":"rbull"},{"type":"A","date":"2018-03-19T01:37:21.000Z","volume":4000,"price":0.465,"category":"rbull"},{"type":"A","date":"2018-03-19T01:36:14.000Z","volume":2000,"price":0.465,"category":"rbull"},{"type":"A","date":"2018-03-19T01:33:11.000Z","volume":2000,"price":0.465,"category":"rbull"},{"type":"A","date":"2018-03-19T01:30:18.000Z","volume":2000,"price":0.46,"category":"rbull"},{"type":"B","date":"2018-03-19T07:59:40.000Z","volume":4000,"price":0.46,"category":"rbear"},{"type":"B","date":"2018-03-19T07:59:21.000Z","volume":2000,"price":0.46,"category":"rbear"},{"type":"B","date":"2018-03-19T07:59:19.000Z","volume":8000,"price":0.46,"category":"rbear"},{"type":"B","date":"2018-03-19T07:59:19.000Z","volume":6000,"price":0.465,"category":"rbear"},{"type":"B","date":"2018-03-19T07:59:11.000Z","volume":2000,"price":0.465,"category":"rbear"},{"type":"B","date":"2018-03-19T07:59:11.000Z","volume":2000,"price":0.465,"category":"rbear"},{"type":"B","date":"2018-03-19T07:59:10.000Z","volume":4000,"price":0.465,"category":"rbear"},{"type":"B","date":"2018-03-19T07:59:04.000Z","volume":2000,"price":0.465,"category":"rbear"},{"type":"B","date":"2018-03-19T07:59:04.000Z","volume":2000,"price":0.465,"category":"rbear"},{"type":"B","date":"2018-03-19T07:59:04.000Z","volume":2000,"price":0.465,"category":"rbear"},{"type":"B","date":"2018-03-19T07:59:04.000Z","volume":2000,"price":0.465,"category":"rbear"},{"type":"B","date":"2018-03-19T07:59:03.000Z","volume":2000,"price":0.465,"category":"rbear"},{"type":"B","date":"2018-03-19T07:59:03.000Z","volume":8000,"price":0.465,"category":"rbear"},{"type":"B","date":"2018-03-19T07:59:03.000Z","volume":2000,"price":0.465,"category":"rbear"},{"type":"B","date":"2018-03-19T07:59:03.000Z","volume":2000,"price":0.465,"category":"rbear"},{"type":"B","date":"2018-03-19T07:59:03.000Z","volume":6000,"price":0.465,"category":"rbear"},{"type":"B","date":"2018-03-19T07:59:03.000Z","volume":2000,"price":0.465,"category":"rbear"},{"type":"B","date":"2018-03-19T07:59:03.000Z","volume":8000,"price":0.465,"category":"rbear"},{"type":"B","date":"2018-03-19T07:59:00.000Z","volume":2000,"price":0.465,"category":"rbear"},{"type":"B","date":"2018-03-19T07:59:00.000Z","volume":6000,"price":0.465,"category":"rbear"},{"type":"B","date":"2018-03-19T07:59:00.000Z","volume":2000,"price":0.465,"category":"rbear"},{"type":"B","date":"2018-03-19T07:59:00.000Z","volume":4000,"price":0.465,"category":"rbear"},{"type":"B","date":"2018-03-19T07:58:52.000Z","volume":6000,"price":0.465,"category":"rbear"},{"type":"B","date":"2018-03-19T07:58:43.000Z","volume":2000,"price":0.465,"category":"rbear"},{"type":"B","date":"2018-03-19T07:58:15.000Z","volume":6000,"price":0.465,"category":"rbear"},{"type":"B","date":"2018-03-19T07:56:03.000Z","volume":2000,"price":0.465,"category":"rbear"},{"type":"B","date":"2018-03-19T07:54:17.000Z","volume":6000,"price":0.465,"category":"rbear"},{"type":"B","date":"2018-03-19T07:53:36.000Z","volume":2000,"price":0.465,"category":"rbear"},{"type":"B","date":"2018-03-19T07:53:32.000Z","volume":2000,"price":0.465,"category":"rbear"},{"type":"B","date":"2018-03-19T07:52:02.000Z","volume":2000,"price":0.465,"category":"rbear"},{"type":"B","date":"2018-03-19T07:51:47.000Z","volume":4000,"price":0.465,"category":"rbear"},{"type":"B","date":"2018-03-19T07:51:47.000Z","volume":2000,"price":0.465,"category":"rbear"},{"type":"B","date":"2018-03-19T07:51:47.000Z","volume":4000,"price":0.465,"category":"rbear"},{"type":"B","date":"2018-03-19T07:51:38.000Z","volume":4000,"price":0.465,"category":"rbear"},{"type":"B","date":"2018-03-19T07:51:23.000Z","volume":2000,"price":0.465,"category":"rbear"},{"type":"B","date":"2018-03-19T07:50:53.000Z","volume":2000,"price":0.465,"category":"rbear"},{"type":"B","date":"2018-03-19T07:50:53.000Z","volume":2000,"price":0.465,"category":"rbear"},{"type":"B","date":"2018-03-19T07:50:32.000Z","volume":2000,"price":0.465,"category":"rbear"},{"type":"B","date":"2018-03-19T07:50:24.000Z","volume":6000,"price":0.465,"category":"rbear"},{"type":"B","date":"2018-03-19T07:49:32.000Z","volume":2000,"price":0.465,"category":"rbear"},{"type":"B","date":"2018-03-19T07:48:13.000Z","volume":2000,"price":0.465,"category":"rbear"},{"type":"B","date":"2018-03-19T07:46:17.000Z","volume":2000,"price":0.465,"category":"rbear"},{"type":"B","date":"2018-03-19T07:44:17.000Z","volume":2000,"price":0.465,"category":"rbear"},{"type":"B","date":"2018-03-19T07:40:28.000Z","volume":4000,"price":0.465,"category":"rbear"},{"type":"B","date":"2018-03-19T07:38:17.000Z","volume":2000,"price":0.465,"category":"rbear"},{"type":"B","date":"2018-03-19T07:37:32.000Z","volume":2000,"price":0.465,"category":"rbear"},{"type":"B","date":"2018-03-19T07:35:32.000Z","volume":2000,"price":0.465,"category":"rbear"},{"type":"B","date":"2018-03-19T07:35:17.000Z","volume":2000,"price":0.465,"category":"rbear"},{"type":"B","date":"2018-03-19T07:33:47.000Z","volume":2000,"price":0.465,"category":"rbear"},{"type":"B","date":"2018-03-19T07:31:17.000Z","volume":2000,"price":0.465,"category":"rbear"},{"type":"B","date":"2018-03-19T07:30:32.000Z","volume":2000,"price":0.465,"category":"rbear"},{"type":"B","date":"2018-03-19T07:30:20.000Z","volume":2000,"price":0.465,"category":"rbear"},{"type":"B","date":"2018-03-19T07:29:02.000Z","volume":2000,"price":0.465,"category":"rbear"},{"type":"B","date":"2018-03-19T07:27:02.000Z","volume":2000,"price":0.465,"category":"rbear"},{"type":"B","date":"2018-03-19T07:25:24.000Z","volume":8000,"price":0.465,"category":"rbear"},{"type":"B","date":"2018-03-19T07:20:47.000Z","volume":2000,"price":0.465,"category":"rbear"},{"type":"B","date":"2018-03-19T07:20:32.000Z","volume":2000,"price":0.465,"category":"rbear"},{"type":"B","date":"2018-03-19T07:18:47.000Z","volume":2000,"price":0.465,"category":"rbear"},{"type":"B","date":"2018-03-19T07:18:41.000Z","volume":2000,"price":0.465,"category":"rbear"},{"type":"B","date":"2018-03-19T07:18:41.000Z","volume":2000,"price":0.465,"category":"rbear"},{"type":"B","date":"2018-03-19T07:18:32.000Z","volume":2000,"price":0.465,"category":"rbear"},{"type":"B","date":"2018-03-19T07:13:35.000Z","volume":6000,"price":0.465,"category":"rbear"},{"type":"B","date":"2018-03-19T07:11:17.000Z","volume":2000,"price":0.465,"category":"rbear"},{"type":"B","date":"2018-03-19T07:10:22.000Z","volume":4000,"price":0.465,"category":"rbear"},{"type":"B","date":"2018-03-19T07:08:46.000Z","volume":6000,"price":0.465,"category":"rbear"},{"type":"B","date":"2018-03-19T07:08:32.000Z","volume":2000,"price":0.465,"category":"rbear"},{"type":"B","date":"2018-03-19T07:05:23.000Z","volume":2000,"price":0.465,"category":"rbear"},{"type":"B","date":"2018-03-19T07:04:58.000Z","volume":2000,"price":0.465,"category":"rbear"},{"type":"B","date":"2018-03-19T07:04:48.000Z","volume":2000,"price":0.465,"category":"rbear"},{"type":"B","date":"2018-03-19T07:04:47.000Z","volume":2000,"price":0.465,"category":"rbear"},{"type":"B","date":"2018-03-19T07:01:47.000Z","volume":2000,"price":0.465,"category":"rbear"},{"type":"B","date":"2018-03-19T07:00:23.000Z","volume":4000,"price":0.465,"category":"rbear"},{"type":"B","date":"2018-03-19T06:56:17.000Z","volume":2000,"price":0.465,"category":"rbear"},{"type":"B","date":"2018-03-19T06:55:26.000Z","volume":6000,"price":0.465,"category":"rbear"},{"type":"B","date":"2018-03-19T06:51:20.000Z","volume":2000,"price":0.465,"category":"rbear"},{"type":"B","date":"2018-03-19T06:50:32.000Z","volume":2000,"price":0.465,"category":"rbear"},{"type":"B","date":"2018-03-19T06:50:29.000Z","volume":2000,"price":0.465,"category":"rbear"},{"type":"B","date":"2018-03-19T06:50:28.000Z","volume":4000,"price":0.465,"category":"rbear"},{"type":"B","date":"2018-03-19T06:45:26.000Z","volume":2000,"price":0.465,"category":"rbear"},{"type":"B","date":"2018-03-19T06:44:32.000Z","volume":2000,"price":0.465,"category":"rbear"},{"type":"B","date":"2018-03-19T06:42:32.000Z","volume":2000,"price":0.465,"category":"rbear"},{"type":"B","date":"2018-03-19T06:41:17.000Z","volume":2000,"price":0.465,"category":"rbear"},{"type":"B","date":"2018-03-19T06:40:27.000Z","volume":2000,"price":0.465,"category":"rbear"},{"type":"B","date":"2018-03-19T06:40:26.000Z","volume":6000,"price":0.465,"category":"rbear"},{"type":"B","date":"2018-03-19T06:40:20.000Z","volume":8000,"price":0.465,"category":"rbear"},{"type":"B","date":"2018-03-19T06:40:02.000Z","volume":2000,"price":0.465,"category":"rbear"},{"type":"B","date":"2018-03-19T06:36:02.000Z","volume":2000,"price":0.465,"category":"rbear"},{"type":"B","date":"2018-03-19T06:35:32.000Z","volume":2000,"price":0.465,"category":"rbear"},{"type":"B","date":"2018-03-19T06:35:23.000Z","volume":2000,"price":0.465,"category":"rbear"},{"type":"B","date":"2018-03-19T06:30:21.000Z","volume":6000,"price":0.465,"category":"rbear"},{"type":"B","date":"2018-03-19T06:27:19.000Z","volume":6000,"price":0.465,"category":"rbear"},{"type":"B","date":"2018-03-19T06:25:20.000Z","volume":2000,"price":0.465,"category":"rbear"},{"type":"B","date":"2018-03-19T06:25:19.000Z","volume":8000,"price":0.465,"category":"rbear"},{"type":"B","date":"2018-03-19T06:25:17.000Z","volume":2000,"price":0.465,"category":"rbear"},{"type":"B","date":"2018-03-19T06:24:15.000Z","volume":6000,"price":0.465,"category":"rbear"},{"type":"B","date":"2018-03-19T06:20:21.000Z","volume":2000,"price":0.465,"category":"rbear"},{"type":"B","date":"2018-03-19T06:15:28.000Z","volume":8000,"price":0.465,"category":"rbear"},{"type":"B","date":"2018-03-19T06:10:26.000Z","volume":2000,"price":0.465,"category":"rbear"},{"type":"B","date":"2018-03-19T06:10:25.000Z","volume":2000,"price":0.465,"category":"rbear"},{"type":"B","date":"2018-03-19T05:57:44.000Z","volume":6000,"price":0.47,"category":"rbear"},{"type":"B","date":"2018-03-19T05:57:44.000Z","volume":4000,"price":0.47,"category":"rbear"},{"type":"B","date":"2018-03-19T05:55:26.000Z","volume":4000,"price":0.47,"category":"rbear"},{"type":"B","date":"2018-03-19T05:50:21.000Z","volume":4000,"price":0.47,"category":"rbear"},{"type":"B","date":"2018-03-19T05:46:17.000Z","volume":2000,"price":0.47,"category":"rbear"},{"type":"B","date":"2018-03-19T05:46:04.000Z","volume":2000,"price":0.47,"category":"rbear"},{"type":"B","date":"2018-03-19T05:45:23.000Z","volume":4000,"price":0.47,"category":"rbear"},{"type":"B","date":"2018-03-19T05:40:19.000Z","volume":2000,"price":0.47,"category":"rbear"},{"type":"B","date":"2018-03-19T05:35:23.000Z","volume":2000,"price":0.47,"category":"rbear"},{"type":"B","date":"2018-03-19T05:30:24.000Z","volume":2000,"price":0.47,"category":"rbear"},{"type":"B","date":"2018-03-19T05:27:19.000Z","volume":2000,"price":0.47,"category":"rbear"},{"type":"B","date":"2018-03-19T05:25:22.000Z","volume":4000,"price":0.47,"category":"rbear"},{"type":"B","date":"2018-03-19T05:22:47.000Z","volume":2000,"price":0.47,"category":"rbear"},{"type":"B","date":"2018-03-19T05:22:47.000Z","volume":2000,"price":0.47,"category":"rbear"},{"type":"B","date":"2018-03-19T05:22:47.000Z","volume":6000,"price":0.47,"category":"rbear"},{"type":"B","date":"2018-03-19T05:19:33.000Z","volume":2000,"price":0.47,"category":"rbear"},{"type":"B","date":"2018-03-19T05:19:32.000Z","volume":2000,"price":0.47,"category":"rbear"},{"type":"B","date":"2018-03-19T05:19:32.000Z","volume":2000,"price":0.47,"category":"rbear"},{"type":"B","date":"2018-03-19T05:19:32.000Z","volume":6000,"price":0.47,"category":"rbear"},{"type":"B","date":"2018-03-19T05:19:20.000Z","volume":2000,"price":0.47,"category":"rbear"},{"type":"B","date":"2018-03-19T05:19:19.000Z","volume":6000,"price":0.47,"category":"rbear"},{"type":"B","date":"2018-03-19T05:16:39.000Z","volume":8000,"price":0.465,"category":"rbear"},{"type":"B","date":"2018-03-19T05:16:32.000Z","volume":2000,"price":0.465,"category":"rbear"},{"type":"B","date":"2018-03-19T05:15:27.000Z","volume":2000,"price":0.465,"category":"rbear"},{"type":"B","date":"2018-03-19T05:15:19.000Z","volume":2000,"price":0.465,"category":"rbear"},{"type":"B","date":"2018-03-19T05:11:08.000Z","volume":4000,"price":0.465,"category":"rbear"},{"type":"B","date":"2018-03-19T05:02:34.000Z","volume":4000,"price":0.465,"category":"rbear"},{"type":"B","date":"2018-03-19T05:00:25.000Z","volume":2000,"price":0.465,"category":"rbear"},{"type":"B","date":"2018-03-19T05:00:21.000Z","volume":2000,"price":0.465,"category":"rbear"},{"type":"B","date":"2018-03-19T05:00:17.000Z","volume":6000,"price":0.465,"category":"rbear"},{"type":"B","date":"2018-03-19T05:00:01.000Z","volume":6000,"price":0.465,"category":"rbear"},{"type":"B","date":"2018-03-19T03:59:54.000Z","volume":2000,"price":0.465,"category":"rbear"},{"type":"B","date":"2018-03-19T03:59:53.000Z","volume":2000,"price":0.465,"category":"rbear"},{"type":"B","date":"2018-03-19T03:59:50.000Z","volume":2000,"price":0.465,"category":"rbear"},{"type":"B","date":"2018-03-19T03:59:46.000Z","volume":2000,"price":0.465,"category":"rbear"},{"type":"B","date":"2018-03-19T03:59:38.000Z","volume":2000,"price":0.465,"category":"rbear"},{"type":"B","date":"2018-03-19T03:59:21.000Z","volume":2000,"price":0.465,"category":"rbear"},{"type":"B","date":"2018-03-19T03:59:20.000Z","volume":6000,"price":0.465,"category":"rbear"},{"type":"B","date":"2018-03-19T03:58:34.000Z","volume":2000,"price":0.465,"category":"rbear"},{"type":"B","date":"2018-03-19T03:56:22.000Z","volume":2000,"price":0.465,"category":"rbear"},{"type":"B","date":"2018-03-19T03:56:20.000Z","volume":2000,"price":0.465,"category":"rbear"},{"type":"B","date":"2018-03-19T03:51:05.000Z","volume":2000,"price":0.465,"category":"rbear"},{"type":"B","date":"2018-03-19T03:50:32.000Z","volume":4000,"price":0.465,"category":"rbear"},{"type":"B","date":"2018-03-19T03:48:35.000Z","volume":2000,"price":0.465,"category":"rbear"},{"type":"B","date":"2018-03-19T03:46:20.000Z","volume":2000,"price":0.465,"category":"rbear"},{"type":"B","date":"2018-03-19T03:45:02.000Z","volume":2000,"price":0.465,"category":"rbear"},{"type":"B","date":"2018-03-19T03:40:35.000Z","volume":2000,"price":0.465,"category":"rbear"},{"type":"B","date":"2018-03-19T03:39:05.000Z","volume":2000,"price":0.465,"category":"rbear"},{"type":"B","date":"2018-03-19T03:39:05.000Z","volume":8000,"price":0.465,"category":"rbear"},{"type":"B","date":"2018-03-19T03:38:35.000Z","volume":2000,"price":0.465,"category":"rbear"},{"type":"B","date":"2018-03-19T03:36:50.000Z","volume":2000,"price":0.465,"category":"rbear"},{"type":"B","date":"2018-03-19T03:35:32.000Z","volume":2000,"price":0.465,"category":"rbear"},{"type":"B","date":"2018-03-19T03:35:25.000Z","volume":6000,"price":0.465,"category":"rbear"},{"type":"B","date":"2018-03-19T03:34:50.000Z","volume":2000,"price":0.465,"category":"rbear"},{"type":"B","date":"2018-03-19T03:34:47.000Z","volume":4000,"price":0.465,"category":"rbear"},{"type":"B","date":"2018-03-19T03:32:47.000Z","volume":2000,"price":0.465,"category":"rbear"},{"type":"B","date":"2018-03-19T03:32:35.000Z","volume":2000,"price":0.465,"category":"rbear"},{"type":"B","date":"2018-03-19T03:32:32.000Z","volume":2000,"price":0.465,"category":"rbear"},{"type":"B","date":"2018-03-19T03:30:25.000Z","volume":2000,"price":0.465,"category":"rbear"},{"type":"B","date":"2018-03-19T03:29:35.000Z","volume":2000,"price":0.465,"category":"rbear"},{"type":"B","date":"2018-03-19T03:26:32.000Z","volume":6000,"price":0.465,"category":"rbear"},{"type":"B","date":"2018-03-19T03:26:05.000Z","volume":2000,"price":0.465,"category":"rbear"},{"type":"B","date":"2018-03-19T03:25:22.000Z","volume":6000,"price":0.465,"category":"rbear"},{"type":"B","date":"2018-03-19T03:20:32.000Z","volume":2000,"price":0.465,"category":"rbear"},{"type":"B","date":"2018-03-19T03:19:47.000Z","volume":2000,"price":0.465,"category":"rbear"},{"type":"B","date":"2018-03-19T03:19:17.000Z","volume":2000,"price":0.465,"category":"rbear"},{"type":"B","date":"2018-03-19T03:17:50.000Z","volume":2000,"price":0.465,"category":"rbear"},{"type":"B","date":"2018-03-19T03:10:24.000Z","volume":2000,"price":0.465,"category":"rbear"},{"type":"B","date":"2018-03-19T03:09:20.000Z","volume":2000,"price":0.465,"category":"rbear"},{"type":"B","date":"2018-03-19T03:06:17.000Z","volume":2000,"price":0.465,"category":"rbear"},{"type":"B","date":"2018-03-19T03:05:24.000Z","volume":6000,"price":0.465,"category":"rbear"},{"type":"B","date":"2018-03-19T03:04:20.000Z","volume":2000,"price":0.465,"category":"rbear"},{"type":"B","date":"2018-03-19T03:02:05.000Z","volume":2000,"price":0.465,"category":"rbear"},{"type":"B","date":"2018-03-19T03:00:28.000Z","volume":6000,"price":0.465,"category":"rbear"},{"type":"B","date":"2018-03-19T02:58:20.000Z","volume":2000,"price":0.465,"category":"rbear"},{"type":"B","date":"2018-03-19T02:56:59.000Z","volume":2000,"price":0.465,"category":"rbear"},{"type":"B","date":"2018-03-19T02:56:50.000Z","volume":2000,"price":0.465,"category":"rbear"},{"type":"B","date":"2018-03-19T02:55:29.000Z","volume":2000,"price":0.465,"category":"rbear"},{"type":"B","date":"2018-03-19T02:55:28.000Z","volume":6000,"price":0.465,"category":"rbear"},{"type":"B","date":"2018-03-19T02:55:20.000Z","volume":2000,"price":0.465,"category":"rbear"},{"type":"B","date":"2018-03-19T02:53:20.000Z","volume":2000,"price":0.465,"category":"rbear"},{"type":"B","date":"2018-03-19T02:52:13.000Z","volume":2000,"price":0.465,"category":"rbear"},{"type":"B","date":"2018-03-19T02:51:50.000Z","volume":2000,"price":0.465,"category":"rbear"},{"type":"B","date":"2018-03-19T02:50:22.000Z","volume":6000,"price":0.465,"category":"rbear"},{"type":"B","date":"2018-03-19T02:50:20.000Z","volume":2000,"price":0.465,"category":"rbear"},{"type":"B","date":"2018-03-19T02:49:05.000Z","volume":2000,"price":0.465,"category":"rbear"},{"type":"B","date":"2018-03-19T02:45:50.000Z","volume":2000,"price":0.465,"category":"rbear"},{"type":"B","date":"2018-03-19T02:45:24.000Z","volume":2000,"price":0.465,"category":"rbear"},{"type":"B","date":"2018-03-19T02:45:23.000Z","volume":6000,"price":0.465,"category":"rbear"},{"type":"B","date":"2018-03-19T02:42:49.000Z","volume":2000,"price":0.465,"category":"rbear"},{"type":"B","date":"2018-03-19T02:40:26.000Z","volume":8000,"price":0.47,"category":"rbear"},{"type":"B","date":"2018-03-19T02:39:22.000Z","volume":2000,"price":0.47,"category":"rbear"},{"type":"B","date":"2018-03-19T02:35:23.000Z","volume":2000,"price":0.47,"category":"rbear"},{"type":"B","date":"2018-03-19T02:24:36.000Z","volume":2000,"price":0.47,"category":"rbear"},{"type":"B","date":"2018-03-19T02:24:31.000Z","volume":4000,"price":0.465,"category":"rbear"},{"type":"B","date":"2018-03-19T02:21:46.000Z","volume":2000,"price":0.46,"category":"rbear"},{"type":"B","date":"2018-03-19T02:20:32.000Z","volume":8000,"price":0.46,"category":"rbear"},{"type":"B","date":"2018-03-19T02:18:48.000Z","volume":2000,"price":0.465,"category":"rbear"},{"type":"B","date":"2018-03-19T02:18:34.000Z","volume":4000,"price":0.465,"category":"rbear"},{"type":"B","date":"2018-03-19T02:13:50.000Z","volume":8000,"price":0.47,"category":"rbear"},{"type":"B","date":"2018-03-19T02:12:02.000Z","volume":2000,"price":0.47,"category":"rbear"},{"type":"B","date":"2018-03-19T02:12:02.000Z","volume":2000,"price":0.47,"category":"rbear"},{"type":"B","date":"2018-03-19T01:46:25.000Z","volume":2000,"price":0.47,"category":"rbear"},{"type":"B","date":"2018-03-19T01:40:45.000Z","volume":6000,"price":0.465,"category":"rbear"},{"type":"B","date":"2018-03-19T01:37:36.000Z","volume":6000,"price":0.465,"category":"rbear"},{"type":"B","date":"2018-03-19T07:59:10.000Z","volume":92000,"price":0.465,"category":"bbear"},{"type":"B","date":"2018-03-19T07:59:03.000Z","volume":70000,"price":0.465,"category":"bbear"},{"type":"B","date":"2018-03-19T07:59:03.000Z","volume":88000,"price":0.465,"category":"bbear"},{"type":"B","date":"2018-03-19T07:59:03.000Z","volume":122000,"price":0.465,"category":"bbear"},{"type":"B","date":"2018-03-19T07:58:52.000Z","volume":78000,"price":0.465,"category":"bbear"},{"type":"B","date":"2018-03-19T07:51:38.000Z","volume":92000,"price":0.465,"category":"bbear"},{"type":"B","date":"2018-03-19T07:48:00.000Z","volume":126000,"price":0.465,"category":"bbear"},{"type":"B","date":"2018-03-19T07:18:40.000Z","volume":116000,"price":0.465,"category":"bbear"},{"type":"B","date":"2018-03-19T07:04:56.000Z","volume":106000,"price":0.465,"category":"bbear"},{"type":"B","date":"2018-03-19T06:49:47.000Z","volume":88000,"price":0.465,"category":"bbear"},{"type":"B","date":"2018-03-19T06:45:53.000Z","volume":100000,"price":0.465,"category":"bbear"},{"type":"B","date":"2018-03-19T06:40:19.000Z","volume":74000,"price":0.465,"category":"bbear"},{"type":"B","date":"2018-03-19T06:24:14.000Z","volume":74000,"price":0.465,"category":"bbear"},{"type":"B","date":"2018-03-19T05:22:46.000Z","volume":100000,"price":0.47,"category":"bbear"},{"type":"B","date":"2018-03-19T03:26:31.000Z","volume":74000,"price":0.465,"category":"bbear"},{"type":"B","date":"2018-03-19T02:42:22.000Z","volume":100000,"price":0.465,"category":"bbear"},{"type":"B","date":"2018-03-19T02:40:26.000Z","volume":120000,"price":0.47,"category":"bbear"},{"type":"B","date":"2018-03-19T02:13:49.000Z","volume":70000,"price":0.47,"category":"bbear"},{"type":"B","date":"2018-03-19T01:59:33.000Z","volume":74000,"price":0.475,"category":"bbear"},{"type":"B","date":"2018-03-19T01:46:36.000Z","volume":72000,"price":0.47,"category":"bbear"},{"type":"B","date":"2018-03-19T07:59:10.000Z","volume":166000,"price":0.465,"category":"ubbear"},{"type":"B","date":"2018-03-19T07:59:10.000Z","volume":166000,"price":0.465,"category":"ubbear"},{"type":"B","date":"2018-03-19T07:51:37.000Z","volume":500000,"price":0.465,"category":"ubbear"},{"type":"B","date":"2018-03-19T02:18:34.000Z","volume":300000,"price":0.465,"category":"ubbear"},{"type":"B","date":"2018-03-19T02:14:04.000Z","volume":354000,"price":0.47,"category":"ubbear"}]