[{"type":"U","date":"2018-04-26T01:20:00.000Z","volume":218000,"label":"U","price":3.53},{"type":"A","date":"2018-04-26T01:30:06.000Z","volume":10000,"label":" ","price":3.55},{"type":"A","date":"2018-04-26T01:30:08.000Z","volume":2000,"label":" ","price":3.55},{"type":"B","date":"2018-04-26T01:33:15.000Z","volume":2000,"label":" ","price":3.54},{"type":"B","date":"2018-04-26T01:34:47.000Z","volume":4000,"label":"Y","price":3.54},{"type":"B","date":"2018-04-26T01:34:47.000Z","volume":6000,"label":" ","price":3.54},{"type":"A","date":"2018-04-26T01:36:36.000Z","volume":10000,"label":" ","price":3.55},{"type":"A","date":"2018-04-26T01:38:30.000Z","volume":10000,"label":" ","price":3.55},{"type":"A","date":"2018-04-26T01:40:22.000Z","volume":20000,"label":" ","price":3.55},{"type":"U","date":"2018-04-26T01:40:22.000Z","volume":2000,"label":"X","price":3.545},{"type":"A","date":"2018-04-26T01:40:47.000Z","volume":28000,"label":" ","price":3.55},{"type":"A","date":"2018-04-26T01:40:50.000Z","volume":2000,"label":" ","price":3.56},{"type":"A","date":"2018-04-26T01:40:50.000Z","volume":2000,"label":" ","price":3.56},{"type":"A","date":"2018-04-26T01:40:50.000Z","volume":2000,"label":" ","price":3.57},{"type":"B","date":"2018-04-26T01:40:50.000Z","volume":2000,"label":" ","price":3.57},{"type":"B","date":"2018-04-26T01:41:21.000Z","volume":26000,"label":" ","price":3.57},{"type":"B","date":"2018-04-26T01:44:10.000Z","volume":2000,"label":" ","price":3.55},{"type":"A","date":"2018-04-26T01:45:35.000Z","volume":2000,"label":" ","price":3.55},{"type":"A","date":"2018-04-26T01:45:35.000Z","volume":2000,"label":" ","price":3.55},{"type":"U","date":"2018-04-26T01:45:45.000Z","volume":2000,"label":"X","price":3.545},{"type":"A","date":"2018-04-26T01:47:51.000Z","volume":4000,"label":" ","price":3.55},{"type":"A","date":"2018-04-26T01:47:57.000Z","volume":14000,"label":" ","price":3.55},{"type":"A","date":"2018-04-26T01:47:57.000Z","volume":4000,"label":" ","price":3.56},{"type":"A","date":"2018-04-26T01:48:13.000Z","volume":2000,"label":" ","price":3.56},{"type":"A","date":"2018-04-26T01:48:30.000Z","volume":2000,"label":" ","price":3.56},{"type":"B","date":"2018-04-26T01:49:16.000Z","volume":2000,"label":" ","price":3.55},{"type":"B","date":"2018-04-26T01:49:33.000Z","volume":36000,"label":" ","price":3.55},{"type":"B","date":"2018-04-26T01:49:33.000Z","volume":6000,"label":" ","price":3.55},{"type":"A","date":"2018-04-26T01:56:30.000Z","volume":2000,"label":" ","price":3.55},{"type":"A","date":"2018-04-26T01:58:35.000Z","volume":74000,"label":" ","price":3.55},{"type":"U","date":"2018-04-26T01:58:35.000Z","volume":2000,"label":"X","price":3.555},{"type":"B","date":"2018-04-26T01:58:35.000Z","volume":4000,"label":" ","price":3.55},{"type":"U","date":"2018-04-26T01:58:35.000Z","volume":4000,"label":"X","price":3.555},{"type":"U","date":"2018-04-26T01:58:35.000Z","volume":4000,"label":"X","price":3.555},{"type":"B","date":"2018-04-26T01:58:36.000Z","volume":18000,"label":" ","price":3.55},{"type":"B","date":"2018-04-26T01:58:39.000Z","volume":12000,"label":" ","price":3.55},{"type":"B","date":"2018-04-26T01:58:42.000Z","volume":8000,"label":" ","price":3.55},{"type":"U","date":"2018-04-26T01:59:51.000Z","volume":4000,"label":"X","price":3.555},{"type":"B","date":"2018-04-26T02:00:36.000Z","volume":16000,"label":" ","price":3.55},{"type":"U","date":"2018-04-26T02:00:58.000Z","volume":2000,"label":"X","price":3.55},{"type":"B","date":"2018-04-26T02:01:53.000Z","volume":10000,"label":"Y","price":3.54},{"type":"B","date":"2018-04-26T02:01:53.000Z","volume":20000,"label":" ","price":3.54},{"type":"B","date":"2018-04-26T02:03:37.000Z","volume":2000,"label":"Y","price":3.55},{"type":"B","date":"2018-04-26T02:03:37.000Z","volume":4000,"label":" ","price":3.55},{"type":"U","date":"2018-04-26T02:04:25.000Z","volume":4000,"label":"X","price":3.555},{"type":"B","date":"2018-04-26T02:06:09.000Z","volume":8000,"label":" ","price":3.55},{"type":"A","date":"2018-04-26T02:07:08.000Z","volume":2000,"label":" ","price":3.56},{"type":"B","date":"2018-04-26T02:09:09.000Z","volume":10000,"label":" ","price":3.55},{"type":"B","date":"2018-04-26T02:09:35.000Z","volume":2000,"label":" ","price":3.55},{"type":"U","date":"2018-04-26T02:09:35.000Z","volume":4000,"label":"X","price":3.555},{"type":"B","date":"2018-04-26T02:10:14.000Z","volume":2000,"label":" ","price":3.55},{"type":"B","date":"2018-04-26T02:10:17.000Z","volume":4000,"label":" ","price":3.55},{"type":"B","date":"2018-04-26T02:11:16.000Z","volume":2000,"label":" ","price":3.55},{"type":"A","date":"2018-04-26T02:12:07.000Z","volume":2000,"label":" ","price":3.56},{"type":"U","date":"2018-04-26T02:13:35.000Z","volume":2000,"label":"X","price":3.555},{"type":"B","date":"2018-04-26T02:14:16.000Z","volume":2000,"label":"Y","price":3.55},{"type":"B","date":"2018-04-26T02:14:16.000Z","volume":6000,"label":" ","price":3.55},{"type":"U","date":"2018-04-26T02:15:10.000Z","volume":4000,"label":"X","price":3.555},{"type":"A","date":"2018-04-26T02:17:57.000Z","volume":2000,"label":" ","price":3.56},{"type":"A","date":"2018-04-26T02:18:39.000Z","volume":2000,"label":" ","price":3.56},{"type":"B","date":"2018-04-26T02:19:05.000Z","volume":14000,"label":"Y","price":3.55},{"type":"B","date":"2018-04-26T02:19:05.000Z","volume":6000,"label":" ","price":3.55},{"type":"A","date":"2018-04-26T02:26:13.000Z","volume":2000,"label":" ","price":3.55},{"type":"A","date":"2018-04-26T02:26:22.000Z","volume":4000,"label":" ","price":3.55},{"type":"A","date":"2018-04-26T02:28:56.000Z","volume":2000,"label":" ","price":3.55},{"type":"B","date":"2018-04-26T02:29:13.000Z","volume":2000,"label":" ","price":3.54},{"type":"B","date":"2018-04-26T02:30:02.000Z","volume":2000,"label":"Y","price":3.54},{"type":"B","date":"2018-04-26T02:30:02.000Z","volume":6000,"label":" ","price":3.54},{"type":"B","date":"2018-04-26T02:31:49.000Z","volume":4000,"label":" ","price":3.54},{"type":"B","date":"2018-04-26T02:31:55.000Z","volume":2000,"label":" ","price":3.54},{"type":"B","date":"2018-04-26T02:32:13.000Z","volume":8000,"label":" ","price":3.54},{"type":"B","date":"2018-04-26T02:32:19.000Z","volume":4000,"label":" ","price":3.54},{"type":"A","date":"2018-04-26T02:33:48.000Z","volume":2000,"label":" ","price":3.55},{"type":"A","date":"2018-04-26T02:33:58.000Z","volume":2000,"label":" ","price":3.55},{"type":"A","date":"2018-04-26T02:36:58.000Z","volume":2000,"label":" ","price":3.55},{"type":"B","date":"2018-04-26T02:37:08.000Z","volume":8000,"label":" ","price":3.54},{"type":"A","date":"2018-04-26T02:39:46.000Z","volume":2000,"label":" ","price":3.55},{"type":"A","date":"2018-04-26T02:41:28.000Z","volume":2000,"label":" ","price":3.55},{"type":"A","date":"2018-04-26T02:41:35.000Z","volume":2000,"label":" ","price":3.55},{"type":"A","date":"2018-04-26T02:41:50.000Z","volume":2000,"label":"Y","price":3.55},{"type":"A","date":"2018-04-26T02:41:50.000Z","volume":2000,"label":" ","price":3.55},{"type":"A","date":"2018-04-26T02:41:50.000Z","volume":4000,"label":" ","price":3.55},{"type":"A","date":"2018-04-26T02:43:22.000Z","volume":2000,"label":" ","price":3.55},{"type":"A","date":"2018-04-26T02:46:39.000Z","volume":2000,"label":" ","price":3.55},{"type":"A","date":"2018-04-26T02:47:29.000Z","volume":2000,"label":" ","price":3.55},{"type":"A","date":"2018-04-26T02:48:36.000Z","volume":2000,"label":" ","price":3.55},{"type":"A","date":"2018-04-26T02:51:05.000Z","volume":2000,"label":" ","price":3.55},{"type":"A","date":"2018-04-26T02:51:05.000Z","volume":4000,"label":" ","price":3.55},{"type":"U","date":"2018-04-26T02:51:05.000Z","volume":2000,"label":"X","price":3.545},{"type":"A","date":"2018-04-26T02:51:05.000Z","volume":4000,"label":" ","price":3.55},{"type":"A","date":"2018-04-26T02:51:28.000Z","volume":4000,"label":" ","price":3.55},{"type":"A","date":"2018-04-26T02:51:45.000Z","volume":2000,"label":" ","price":3.55},{"type":"A","date":"2018-04-26T02:54:24.000Z","volume":4000,"label":" ","price":3.55},{"type":"A","date":"2018-04-26T02:54:59.000Z","volume":2000,"label":" ","price":3.55},{"type":"B","date":"2018-04-26T02:56:18.000Z","volume":2000,"label":" ","price":3.54},{"type":"A","date":"2018-04-26T02:57:26.000Z","volume":2000,"label":" ","price":3.55},{"type":"A","date":"2018-04-26T02:57:27.000Z","volume":6000,"label":" ","price":3.55},{"type":"A","date":"2018-04-26T02:58:40.000Z","volume":2000,"label":" ","price":3.55},{"type":"A","date":"2018-04-26T03:01:17.000Z","volume":4000,"label":" ","price":3.55},{"type":"B","date":"2018-04-26T03:01:19.000Z","volume":2000,"label":" ","price":3.54},{"type":"A","date":"2018-04-26T03:01:32.000Z","volume":2000,"label":" ","price":3.55},{"type":"A","date":"2018-04-26T03:01:36.000Z","volume":8000,"label":" ","price":3.55},{"type":"A","date":"2018-04-26T03:02:00.000Z","volume":8000,"label":" ","price":3.55},{"type":"A","date":"2018-04-26T03:02:17.000Z","volume":4000,"label":" ","price":3.55},{"type":"A","date":"2018-04-26T03:02:20.000Z","volume":2000,"label":" ","price":3.55},{"type":"A","date":"2018-04-26T03:02:50.000Z","volume":4000,"label":"Y","price":3.55},{"type":"A","date":"2018-04-26T03:02:50.000Z","volume":4000,"label":"Y","price":3.55},{"type":"A","date":"2018-04-26T03:04:23.000Z","volume":4000,"label":" ","price":3.55},{"type":"A","date":"2018-04-26T03:04:42.000Z","volume":30000,"label":" ","price":3.55},{"type":"A","date":"2018-04-26T03:06:16.000Z","volume":2000,"label":" ","price":3.55},{"type":"U","date":"2018-04-26T03:06:53.000Z","volume":2000,"label":"X","price":3.55},{"type":"A","date":"2018-04-26T03:08:34.000Z","volume":2000,"label":" ","price":3.55},{"type":"A","date":"2018-04-26T03:08:49.000Z","volume":4000,"label":" ","price":3.55},{"type":"A","date":"2018-04-26T03:09:59.000Z","volume":2000,"label":" ","price":3.55},{"type":"A","date":"2018-04-26T03:10:31.000Z","volume":10000,"label":" ","price":3.55},{"type":"B","date":"2018-04-26T03:11:42.000Z","volume":6000,"label":" ","price":3.54},{"type":"A","date":"2018-04-26T03:11:48.000Z","volume":2000,"label":" ","price":3.55},{"type":"A","date":"2018-04-26T03:12:23.000Z","volume":2000,"label":" ","price":3.55},{"type":"A","date":"2018-04-26T03:12:50.000Z","volume":4000,"label":" ","price":3.55},{"type":"A","date":"2018-04-26T03:12:50.000Z","volume":4000,"label":" ","price":3.55},{"type":"A","date":"2018-04-26T03:12:54.000Z","volume":6000,"label":" ","price":3.55},{"type":"A","date":"2018-04-26T03:12:59.000Z","volume":2000,"label":" ","price":3.55},{"type":"A","date":"2018-04-26T03:14:30.000Z","volume":2000,"label":"Y","price":3.55},{"type":"A","date":"2018-04-26T03:14:30.000Z","volume":2000,"label":" ","price":3.55},{"type":"A","date":"2018-04-26T03:15:02.000Z","volume":2000,"label":" ","price":3.55},{"type":"A","date":"2018-04-26T03:15:06.000Z","volume":2000,"label":" ","price":3.55},{"type":"A","date":"2018-04-26T03:18:05.000Z","volume":6000,"label":"Y","price":3.55},{"type":"A","date":"2018-04-26T03:18:05.000Z","volume":6000,"label":"Y","price":3.55},{"type":"A","date":"2018-04-26T03:18:07.000Z","volume":4000,"label":" ","price":3.55},{"type":"A","date":"2018-04-26T03:20:12.000Z","volume":2000,"label":" ","price":3.55},{"type":"A","date":"2018-04-26T03:22:00.000Z","volume":2000,"label":" ","price":3.55},{"type":"A","date":"2018-04-26T03:23:35.000Z","volume":2000,"label":"Y","price":3.55},{"type":"A","date":"2018-04-26T03:23:35.000Z","volume":2000,"label":" ","price":3.55},{"type":"A","date":"2018-04-26T03:23:56.000Z","volume":2000,"label":" ","price":3.55},{"type":"A","date":"2018-04-26T03:26:00.000Z","volume":2000,"label":" ","price":3.55},{"type":"A","date":"2018-04-26T03:28:33.000Z","volume":2000,"label":" ","price":3.55},{"type":"A","date":"2018-04-26T03:28:35.000Z","volume":4000,"label":"Y","price":3.55},{"type":"A","date":"2018-04-26T03:29:03.000Z","volume":2000,"label":" ","price":3.55},{"type":"B","date":"2018-04-26T03:29:46.000Z","volume":2000,"label":" ","price":3.54},{"type":"A","date":"2018-04-26T03:30:01.000Z","volume":2000,"label":" ","price":3.55},{"type":"A","date":"2018-04-26T03:30:40.000Z","volume":2000,"label":" ","price":3.55},{"type":"B","date":"2018-04-26T03:32:25.000Z","volume":24000,"label":" ","price":3.54},{"type":"B","date":"2018-04-26T03:32:25.000Z","volume":26000,"label":" ","price":3.54},{"type":"A","date":"2018-04-26T03:32:46.000Z","volume":2000,"label":" ","price":3.55},{"type":"A","date":"2018-04-26T03:33:00.000Z","volume":2000,"label":" ","price":3.55},{"type":"B","date":"2018-04-26T03:34:19.000Z","volume":2000,"label":" ","price":3.54},{"type":"A","date":"2018-04-26T03:35:53.000Z","volume":2000,"label":" ","price":3.55},{"type":"A","date":"2018-04-26T03:36:00.000Z","volume":2000,"label":" ","price":3.55},{"type":"A","date":"2018-04-26T03:36:18.000Z","volume":2000,"label":" ","price":3.55},{"type":"A","date":"2018-04-26T03:36:35.000Z","volume":4000,"label":" ","price":3.55},{"type":"A","date":"2018-04-26T03:36:35.000Z","volume":4000,"label":" ","price":3.55},{"type":"A","date":"2018-04-26T03:38:30.000Z","volume":2000,"label":" ","price":3.55},{"type":"A","date":"2018-04-26T03:40:01.000Z","volume":2000,"label":" ","price":3.55},{"type":"A","date":"2018-04-26T03:41:00.000Z","volume":2000,"label":" ","price":3.55},{"type":"A","date":"2018-04-26T03:41:15.000Z","volume":4000,"label":" ","price":3.55},{"type":"A","date":"2018-04-26T03:41:26.000Z","volume":2000,"label":" ","price":3.55},{"type":"B","date":"2018-04-26T03:41:44.000Z","volume":36000,"label":" ","price":3.54},{"type":"A","date":"2018-04-26T03:43:31.000Z","volume":2000,"label":" ","price":3.55},{"type":"A","date":"2018-04-26T03:43:31.000Z","volume":2000,"label":" ","price":3.55},{"type":"A","date":"2018-04-26T03:45:05.000Z","volume":2000,"label":" ","price":3.55},{"type":"A","date":"2018-04-26T03:45:05.000Z","volume":2000,"label":" ","price":3.55},{"type":"A","date":"2018-04-26T03:45:05.000Z","volume":4000,"label":" ","price":3.55},{"type":"A","date":"2018-04-26T03:45:57.000Z","volume":2000,"label":" ","price":3.55},{"type":"A","date":"2018-04-26T03:46:30.000Z","volume":2000,"label":" ","price":3.55},{"type":"A","date":"2018-04-26T03:47:01.000Z","volume":2000,"label":" ","price":3.55},{"type":"A","date":"2018-04-26T03:49:00.000Z","volume":2000,"label":" ","price":3.55},{"type":"A","date":"2018-04-26T03:50:02.000Z","volume":2000,"label":" ","price":3.55},{"type":"A","date":"2018-04-26T03:50:06.000Z","volume":2000,"label":" ","price":3.55},{"type":"A","date":"2018-04-26T03:50:38.000Z","volume":2000,"label":" ","price":3.55},{"type":"A","date":"2018-04-26T03:51:20.000Z","volume":2000,"label":" ","price":3.55},{"type":"A","date":"2018-04-26T03:52:39.000Z","volume":2000,"label":" ","price":3.55},{"type":"A","date":"2018-04-26T03:52:45.000Z","volume":2000,"label":" ","price":3.55},{"type":"A","date":"2018-04-26T03:53:02.000Z","volume":2000,"label":" ","price":3.55},{"type":"A","date":"2018-04-26T03:53:20.000Z","volume":4000,"label":" ","price":3.55},{"type":"A","date":"2018-04-26T03:55:06.000Z","volume":4000,"label":" ","price":3.55},{"type":"A","date":"2018-04-26T03:56:02.000Z","volume":2000,"label":" ","price":3.55},{"type":"A","date":"2018-04-26T03:56:26.000Z","volume":2000,"label":" ","price":3.55},{"type":"B","date":"2018-04-26T03:57:21.000Z","volume":2000,"label":" ","price":3.54},{"type":"A","date":"2018-04-26T03:58:01.000Z","volume":2000,"label":" ","price":3.55},{"type":"A","date":"2018-04-26T03:58:05.000Z","volume":2000,"label":" ","price":3.55},{"type":"A","date":"2018-04-26T03:58:46.000Z","volume":2000,"label":" ","price":3.55},{"type":"A","date":"2018-04-26T03:59:16.000Z","volume":2000,"label":" ","price":3.55},{"type":"A","date":"2018-04-26T03:59:27.000Z","volume":2000,"label":" ","price":3.55},{"type":"B","date":"2018-04-26T05:00:01.000Z","volume":2000,"label":" ","price":3.54},{"type":"U","date":"2018-04-26T05:00:03.000Z","volume":400,"label":"D","price":3.59},{"type":"A","date":"2018-04-26T05:01:11.000Z","volume":2000,"label":" ","price":3.55},{"type":"B","date":"2018-04-26T05:01:26.000Z","volume":2000,"label":" ","price":3.54},{"type":"B","date":"2018-04-26T05:01:57.000Z","volume":2000,"label":" ","price":3.54},{"type":"A","date":"2018-04-26T05:02:50.000Z","volume":2000,"label":" ","price":3.55},{"type":"A","date":"2018-04-26T05:04:08.000Z","volume":2000,"label":" ","price":3.55},{"type":"A","date":"2018-04-26T05:04:30.000Z","volume":4000,"label":" ","price":3.55},{"type":"A","date":"2018-04-26T05:05:11.000Z","volume":2000,"label":" ","price":3.55},{"type":"A","date":"2018-04-26T05:05:24.000Z","volume":8000,"label":" ","price":3.55},{"type":"A","date":"2018-04-26T05:07:04.000Z","volume":2000,"label":" ","price":3.55},{"type":"A","date":"2018-04-26T05:07:06.000Z","volume":8000,"label":" ","price":3.55},{"type":"A","date":"2018-04-26T05:07:07.000Z","volume":14000,"label":" ","price":3.55},{"type":"A","date":"2018-04-26T05:09:11.000Z","volume":4000,"label":" ","price":3.55},{"type":"A","date":"2018-04-26T05:09:26.000Z","volume":2000,"label":" ","price":3.55},{"type":"A","date":"2018-04-26T05:09:29.000Z","volume":4000,"label":" ","price":3.55},{"type":"A","date":"2018-04-26T05:10:20.000Z","volume":2000,"label":" ","price":3.55},{"type":"A","date":"2018-04-26T05:10:21.000Z","volume":2000,"label":" ","price":3.55},{"type":"B","date":"2018-04-26T05:10:51.000Z","volume":2000,"label":" ","price":3.54},{"type":"A","date":"2018-04-26T05:11:20.000Z","volume":2000,"label":" ","price":3.55},{"type":"A","date":"2018-04-26T05:11:32.000Z","volume":4000,"label":" ","price":3.55},{"type":"A","date":"2018-04-26T05:11:32.000Z","volume":6000,"label":" ","price":3.55},{"type":"A","date":"2018-04-26T05:12:16.000Z","volume":4000,"label":" ","price":3.55},{"type":"A","date":"2018-04-26T05:12:45.000Z","volume":2000,"label":" ","price":3.55},{"type":"B","date":"2018-04-26T05:13:02.000Z","volume":4000,"label":" ","price":3.54},{"type":"A","date":"2018-04-26T05:14:11.000Z","volume":2000,"label":" ","price":3.55},{"type":"A","date":"2018-04-26T05:15:19.000Z","volume":4000,"label":" ","price":3.55},{"type":"A","date":"2018-04-26T05:15:23.000Z","volume":6000,"label":" ","price":3.55},{"type":"A","date":"2018-04-26T05:15:56.000Z","volume":2000,"label":" ","price":3.55},{"type":"A","date":"2018-04-26T05:17:29.000Z","volume":6000,"label":" ","price":3.55},{"type":"A","date":"2018-04-26T05:17:53.000Z","volume":2000,"label":" ","price":3.55},{"type":"A","date":"2018-04-26T05:18:24.000Z","volume":2000,"label":" ","price":3.55},{"type":"A","date":"2018-04-26T05:19:38.000Z","volume":4000,"label":" ","price":3.55},{"type":"U","date":"2018-04-26T05:19:50.000Z","volume":2000,"label":"X","price":3.55},{"type":"A","date":"2018-04-26T05:20:21.000Z","volume":2000,"label":" ","price":3.55},{"type":"A","date":"2018-04-26T05:20:22.000Z","volume":2000,"label":" ","price":3.55},{"type":"A","date":"2018-04-26T05:20:23.000Z","volume":2000,"label":" ","price":3.55},{"type":"A","date":"2018-04-26T05:20:38.000Z","volume":2000,"label":" ","price":3.55},{"type":"A","date":"2018-04-26T05:22:14.000Z","volume":2000,"label":" ","price":3.55},{"type":"A","date":"2018-04-26T05:22:26.000Z","volume":2000,"label":" ","price":3.55},{"type":"A","date":"2018-04-26T05:22:37.000Z","volume":4000,"label":" ","price":3.55},{"type":"A","date":"2018-04-26T05:23:47.000Z","volume":4000,"label":" ","price":3.55},{"type":"A","date":"2018-04-26T05:23:47.000Z","volume":4000,"label":" ","price":3.55},{"type":"A","date":"2018-04-26T05:24:09.000Z","volume":6000,"label":" ","price":3.55},{"type":"B","date":"2018-04-26T05:24:22.000Z","volume":2000,"label":" ","price":3.54},{"type":"B","date":"2018-04-26T05:24:22.000Z","volume":200000,"label":" ","price":3.54},{"type":"B","date":"2018-04-26T05:24:22.000Z","volume":4000,"label":"Y","price":3.54},{"type":"B","date":"2018-04-26T05:24:22.000Z","volume":24000,"label":" ","price":3.54},{"type":"A","date":"2018-04-26T05:24:22.000Z","volume":4000,"label":" ","price":3.55},{"type":"U","date":"2018-04-26T05:25:05.000Z","volume":2000,"label":" ","price":3.54},{"type":"B","date":"2018-04-26T05:25:52.000Z","volume":4000,"label":" ","price":3.54},{"type":"B","date":"2018-04-26T05:26:04.000Z","volume":4000,"label":" ","price":3.54},{"type":"B","date":"2018-04-26T05:32:21.000Z","volume":2000,"label":" ","price":3.54},{"type":"B","date":"2018-04-26T05:32:22.000Z","volume":6000,"label":" ","price":3.54},{"type":"B","date":"2018-04-26T05:34:17.000Z","volume":10000,"label":" ","price":3.54},{"type":"A","date":"2018-04-26T05:35:17.000Z","volume":4000,"label":" ","price":3.55},{"type":"U","date":"2018-04-26T05:35:26.000Z","volume":2000,"label":"X","price":3.55},{"type":"B","date":"2018-04-26T05:37:16.000Z","volume":10000,"label":" ","price":3.54},{"type":"B","date":"2018-04-26T05:37:24.000Z","volume":2000,"label":" ","price":3.54},{"type":"A","date":"2018-04-26T05:38:41.000Z","volume":30000,"label":" ","price":3.55},{"type":"B","date":"2018-04-26T05:39:21.000Z","volume":6000,"label":" ","price":3.54},{"type":"B","date":"2018-04-26T05:39:22.000Z","volume":2000,"label":" ","price":3.53},{"type":"B","date":"2018-04-26T05:39:22.000Z","volume":2000,"label":" ","price":3.53},{"type":"B","date":"2018-04-26T05:39:22.000Z","volume":2000,"label":" ","price":3.53},{"type":"B","date":"2018-04-26T05:39:22.000Z","volume":2000,"label":" ","price":3.53},{"type":"B","date":"2018-04-26T05:39:22.000Z","volume":2000,"label":" ","price":3.53},{"type":"B","date":"2018-04-26T05:39:23.000Z","volume":2000,"label":" ","price":3.53},{"type":"U","date":"2018-04-26T05:40:17.000Z","volume":4000,"label":"X","price":3.54},{"type":"A","date":"2018-04-26T05:40:26.000Z","volume":2000,"label":" ","price":3.55},{"type":"B","date":"2018-04-26T05:40:30.000Z","volume":2000,"label":" ","price":3.53},{"type":"B","date":"2018-04-26T05:40:32.000Z","volume":2000,"label":" ","price":3.53},{"type":"B","date":"2018-04-26T05:40:34.000Z","volume":2000,"label":" ","price":3.53},{"type":"U","date":"2018-04-26T05:40:34.000Z","volume":2000,"label":" ","price":3.54},{"type":"B","date":"2018-04-26T05:40:35.000Z","volume":4000,"label":" ","price":3.53},{"type":"B","date":"2018-04-26T05:40:36.000Z","volume":6000,"label":" ","price":3.53},{"type":"B","date":"2018-04-26T05:40:36.000Z","volume":4000,"label":" ","price":3.53},{"type":"B","date":"2018-04-26T05:40:37.000Z","volume":12000,"label":" ","price":3.53},{"type":"B","date":"2018-04-26T05:40:38.000Z","volume":6000,"label":" ","price":3.53},{"type":"B","date":"2018-04-26T05:40:39.000Z","volume":2000,"label":" ","price":3.53},{"type":"B","date":"2018-04-26T05:40:40.000Z","volume":2000,"label":" ","price":3.53},{"type":"B","date":"2018-04-26T05:40:45.000Z","volume":16000,"label":" ","price":3.53},{"type":"B","date":"2018-04-26T05:40:46.000Z","volume":10000,"label":" ","price":3.53},{"type":"B","date":"2018-04-26T05:40:46.000Z","volume":10000,"label":" ","price":3.53},{"type":"B","date":"2018-04-26T05:40:46.000Z","volume":2000,"label":" ","price":3.53},{"type":"B","date":"2018-04-26T05:40:46.000Z","volume":6000,"label":" ","price":3.53},{"type":"B","date":"2018-04-26T05:40:47.000Z","volume":10000,"label":" ","price":3.53},{"type":"B","date":"2018-04-26T05:40:47.000Z","volume":4000,"label":" ","price":3.53},{"type":"B","date":"2018-04-26T05:40:47.000Z","volume":4000,"label":" ","price":3.53},{"type":"B","date":"2018-04-26T05:40:48.000Z","volume":4000,"label":" ","price":3.53},{"type":"B","date":"2018-04-26T05:41:00.000Z","volume":30000,"label":" ","price":3.53},{"type":"B","date":"2018-04-26T05:41:01.000Z","volume":20000,"label":" ","price":3.53},{"type":"B","date":"2018-04-26T05:41:01.000Z","volume":10000,"label":" ","price":3.53},{"type":"B","date":"2018-04-26T05:41:01.000Z","volume":10000,"label":" ","price":3.53},{"type":"B","date":"2018-04-26T05:41:01.000Z","volume":2000,"label":" ","price":3.53},{"type":"B","date":"2018-04-26T05:41:01.000Z","volume":2000,"label":" ","price":3.53},{"type":"B","date":"2018-04-26T05:41:01.000Z","volume":4000,"label":" ","price":3.53},{"type":"B","date":"2018-04-26T05:41:01.000Z","volume":6000,"label":" ","price":3.53},{"type":"B","date":"2018-04-26T05:41:01.000Z","volume":154000,"label":" ","price":3.53},{"type":"B","date":"2018-04-26T05:41:02.000Z","volume":14000,"label":" ","price":3.52},{"type":"B","date":"2018-04-26T05:41:02.000Z","volume":86000,"label":" ","price":3.51},{"type":"B","date":"2018-04-26T05:41:02.000Z","volume":8000,"label":" ","price":3.5},{"type":"B","date":"2018-04-26T05:41:02.000Z","volume":2000,"label":" ","price":3.51},{"type":"B","date":"2018-04-26T05:41:02.000Z","volume":4000,"label":" ","price":3.5},{"type":"B","date":"2018-04-26T05:41:02.000Z","volume":74000,"label":" ","price":3.5},{"type":"B","date":"2018-04-26T05:41:02.000Z","volume":8000,"label":" ","price":3.5},{"type":"B","date":"2018-04-26T05:41:02.000Z","volume":2000,"label":" ","price":3.5},{"type":"B","date":"2018-04-26T05:41:02.000Z","volume":38000,"label":" ","price":3.5},{"type":"B","date":"2018-04-26T05:41:03.000Z","volume":44000,"label":" ","price":3.5},{"type":"B","date":"2018-04-26T05:41:04.000Z","volume":14000,"label":" ","price":3.5},{"type":"B","date":"2018-04-26T05:41:05.000Z","volume":22000,"label":" ","price":3.5},{"type":"B","date":"2018-04-26T05:41:06.000Z","volume":20000,"label":" ","price":3.5},{"type":"B","date":"2018-04-26T05:41:06.000Z","volume":168000,"label":" ","price":3.5},{"type":"B","date":"2018-04-26T05:41:07.000Z","volume":94000,"label":" ","price":3.5},{"type":"B","date":"2018-04-26T05:41:07.000Z","volume":82000,"label":" ","price":3.5},{"type":"B","date":"2018-04-26T05:41:07.000Z","volume":12000,"label":"Y","price":3.5},{"type":"B","date":"2018-04-26T05:41:07.000Z","volume":76000,"label":" ","price":3.5},{"type":"B","date":"2018-04-26T05:41:07.000Z","volume":40000,"label":" ","price":3.5},{"type":"A","date":"2018-04-26T05:41:11.000Z","volume":38000,"label":" ","price":3.5},{"type":"A","date":"2018-04-26T05:42:02.000Z","volume":4000,"label":" ","price":3.5},{"type":"A","date":"2018-04-26T05:42:54.000Z","volume":4000,"label":" ","price":3.5},{"type":"B","date":"2018-04-26T05:45:03.000Z","volume":2000,"label":" ","price":3.49},{"type":"B","date":"2018-04-26T05:45:21.000Z","volume":32000,"label":" ","price":3.49},{"type":"B","date":"2018-04-26T05:45:21.000Z","volume":6000,"label":" ","price":3.49},{"type":"B","date":"2018-04-26T05:45:41.000Z","volume":18000,"label":" ","price":3.49},{"type":"B","date":"2018-04-26T05:46:29.000Z","volume":14000,"label":" ","price":3.49},{"type":"B","date":"2018-04-26T05:46:50.000Z","volume":14000,"label":" ","price":3.49},{"type":"B","date":"2018-04-26T05:46:50.000Z","volume":10000,"label":" ","price":3.49},{"type":"B","date":"2018-04-26T05:48:53.000Z","volume":10000,"label":" ","price":3.49},{"type":"A","date":"2018-04-26T05:49:34.000Z","volume":10000,"label":" ","price":3.5},{"type":"B","date":"2018-04-26T05:50:23.000Z","volume":136000,"label":" ","price":3.49},{"type":"A","date":"2018-04-26T05:50:23.000Z","volume":14000,"label":" ","price":3.49},{"type":"U","date":"2018-04-26T05:50:46.000Z","volume":2000,"label":"X","price":3.49},{"type":"A","date":"2018-04-26T05:51:50.000Z","volume":20000,"label":" ","price":3.49},{"type":"A","date":"2018-04-26T05:53:21.000Z","volume":10000,"label":" ","price":3.49},{"type":"B","date":"2018-04-26T05:56:54.000Z","volume":50000,"label":" ","price":3.48},{"type":"B","date":"2018-04-26T05:56:54.000Z","volume":14000,"label":" ","price":3.48},{"type":"B","date":"2018-04-26T05:56:55.000Z","volume":30000,"label":" ","price":3.48},{"type":"B","date":"2018-04-26T05:56:55.000Z","volume":24000,"label":" ","price":3.48},{"type":"B","date":"2018-04-26T05:56:55.000Z","volume":30000,"label":" ","price":3.47},{"type":"B","date":"2018-04-26T05:56:55.000Z","volume":28000,"label":" ","price":3.47},{"type":"B","date":"2018-04-26T05:56:55.000Z","volume":2000,"label":" ","price":3.46},{"type":"B","date":"2018-04-26T05:56:55.000Z","volume":6000,"label":" ","price":3.46},{"type":"B","date":"2018-04-26T05:56:55.000Z","volume":4000,"label":"Y","price":3.46},{"type":"B","date":"2018-04-26T05:56:55.000Z","volume":14000,"label":" ","price":3.46},{"type":"B","date":"2018-04-26T05:56:55.000Z","volume":6000,"label":"Y","price":3.45},{"type":"B","date":"2018-04-26T05:56:55.000Z","volume":12000,"label":" ","price":3.45},{"type":"B","date":"2018-04-26T05:56:55.000Z","volume":2000,"label":"Y","price":3.45},{"type":"B","date":"2018-04-26T05:56:55.000Z","volume":2000,"label":" ","price":3.45},{"type":"B","date":"2018-04-26T05:56:55.000Z","volume":10000,"label":" ","price":3.45},{"type":"B","date":"2018-04-26T05:56:55.000Z","volume":16000,"label":" ","price":3.45},{"type":"B","date":"2018-04-26T05:56:55.000Z","volume":8000,"label":" ","price":3.45},{"type":"B","date":"2018-04-26T05:56:55.000Z","volume":2000,"label":" ","price":3.44},{"type":"B","date":"2018-04-26T05:56:55.000Z","volume":4000,"label":" ","price":3.44},{"type":"B","date":"2018-04-26T05:56:55.000Z","volume":44000,"label":" ","price":3.44},{"type":"B","date":"2018-04-26T05:56:55.000Z","volume":22000,"label":" ","price":3.44},{"type":"B","date":"2018-04-26T05:56:55.000Z","volume":10000,"label":" ","price":3.44},{"type":"B","date":"2018-04-26T05:56:55.000Z","volume":6000,"label":" ","price":3.44},{"type":"B","date":"2018-04-26T05:56:55.000Z","volume":2000,"label":" ","price":3.45},{"type":"B","date":"2018-04-26T05:56:55.000Z","volume":60000,"label":" ","price":3.44},{"type":"B","date":"2018-04-26T05:56:55.000Z","volume":34000,"label":" ","price":3.44},{"type":"B","date":"2018-04-26T05:56:55.000Z","volume":64000,"label":" ","price":3.44},{"type":"U","date":"2018-04-26T05:56:55.000Z","volume":14000,"label":" ","price":3.45},{"type":"U","date":"2018-04-26T05:56:55.000Z","volume":52000,"label":" ","price":3.45},{"type":"B","date":"2018-04-26T05:56:55.000Z","volume":32000,"label":" ","price":3.44},{"type":"B","date":"2018-04-26T05:56:55.000Z","volume":42000,"label":" ","price":3.44},{"type":"B","date":"2018-04-26T05:56:55.000Z","volume":62000,"label":" ","price":3.44},{"type":"U","date":"2018-04-26T05:56:55.000Z","volume":8000,"label":" ","price":3.44},{"type":"A","date":"2018-04-26T05:57:00.000Z","volume":2000,"label":" ","price":3.44},{"type":"A","date":"2018-04-26T05:57:00.000Z","volume":42000,"label":" ","price":3.45},{"type":"B","date":"2018-04-26T05:57:00.000Z","volume":4000,"label":" ","price":3.44},{"type":"A","date":"2018-04-26T05:57:03.000Z","volume":156000,"label":" ","price":3.44},{"type":"U","date":"2018-04-26T05:57:03.000Z","volume":8000,"label":" ","price":3.44},{"type":"U","date":"2018-04-26T05:57:03.000Z","volume":44000,"label":" ","price":3.44},{"type":"U","date":"2018-04-26T05:57:03.000Z","volume":10000,"label":" ","price":3.44},{"type":"A","date":"2018-04-26T05:57:03.000Z","volume":26000,"label":" ","price":3.44},{"type":"A","date":"2018-04-26T05:57:06.000Z","volume":26000,"label":" ","price":3.44},{"type":"A","date":"2018-04-26T05:57:21.000Z","volume":66000,"label":" ","price":3.44},{"type":"A","date":"2018-04-26T05:57:24.000Z","volume":66000,"label":" ","price":3.44},{"type":"A","date":"2018-04-26T05:57:49.000Z","volume":70000,"label":" ","price":3.44},{"type":"A","date":"2018-04-26T05:58:06.000Z","volume":26000,"label":" ","price":3.44},{"type":"A","date":"2018-04-26T05:58:07.000Z","volume":70000,"label":" ","price":3.44},{"type":"A","date":"2018-04-26T05:58:18.000Z","volume":28000,"label":" ","price":3.44},{"type":"B","date":"2018-04-26T05:58:29.000Z","volume":10000,"label":" ","price":3.43},{"type":"A","date":"2018-04-26T06:01:06.000Z","volume":50000,"label":" ","price":3.44},{"type":"A","date":"2018-04-26T06:01:30.000Z","volume":2000,"label":" ","price":3.44},{"type":"A","date":"2018-04-26T06:01:55.000Z","volume":12000,"label":" ","price":3.44},{"type":"A","date":"2018-04-26T06:02:09.000Z","volume":4000,"label":" ","price":3.44},{"type":"A","date":"2018-04-26T06:02:40.000Z","volume":50000,"label":"Y","price":3.44},{"type":"A","date":"2018-04-26T06:02:53.000Z","volume":10000,"label":" ","price":3.44},{"type":"A","date":"2018-04-26T06:03:00.000Z","volume":2000,"label":" ","price":3.44},{"type":"A","date":"2018-04-26T06:03:29.000Z","volume":30000,"label":" ","price":3.44},{"type":"A","date":"2018-04-26T06:04:06.000Z","volume":22000,"label":" ","price":3.44},{"type":"A","date":"2018-04-26T06:04:31.000Z","volume":2000,"label":" ","price":3.44},{"type":"A","date":"2018-04-26T06:04:46.000Z","volume":6000,"label":" ","price":3.44},{"type":"A","date":"2018-04-26T06:06:00.000Z","volume":2000,"label":" ","price":3.44},{"type":"A","date":"2018-04-26T06:06:09.000Z","volume":8000,"label":"Y","price":3.44},{"type":"A","date":"2018-04-26T06:06:24.000Z","volume":40000,"label":" ","price":3.44},{"type":"A","date":"2018-04-26T06:06:36.000Z","volume":20000,"label":"Y","price":3.44},{"type":"A","date":"2018-04-26T06:07:30.000Z","volume":2000,"label":" ","price":3.44},{"type":"A","date":"2018-04-26T06:07:50.000Z","volume":16000,"label":" ","price":3.44},{"type":"B","date":"2018-04-26T06:08:22.000Z","volume":2000,"label":" ","price":3.43},{"type":"A","date":"2018-04-26T06:08:56.000Z","volume":2000,"label":" ","price":3.44},{"type":"A","date":"2018-04-26T06:08:57.000Z","volume":10000,"label":" ","price":3.44},{"type":"A","date":"2018-04-26T06:09:00.000Z","volume":2000,"label":" ","price":3.44},{"type":"A","date":"2018-04-26T06:09:30.000Z","volume":2000,"label":" ","price":3.44},{"type":"A","date":"2018-04-26T06:09:51.000Z","volume":10000,"label":" ","price":3.44},{"type":"A","date":"2018-04-26T06:10:11.000Z","volume":2000,"label":" ","price":3.44},{"type":"A","date":"2018-04-26T06:10:31.000Z","volume":2000,"label":" ","price":3.44},{"type":"B","date":"2018-04-26T06:11:03.000Z","volume":40000,"label":" ","price":3.43},{"type":"A","date":"2018-04-26T06:11:03.000Z","volume":2000,"label":" ","price":3.44},{"type":"A","date":"2018-04-26T06:11:12.000Z","volume":6000,"label":" ","price":3.44},{"type":"A","date":"2018-04-26T06:11:29.000Z","volume":20000,"label":" ","price":3.44},{"type":"A","date":"2018-04-26T06:11:53.000Z","volume":14000,"label":" ","price":3.44},{"type":"A","date":"2018-04-26T06:12:00.000Z","volume":2000,"label":" ","price":3.44},{"type":"A","date":"2018-04-26T06:13:30.000Z","volume":2000,"label":" ","price":3.44},{"type":"A","date":"2018-04-26T06:14:01.000Z","volume":20000,"label":" ","price":3.44},{"type":"A","date":"2018-04-26T06:14:12.000Z","volume":4000,"label":" ","price":3.44},{"type":"A","date":"2018-04-26T06:14:24.000Z","volume":10000,"label":" ","price":3.44},{"type":"A","date":"2018-04-26T06:14:58.000Z","volume":2000,"label":" ","price":3.44},{"type":"A","date":"2018-04-26T06:15:00.000Z","volume":2000,"label":" ","price":3.44},{"type":"A","date":"2018-04-26T06:15:15.000Z","volume":50000,"label":" ","price":3.44},{"type":"A","date":"2018-04-26T06:15:25.000Z","volume":10000,"label":" ","price":3.44},{"type":"A","date":"2018-04-26T06:15:45.000Z","volume":4000,"label":" ","price":3.44},{"type":"A","date":"2018-04-26T06:15:55.000Z","volume":2000,"label":" ","price":3.44},{"type":"A","date":"2018-04-26T06:16:15.000Z","volume":2000,"label":" ","price":3.44},{"type":"A","date":"2018-04-26T06:16:31.000Z","volume":2000,"label":" ","price":3.44},{"type":"U","date":"2018-04-26T06:16:35.000Z","volume":2000,"label":"X","price":3.44},{"type":"A","date":"2018-04-26T06:17:20.000Z","volume":2000,"label":" ","price":3.44},{"type":"A","date":"2018-04-26T06:17:25.000Z","volume":20000,"label":" ","price":3.44},{"type":"A","date":"2018-04-26T06:17:37.000Z","volume":2000,"label":" ","price":3.44},{"type":"B","date":"2018-04-26T06:17:39.000Z","volume":70000,"label":" ","price":3.43},{"type":"A","date":"2018-04-26T06:19:30.000Z","volume":2000,"label":" ","price":3.44},{"type":"A","date":"2018-04-26T06:20:16.000Z","volume":2000,"label":" ","price":3.44},{"type":"A","date":"2018-04-26T06:21:06.000Z","volume":26000,"label":" ","price":3.44},{"type":"A","date":"2018-04-26T06:23:32.000Z","volume":2000,"label":" ","price":3.44},{"type":"A","date":"2018-04-26T06:23:49.000Z","volume":50000,"label":" ","price":3.44},{"type":"A","date":"2018-04-26T06:24:16.000Z","volume":4000,"label":"Y","price":3.44},{"type":"A","date":"2018-04-26T06:24:16.000Z","volume":6000,"label":" ","price":3.44},{"type":"A","date":"2018-04-26T06:24:31.000Z","volume":50000,"label":" ","price":3.44},{"type":"A","date":"2018-04-26T06:25:03.000Z","volume":2000,"label":" ","price":3.44},{"type":"A","date":"2018-04-26T06:25:17.000Z","volume":2000,"label":" ","price":3.44},{"type":"A","date":"2018-04-26T06:25:28.000Z","volume":2000,"label":" ","price":3.44},{"type":"A","date":"2018-04-26T06:25:34.000Z","volume":4000,"label":" ","price":3.44},{"type":"A","date":"2018-04-26T06:25:49.000Z","volume":100000,"label":" ","price":3.44},{"type":"A","date":"2018-04-26T06:25:49.000Z","volume":32000,"label":" ","price":3.44},{"type":"A","date":"2018-04-26T06:25:52.000Z","volume":2000,"label":" ","price":3.44},{"type":"A","date":"2018-04-26T06:26:02.000Z","volume":2000,"label":" ","price":3.44},{"type":"A","date":"2018-04-26T06:26:02.000Z","volume":4000,"label":" ","price":3.44},{"type":"A","date":"2018-04-26T06:26:02.000Z","volume":2000,"label":" ","price":3.44},{"type":"A","date":"2018-04-26T06:26:06.000Z","volume":26000,"label":" ","price":3.44},{"type":"A","date":"2018-04-26T06:26:39.000Z","volume":8000,"label":" ","price":3.44},{"type":"A","date":"2018-04-26T06:27:29.000Z","volume":2000,"label":" ","price":3.44},{"type":"A","date":"2018-04-26T06:27:36.000Z","volume":2000,"label":" ","price":3.44},{"type":"A","date":"2018-04-26T06:27:57.000Z","volume":2000,"label":" ","price":3.44},{"type":"A","date":"2018-04-26T06:28:17.000Z","volume":176000,"label":" ","price":3.44},{"type":"B","date":"2018-04-26T06:28:17.000Z","volume":4000,"label":" ","price":3.44},{"type":"B","date":"2018-04-26T06:28:47.000Z","volume":16000,"label":" ","price":3.44},{"type":"A","date":"2018-04-26T06:29:25.000Z","volume":20000,"label":" ","price":3.45},{"type":"A","date":"2018-04-26T06:30:52.000Z","volume":6000,"label":" ","price":3.45},{"type":"A","date":"2018-04-26T06:33:17.000Z","volume":10000,"label":" ","price":3.45},{"type":"A","date":"2018-04-26T06:33:31.000Z","volume":2000,"label":" ","price":3.45},{"type":"U","date":"2018-04-26T06:33:31.000Z","volume":2000,"label":"X","price":3.45},{"type":"A","date":"2018-04-26T06:33:33.000Z","volume":2000,"label":" ","price":3.45},{"type":"A","date":"2018-04-26T06:34:02.000Z","volume":4000,"label":" ","price":3.45},{"type":"A","date":"2018-04-26T06:34:02.000Z","volume":2000,"label":" ","price":3.45},{"type":"A","date":"2018-04-26T06:35:11.000Z","volume":20000,"label":" ","price":3.45},{"type":"A","date":"2018-04-26T06:35:11.000Z","volume":4000,"label":" ","price":3.45},{"type":"A","date":"2018-04-26T06:35:13.000Z","volume":2000,"label":" ","price":3.45},{"type":"A","date":"2018-04-26T06:35:41.000Z","volume":30000,"label":" ","price":3.45},{"type":"A","date":"2018-04-26T06:35:42.000Z","volume":26000,"label":" ","price":3.45},{"type":"A","date":"2018-04-26T06:35:42.000Z","volume":58000,"label":" ","price":3.45},{"type":"A","date":"2018-04-26T06:35:42.000Z","volume":12000,"label":"Y","price":3.45},{"type":"A","date":"2018-04-26T06:36:08.000Z","volume":2000,"label":" ","price":3.46},{"type":"A","date":"2018-04-26T06:36:38.000Z","volume":2000,"label":" ","price":3.46},{"type":"A","date":"2018-04-26T06:37:35.000Z","volume":2000,"label":" ","price":3.46},{"type":"A","date":"2018-04-26T06:38:36.000Z","volume":26000,"label":" ","price":3.46},{"type":"A","date":"2018-04-26T06:39:36.000Z","volume":2000,"label":" ","price":3.46},{"type":"A","date":"2018-04-26T06:39:46.000Z","volume":2000,"label":" ","price":3.46},{"type":"A","date":"2018-04-26T06:39:48.000Z","volume":10000,"label":" ","price":3.46},{"type":"A","date":"2018-04-26T06:40:16.000Z","volume":2000,"label":" ","price":3.46},{"type":"A","date":"2018-04-26T06:40:17.000Z","volume":4000,"label":" ","price":3.46},{"type":"A","date":"2018-04-26T06:40:17.000Z","volume":4000,"label":" ","price":3.46},{"type":"A","date":"2018-04-26T06:40:26.000Z","volume":2000,"label":" ","price":3.46},{"type":"A","date":"2018-04-26T06:41:03.000Z","volume":30000,"label":" ","price":3.46},{"type":"A","date":"2018-04-26T06:41:03.000Z","volume":50000,"label":" ","price":3.46},{"type":"A","date":"2018-04-26T06:41:11.000Z","volume":2000,"label":" ","price":3.47},{"type":"A","date":"2018-04-26T06:41:43.000Z","volume":2000,"label":" ","price":3.47},{"type":"A","date":"2018-04-26T06:42:03.000Z","volume":2000,"label":" ","price":3.47},{"type":"A","date":"2018-04-26T06:42:09.000Z","volume":2000,"label":" ","price":3.47},{"type":"A","date":"2018-04-26T06:42:12.000Z","volume":2000,"label":"Y","price":3.47},{"type":"A","date":"2018-04-26T06:42:14.000Z","volume":2000,"label":" ","price":3.47},{"type":"A","date":"2018-04-26T06:42:48.000Z","volume":50000,"label":" ","price":3.47},{"type":"B","date":"2018-04-26T06:43:14.000Z","volume":2000,"label":" ","price":3.46},{"type":"A","date":"2018-04-26T06:44:22.000Z","volume":2000,"label":" ","price":3.47},{"type":"A","date":"2018-04-26T06:44:35.000Z","volume":2000,"label":" ","price":3.47},{"type":"A","date":"2018-04-26T06:45:05.000Z","volume":26000,"label":" ","price":3.47},{"type":"A","date":"2018-04-26T06:45:31.000Z","volume":2000,"label":" ","price":3.47},{"type":"A","date":"2018-04-26T06:45:33.000Z","volume":2000,"label":" ","price":3.47},{"type":"A","date":"2018-04-26T06:46:35.000Z","volume":2000,"label":" ","price":3.47},{"type":"U","date":"2018-04-26T06:47:03.000Z","volume":2000,"label":"X","price":3.47},{"type":"A","date":"2018-04-26T06:47:28.000Z","volume":2000,"label":" ","price":3.47},{"type":"A","date":"2018-04-26T06:47:30.000Z","volume":4000,"label":" ","price":3.47},{"type":"A","date":"2018-04-26T06:47:34.000Z","volume":20000,"label":" ","price":3.47},{"type":"A","date":"2018-04-26T06:48:23.000Z","volume":2000,"label":" ","price":3.47},{"type":"A","date":"2018-04-26T06:48:32.000Z","volume":2000,"label":" ","price":3.47},{"type":"A","date":"2018-04-26T06:48:47.000Z","volume":6000,"label":" ","price":3.47},{"type":"B","date":"2018-04-26T06:48:56.000Z","volume":14000,"label":" ","price":3.46},{"type":"A","date":"2018-04-26T06:49:28.000Z","volume":2000,"label":" ","price":3.47},{"type":"A","date":"2018-04-26T06:49:33.000Z","volume":2000,"label":" ","price":3.47},{"type":"A","date":"2018-04-26T06:54:28.000Z","volume":10000,"label":" ","price":3.47},{"type":"A","date":"2018-04-26T06:54:30.000Z","volume":4000,"label":" ","price":3.47},{"type":"A","date":"2018-04-26T06:55:23.000Z","volume":2000,"label":" ","price":3.47},{"type":"A","date":"2018-04-26T06:55:39.000Z","volume":2000,"label":" ","price":3.47},{"type":"A","date":"2018-04-26T06:56:00.000Z","volume":2000,"label":" ","price":3.47},{"type":"A","date":"2018-04-26T06:56:26.000Z","volume":14000,"label":" ","price":3.47},{"type":"A","date":"2018-04-26T06:56:27.000Z","volume":2000,"label":" ","price":3.47},{"type":"A","date":"2018-04-26T06:56:32.000Z","volume":4000,"label":" ","price":3.47},{"type":"A","date":"2018-04-26T06:56:32.000Z","volume":2000,"label":" ","price":3.47},{"type":"A","date":"2018-04-26T06:56:32.000Z","volume":2000,"label":" ","price":3.47},{"type":"A","date":"2018-04-26T06:56:32.000Z","volume":2000,"label":" ","price":3.47},{"type":"A","date":"2018-04-26T06:56:32.000Z","volume":2000,"label":" ","price":3.47},{"type":"A","date":"2018-04-26T06:57:03.000Z","volume":2000,"label":" ","price":3.47},{"type":"A","date":"2018-04-26T06:57:29.000Z","volume":8000,"label":" ","price":3.47},{"type":"A","date":"2018-04-26T06:57:31.000Z","volume":2000,"label":" ","price":3.47},{"type":"A","date":"2018-04-26T06:59:16.000Z","volume":8000,"label":" ","price":3.47},{"type":"A","date":"2018-04-26T06:59:24.000Z","volume":6000,"label":" ","price":3.47},{"type":"A","date":"2018-04-26T06:59:26.000Z","volume":2000,"label":" ","price":3.47},{"type":"B","date":"2018-04-26T06:59:41.000Z","volume":2000,"label":" ","price":3.46},{"type":"A","date":"2018-04-26T07:00:12.000Z","volume":4000,"label":" ","price":3.47},{"type":"U","date":"2018-04-26T07:01:25.000Z","volume":801,"label":"D","price":3.42},{"type":"A","date":"2018-04-26T07:02:06.000Z","volume":4000,"label":" ","price":3.47},{"type":"A","date":"2018-04-26T07:02:35.000Z","volume":2000,"label":" ","price":3.47},{"type":"A","date":"2018-04-26T07:02:59.000Z","volume":6000,"label":" ","price":3.47},{"type":"A","date":"2018-04-26T07:04:32.000Z","volume":2000,"label":" ","price":3.47},{"type":"A","date":"2018-04-26T07:04:34.000Z","volume":2000,"label":" ","price":3.47},{"type":"A","date":"2018-04-26T07:05:16.000Z","volume":2000,"label":" ","price":3.47},{"type":"A","date":"2018-04-26T07:05:47.000Z","volume":2000,"label":" ","price":3.47},{"type":"A","date":"2018-04-26T07:05:47.000Z","volume":2000,"label":" ","price":3.47},{"type":"A","date":"2018-04-26T07:05:47.000Z","volume":6000,"label":" ","price":3.47},{"type":"A","date":"2018-04-26T07:05:52.000Z","volume":2000,"label":"Y","price":3.47},{"type":"A","date":"2018-04-26T07:06:35.000Z","volume":2000,"label":" ","price":3.47},{"type":"B","date":"2018-04-26T07:06:44.000Z","volume":2000,"label":" ","price":3.46},{"type":"A","date":"2018-04-26T07:07:19.000Z","volume":8000,"label":" ","price":3.47},{"type":"A","date":"2018-04-26T07:07:29.000Z","volume":2000,"label":" ","price":3.47},{"type":"B","date":"2018-04-26T07:07:49.000Z","volume":10000,"label":" ","price":3.46},{"type":"A","date":"2018-04-26T07:08:52.000Z","volume":2000,"label":" ","price":3.47},{"type":"A","date":"2018-04-26T07:08:56.000Z","volume":10000,"label":" ","price":3.47},{"type":"A","date":"2018-04-26T07:09:24.000Z","volume":4000,"label":" ","price":3.47},{"type":"A","date":"2018-04-26T07:10:19.000Z","volume":2000,"label":" ","price":3.47},{"type":"A","date":"2018-04-26T07:10:19.000Z","volume":32000,"label":"Y","price":3.47},{"type":"A","date":"2018-04-26T07:10:19.000Z","volume":24000,"label":" ","price":3.47},{"type":"A","date":"2018-04-26T07:10:19.000Z","volume":2000,"label":" ","price":3.47},{"type":"A","date":"2018-04-26T07:10:19.000Z","volume":4000,"label":" ","price":3.47},{"type":"A","date":"2018-04-26T07:10:20.000Z","volume":4000,"label":" ","price":3.47},{"type":"A","date":"2018-04-26T07:10:32.000Z","volume":4000,"label":" ","price":3.47},{"type":"A","date":"2018-04-26T07:10:32.000Z","volume":2000,"label":" ","price":3.47},{"type":"A","date":"2018-04-26T07:10:32.000Z","volume":2000,"label":" ","price":3.47},{"type":"A","date":"2018-04-26T07:10:32.000Z","volume":2000,"label":" ","price":3.47},{"type":"A","date":"2018-04-26T07:10:34.000Z","volume":2000,"label":" ","price":3.47},{"type":"A","date":"2018-04-26T07:11:10.000Z","volume":2000,"label":" ","price":3.47},{"type":"A","date":"2018-04-26T07:12:01.000Z","volume":2000,"label":"Y","price":3.47},{"type":"A","date":"2018-04-26T07:12:24.000Z","volume":6000,"label":" ","price":3.47},{"type":"A","date":"2018-04-26T07:12:24.000Z","volume":6000,"label":" ","price":3.47},{"type":"A","date":"2018-04-26T07:12:31.000Z","volume":2000,"label":" ","price":3.47},{"type":"A","date":"2018-04-26T07:13:04.000Z","volume":2000,"label":" ","price":3.47},{"type":"A","date":"2018-04-26T07:14:07.000Z","volume":4000,"label":" ","price":3.47},{"type":"A","date":"2018-04-26T07:14:08.000Z","volume":2000,"label":" ","price":3.47},{"type":"A","date":"2018-04-26T07:14:22.000Z","volume":8000,"label":" ","price":3.47},{"type":"A","date":"2018-04-26T07:14:22.000Z","volume":6000,"label":" ","price":3.47},{"type":"A","date":"2018-04-26T07:14:22.000Z","volume":4000,"label":" ","price":3.47},{"type":"A","date":"2018-04-26T07:14:22.000Z","volume":24000,"label":" ","price":3.47},{"type":"A","date":"2018-04-26T07:15:16.000Z","volume":2000,"label":" ","price":3.48},{"type":"A","date":"2018-04-26T07:15:31.000Z","volume":2000,"label":" ","price":3.48},{"type":"A","date":"2018-04-26T07:16:09.000Z","volume":2000,"label":" ","price":3.48},{"type":"A","date":"2018-04-26T07:16:30.000Z","volume":36000,"label":" ","price":3.48},{"type":"A","date":"2018-04-26T07:18:08.000Z","volume":4000,"label":" ","price":3.49},{"type":"A","date":"2018-04-26T07:18:10.000Z","volume":4000,"label":" ","price":3.49},{"type":"A","date":"2018-04-26T07:18:10.000Z","volume":2000,"label":" ","price":3.49},{"type":"A","date":"2018-04-26T07:18:10.000Z","volume":2000,"label":" ","price":3.5},{"type":"A","date":"2018-04-26T07:18:58.000Z","volume":2000,"label":" ","price":3.5},{"type":"A","date":"2018-04-26T07:18:58.000Z","volume":10000,"label":" ","price":3.5},{"type":"A","date":"2018-04-26T07:18:58.000Z","volume":2000,"label":"Y","price":3.5},{"type":"A","date":"2018-04-26T07:18:58.000Z","volume":4000,"label":" ","price":3.5},{"type":"A","date":"2018-04-26T07:19:15.000Z","volume":2000,"label":" ","price":3.5},{"type":"A","date":"2018-04-26T07:19:34.000Z","volume":4000,"label":"Y","price":3.5},{"type":"A","date":"2018-04-26T07:19:34.000Z","volume":2000,"label":" ","price":3.5},{"type":"A","date":"2018-04-26T07:19:35.000Z","volume":2000,"label":" ","price":3.5},{"type":"A","date":"2018-04-26T07:19:35.000Z","volume":2000,"label":" ","price":3.5},{"type":"A","date":"2018-04-26T07:19:38.000Z","volume":2000,"label":" ","price":3.5},{"type":"A","date":"2018-04-26T07:20:01.000Z","volume":2000,"label":"Y","price":3.5},{"type":"A","date":"2018-04-26T07:20:01.000Z","volume":4000,"label":" ","price":3.5},{"type":"A","date":"2018-04-26T07:20:01.000Z","volume":2000,"label":" ","price":3.5},{"type":"A","date":"2018-04-26T07:20:01.000Z","volume":2000,"label":" ","price":3.5},{"type":"A","date":"2018-04-26T07:20:01.000Z","volume":2000,"label":" ","price":3.5},{"type":"A","date":"2018-04-26T07:20:01.000Z","volume":2000,"label":" ","price":3.5},{"type":"A","date":"2018-04-26T07:20:20.000Z","volume":2000,"label":"Y","price":3.5},{"type":"A","date":"2018-04-26T07:22:07.000Z","volume":2000,"label":" ","price":3.5},{"type":"A","date":"2018-04-26T07:22:21.000Z","volume":2000,"label":" ","price":3.5},{"type":"B","date":"2018-04-26T07:22:44.000Z","volume":4000,"label":"Y","price":3.49},{"type":"B","date":"2018-04-26T07:22:44.000Z","volume":56000,"label":" ","price":3.49},{"type":"B","date":"2018-04-26T07:22:45.000Z","volume":14000,"label":" ","price":3.49},{"type":"A","date":"2018-04-26T07:23:45.000Z","volume":4000,"label":" ","price":3.49},{"type":"A","date":"2018-04-26T07:24:04.000Z","volume":2000,"label":" ","price":3.49},{"type":"A","date":"2018-04-26T07:24:22.000Z","volume":2000,"label":" ","price":3.49},{"type":"A","date":"2018-04-26T07:25:45.000Z","volume":8000,"label":" ","price":3.49},{"type":"A","date":"2018-04-26T07:25:53.000Z","volume":2000,"label":" ","price":3.49},{"type":"A","date":"2018-04-26T07:25:53.000Z","volume":2000,"label":" ","price":3.49},{"type":"A","date":"2018-04-26T07:25:56.000Z","volume":2000,"label":" ","price":3.49},{"type":"A","date":"2018-04-26T07:26:04.000Z","volume":2000,"label":" ","price":3.49},{"type":"A","date":"2018-04-26T07:26:05.000Z","volume":2000,"label":" ","price":3.49},{"type":"A","date":"2018-04-26T07:26:07.000Z","volume":2000,"label":" ","price":3.49},{"type":"B","date":"2018-04-26T07:26:14.000Z","volume":2000,"label":" ","price":3.49},{"type":"B","date":"2018-04-26T07:26:15.000Z","volume":2000,"label":" ","price":3.49},{"type":"B","date":"2018-04-26T07:27:28.000Z","volume":100000,"label":" ","price":3.48},{"type":"A","date":"2018-04-26T07:28:48.000Z","volume":10000,"label":" ","price":3.49},{"type":"B","date":"2018-04-26T07:29:55.000Z","volume":2000,"label":" ","price":3.48},{"type":"A","date":"2018-04-26T07:30:55.000Z","volume":2000,"label":" ","price":3.49},{"type":"A","date":"2018-04-26T07:31:49.000Z","volume":2000,"label":" ","price":3.49},{"type":"A","date":"2018-04-26T07:32:49.000Z","volume":30000,"label":" ","price":3.49},{"type":"A","date":"2018-04-26T07:32:49.000Z","volume":4000,"label":" ","price":3.49},{"type":"A","date":"2018-04-26T07:32:49.000Z","volume":4000,"label":" ","price":3.49},{"type":"B","date":"2018-04-26T07:33:37.000Z","volume":2000,"label":" ","price":3.49},{"type":"B","date":"2018-04-26T07:33:37.000Z","volume":2000,"label":" ","price":3.49},{"type":"A","date":"2018-04-26T07:33:52.000Z","volume":2000,"label":" ","price":3.5},{"type":"A","date":"2018-04-26T07:33:52.000Z","volume":6000,"label":" ","price":3.5},{"type":"B","date":"2018-04-26T07:33:55.000Z","volume":30000,"label":" ","price":3.49},{"type":"B","date":"2018-04-26T07:33:57.000Z","volume":48000,"label":" ","price":3.49},{"type":"B","date":"2018-04-26T07:33:57.000Z","volume":4000,"label":" ","price":3.49},{"type":"B","date":"2018-04-26T07:33:57.000Z","volume":24000,"label":" ","price":3.49},{"type":"A","date":"2018-04-26T07:36:39.000Z","volume":2000,"label":" ","price":3.49},{"type":"B","date":"2018-04-26T07:37:18.000Z","volume":100000,"label":" ","price":3.48},{"type":"U","date":"2018-04-26T07:37:18.000Z","volume":4000,"label":" ","price":3.48},{"type":"U","date":"2018-04-26T07:37:18.000Z","volume":4000,"label":" ","price":3.48},{"type":"A","date":"2018-04-26T07:37:18.000Z","volume":4000,"label":" ","price":3.49},{"type":"B","date":"2018-04-26T07:37:33.000Z","volume":4000,"label":" ","price":3.47},{"type":"B","date":"2018-04-26T07:39:09.000Z","volume":100000,"label":" ","price":3.47},{"type":"B","date":"2018-04-26T07:39:09.000Z","volume":8000,"label":" ","price":3.47},{"type":"B","date":"2018-04-26T07:39:09.000Z","volume":4000,"label":" ","price":3.47},{"type":"B","date":"2018-04-26T07:40:12.000Z","volume":6000,"label":" ","price":3.46},{"type":"B","date":"2018-04-26T07:40:28.000Z","volume":136000,"label":" ","price":3.46},{"type":"U","date":"2018-04-26T07:40:28.000Z","volume":2000,"label":" ","price":3.47},{"type":"B","date":"2018-04-26T07:40:37.000Z","volume":2000,"label":" ","price":3.47},{"type":"A","date":"2018-04-26T07:41:19.000Z","volume":20000,"label":" ","price":3.48},{"type":"B","date":"2018-04-26T07:41:19.000Z","volume":2000,"label":" ","price":3.47},{"type":"B","date":"2018-04-26T07:41:30.000Z","volume":4000,"label":" ","price":3.47},{"type":"B","date":"2018-04-26T07:42:19.000Z","volume":30000,"label":" ","price":3.47},{"type":"B","date":"2018-04-26T07:42:39.000Z","volume":6000,"label":" ","price":3.47},{"type":"B","date":"2018-04-26T07:42:39.000Z","volume":2000,"label":" ","price":3.47},{"type":"B","date":"2018-04-26T07:42:45.000Z","volume":2000,"label":" ","price":3.47},{"type":"B","date":"2018-04-26T07:42:58.000Z","volume":8000,"label":" ","price":3.47},{"type":"B","date":"2018-04-26T07:44:50.000Z","volume":2000,"label":" ","price":3.46},{"type":"A","date":"2018-04-26T07:47:43.000Z","volume":2000,"label":" ","price":3.47},{"type":"A","date":"2018-04-26T07:50:20.000Z","volume":12000,"label":" ","price":3.47},{"type":"A","date":"2018-04-26T07:50:21.000Z","volume":2000,"label":" ","price":3.47},{"type":"A","date":"2018-04-26T07:51:01.000Z","volume":8000,"label":" ","price":3.47},{"type":"A","date":"2018-04-26T07:51:08.000Z","volume":2000,"label":" ","price":3.47},{"type":"A","date":"2018-04-26T07:51:09.000Z","volume":2000,"label":" ","price":3.47},{"type":"B","date":"2018-04-26T07:51:22.000Z","volume":4000,"label":" ","price":3.46},{"type":"B","date":"2018-04-26T07:51:43.000Z","volume":12000,"label":" ","price":3.46},{"type":"A","date":"2018-04-26T07:51:44.000Z","volume":2000,"label":" ","price":3.47},{"type":"B","date":"2018-04-26T07:51:48.000Z","volume":4000,"label":" ","price":3.46},{"type":"A","date":"2018-04-26T07:52:02.000Z","volume":2000,"label":" ","price":3.47},{"type":"A","date":"2018-04-26T07:52:02.000Z","volume":4000,"label":" ","price":3.47},{"type":"A","date":"2018-04-26T07:52:04.000Z","volume":2000,"label":" ","price":3.47},{"type":"B","date":"2018-04-26T07:52:22.000Z","volume":4000,"label":" ","price":3.46},{"type":"A","date":"2018-04-26T07:52:58.000Z","volume":6000,"label":"Y","price":3.47},{"type":"A","date":"2018-04-26T07:52:58.000Z","volume":8000,"label":" ","price":3.47},{"type":"B","date":"2018-04-26T07:52:58.000Z","volume":4000,"label":" ","price":3.46},{"type":"A","date":"2018-04-26T07:53:00.000Z","volume":4000,"label":" ","price":3.47},{"type":"A","date":"2018-04-26T07:53:07.000Z","volume":6000,"label":" ","price":3.47},{"type":"B","date":"2018-04-26T07:53:07.000Z","volume":6000,"label":"Y","price":3.46},{"type":"A","date":"2018-04-26T07:53:08.000Z","volume":2000,"label":" ","price":3.47},{"type":"A","date":"2018-04-26T07:53:12.000Z","volume":2000,"label":" ","price":3.47},{"type":"B","date":"2018-04-26T07:53:21.000Z","volume":6000,"label":" ","price":3.46},{"type":"A","date":"2018-04-26T07:53:22.000Z","volume":2000,"label":" ","price":3.47},{"type":"B","date":"2018-04-26T07:54:04.000Z","volume":6000,"label":" ","price":3.46},{"type":"A","date":"2018-04-26T07:54:04.000Z","volume":2000,"label":" ","price":3.47},{"type":"A","date":"2018-04-26T07:54:08.000Z","volume":2000,"label":" ","price":3.47},{"type":"A","date":"2018-04-26T07:54:09.000Z","volume":2000,"label":" ","price":3.47},{"type":"B","date":"2018-04-26T07:54:24.000Z","volume":4000,"label":" ","price":3.46},{"type":"A","date":"2018-04-26T07:54:24.000Z","volume":2000,"label":" ","price":3.47},{"type":"A","date":"2018-04-26T07:54:47.000Z","volume":2000,"label":" ","price":3.47},{"type":"A","date":"2018-04-26T07:54:47.000Z","volume":2000,"label":" ","price":3.47},{"type":"B","date":"2018-04-26T07:54:53.000Z","volume":4000,"label":" ","price":3.46},{"type":"A","date":"2018-04-26T07:54:53.000Z","volume":2000,"label":" ","price":3.47},{"type":"A","date":"2018-04-26T07:55:19.000Z","volume":2000,"label":" ","price":3.47},{"type":"A","date":"2018-04-26T07:55:21.000Z","volume":8000,"label":"Y","price":3.47},{"type":"A","date":"2018-04-26T07:55:21.000Z","volume":2000,"label":" ","price":3.47},{"type":"A","date":"2018-04-26T07:55:21.000Z","volume":78000,"label":" ","price":3.47},{"type":"A","date":"2018-04-26T07:55:21.000Z","volume":8000,"label":"Y","price":3.47},{"type":"A","date":"2018-04-26T07:55:21.000Z","volume":30000,"label":" ","price":3.47},{"type":"B","date":"2018-04-26T07:55:21.000Z","volume":4000,"label":"Y","price":3.46},{"type":"B","date":"2018-04-26T07:55:21.000Z","volume":2000,"label":"Y","price":3.46},{"type":"B","date":"2018-04-26T07:55:21.000Z","volume":4000,"label":" ","price":3.46},{"type":"A","date":"2018-04-26T07:55:21.000Z","volume":2000,"label":" ","price":3.47},{"type":"A","date":"2018-04-26T07:55:22.000Z","volume":2000,"label":" ","price":3.47},{"type":"A","date":"2018-04-26T07:55:22.000Z","volume":22000,"label":" ","price":3.48},{"type":"A","date":"2018-04-26T07:55:22.000Z","volume":6000,"label":" ","price":3.48},{"type":"B","date":"2018-04-26T07:55:25.000Z","volume":2000,"label":" ","price":3.47},{"type":"B","date":"2018-04-26T07:55:32.000Z","volume":4000,"label":" ","price":3.47},{"type":"A","date":"2018-04-26T07:55:33.000Z","volume":4000,"label":" ","price":3.48},{"type":"B","date":"2018-04-26T07:55:37.000Z","volume":4000,"label":" ","price":3.47},{"type":"B","date":"2018-04-26T07:55:41.000Z","volume":2000,"label":" ","price":3.47},{"type":"B","date":"2018-04-26T07:55:46.000Z","volume":4000,"label":" ","price":3.47},{"type":"A","date":"2018-04-26T07:55:47.000Z","volume":2000,"label":" ","price":3.48},{"type":"B","date":"2018-04-26T07:55:54.000Z","volume":4000,"label":" ","price":3.47},{"type":"A","date":"2018-04-26T07:56:01.000Z","volume":2000,"label":" ","price":3.48},{"type":"B","date":"2018-04-26T07:56:02.000Z","volume":6000,"label":" ","price":3.47},{"type":"B","date":"2018-04-26T07:56:09.000Z","volume":6000,"label":" ","price":3.47},{"type":"A","date":"2018-04-26T07:56:09.000Z","volume":2000,"label":" ","price":3.48},{"type":"B","date":"2018-04-26T07:56:26.000Z","volume":4000,"label":" ","price":3.47},{"type":"A","date":"2018-04-26T07:56:32.000Z","volume":2000,"label":" ","price":3.48},{"type":"A","date":"2018-04-26T07:56:32.000Z","volume":2000,"label":" ","price":3.48},{"type":"A","date":"2018-04-26T07:56:32.000Z","volume":2000,"label":" ","price":3.48},{"type":"A","date":"2018-04-26T07:56:33.000Z","volume":2000,"label":" ","price":3.48},{"type":"A","date":"2018-04-26T07:56:50.000Z","volume":6000,"label":" ","price":3.48},{"type":"B","date":"2018-04-26T07:56:50.000Z","volume":4000,"label":" ","price":3.47},{"type":"A","date":"2018-04-26T07:56:53.000Z","volume":4000,"label":" ","price":3.48},{"type":"A","date":"2018-04-26T07:56:53.000Z","volume":6000,"label":" ","price":3.48},{"type":"A","date":"2018-04-26T07:56:53.000Z","volume":4000,"label":" ","price":3.48},{"type":"A","date":"2018-04-26T07:56:53.000Z","volume":6000,"label":" ","price":3.48},{"type":"A","date":"2018-04-26T07:56:54.000Z","volume":2000,"label":" ","price":3.48},{"type":"A","date":"2018-04-26T07:56:56.000Z","volume":4000,"label":" ","price":3.48},{"type":"A","date":"2018-04-26T07:57:02.000Z","volume":2000,"label":" ","price":3.48},{"type":"A","date":"2018-04-26T07:57:04.000Z","volume":2000,"label":" ","price":3.48},{"type":"A","date":"2018-04-26T07:57:10.000Z","volume":2000,"label":" ","price":3.48},{"type":"B","date":"2018-04-26T07:57:25.000Z","volume":4000,"label":" ","price":3.47},{"type":"A","date":"2018-04-26T07:57:37.000Z","volume":2000,"label":" ","price":3.48},{"type":"A","date":"2018-04-26T07:57:41.000Z","volume":2000,"label":" ","price":3.48},{"type":"A","date":"2018-04-26T07:57:41.000Z","volume":4000,"label":" ","price":3.48},{"type":"B","date":"2018-04-26T07:57:41.000Z","volume":4000,"label":" ","price":3.47},{"type":"A","date":"2018-04-26T07:57:41.000Z","volume":2000,"label":" ","price":3.48},{"type":"A","date":"2018-04-26T07:57:42.000Z","volume":2000,"label":" ","price":3.48},{"type":"B","date":"2018-04-26T07:57:57.000Z","volume":2000,"label":" ","price":3.47},{"type":"A","date":"2018-04-26T07:58:02.000Z","volume":2000,"label":" ","price":3.48},{"type":"A","date":"2018-04-26T07:58:05.000Z","volume":2000,"label":" ","price":3.48},{"type":"A","date":"2018-04-26T07:58:09.000Z","volume":2000,"label":"Y","price":3.48},{"type":"A","date":"2018-04-26T07:58:09.000Z","volume":8000,"label":" ","price":3.48},{"type":"A","date":"2018-04-26T07:58:13.000Z","volume":2000,"label":" ","price":3.48},{"type":"A","date":"2018-04-26T07:58:15.000Z","volume":12000,"label":" ","price":3.48},{"type":"A","date":"2018-04-26T07:58:15.000Z","volume":4000,"label":" ","price":3.49},{"type":"A","date":"2018-04-26T07:58:15.000Z","volume":6000,"label":"Y","price":3.49},{"type":"A","date":"2018-04-26T07:58:15.000Z","volume":4000,"label":" ","price":3.49},{"type":"A","date":"2018-04-26T07:58:21.000Z","volume":4000,"label":" ","price":3.49},{"type":"B","date":"2018-04-26T07:58:37.000Z","volume":2000,"label":" ","price":3.48},{"type":"B","date":"2018-04-26T07:58:41.000Z","volume":2000,"label":" ","price":3.48},{"type":"A","date":"2018-04-26T07:58:44.000Z","volume":2000,"label":" ","price":3.49},{"type":"B","date":"2018-04-26T07:58:46.000Z","volume":2000,"label":" ","price":3.48},{"type":"A","date":"2018-04-26T07:58:47.000Z","volume":2000,"label":" ","price":3.49},{"type":"A","date":"2018-04-26T07:58:50.000Z","volume":8000,"label":" ","price":3.49},{"type":"B","date":"2018-04-26T07:58:55.000Z","volume":2000,"label":" ","price":3.48},{"type":"A","date":"2018-04-26T07:59:01.000Z","volume":6000,"label":" ","price":3.49},{"type":"A","date":"2018-04-26T07:59:01.000Z","volume":8000,"label":" ","price":3.49},{"type":"A","date":"2018-04-26T07:59:01.000Z","volume":12000,"label":" ","price":3.49},{"type":"A","date":"2018-04-26T07:59:01.000Z","volume":4000,"label":" ","price":3.49},{"type":"A","date":"2018-04-26T07:59:02.000Z","volume":2000,"label":" ","price":3.49},{"type":"A","date":"2018-04-26T07:59:02.000Z","volume":4000,"label":" ","price":3.49},{"type":"A","date":"2018-04-26T07:59:04.000Z","volume":6000,"label":" ","price":3.49},{"type":"A","date":"2018-04-26T07:59:04.000Z","volume":2000,"label":" ","price":3.49},{"type":"A","date":"2018-04-26T07:59:12.000Z","volume":2000,"label":" ","price":3.49},{"type":"A","date":"2018-04-26T07:59:24.000Z","volume":2000,"label":" ","price":3.49},{"type":"A","date":"2018-04-26T07:59:26.000Z","volume":18000,"label":" ","price":3.49},{"type":"A","date":"2018-04-26T07:59:26.000Z","volume":2000,"label":" ","price":3.49},{"type":"A","date":"2018-04-26T07:59:30.000Z","volume":22000,"label":" ","price":3.49},{"type":"B","date":"2018-04-26T07:59:30.000Z","volume":2000,"label":" ","price":3.48},{"type":"A","date":"2018-04-26T07:59:30.000Z","volume":8000,"label":" ","price":3.49},{"type":"A","date":"2018-04-26T07:59:30.000Z","volume":2000,"label":"Y","price":3.49},{"type":"A","date":"2018-04-26T07:59:31.000Z","volume":6000,"label":" ","price":3.49},{"type":"A","date":"2018-04-26T07:59:34.000Z","volume":8000,"label":" ","price":3.49},{"type":"A","date":"2018-04-26T07:59:35.000Z","volume":2000,"label":" ","price":3.49},{"type":"A","date":"2018-04-26T07:59:38.000Z","volume":2000,"label":" ","price":3.49},{"type":"A","date":"2018-04-26T07:59:39.000Z","volume":6000,"label":" ","price":3.49},{"type":"A","date":"2018-04-26T07:59:42.000Z","volume":2000,"label":" ","price":3.49},{"type":"B","date":"2018-04-26T07:59:44.000Z","volume":2000,"label":" ","price":3.48},{"type":"A","date":"2018-04-26T07:59:52.000Z","volume":2000,"label":" ","price":3.49},{"type":"A","date":"2018-04-26T07:59:54.000Z","volume":6000,"label":" ","price":3.49},{"type":"A","date":"2018-04-26T07:59:55.000Z","volume":2000,"label":" ","price":3.49},{"type":"A","date":"2018-04-26T07:59:56.000Z","volume":2000,"label":" ","price":3.49},{"type":"A","date":"2018-04-26T07:59:58.000Z","volume":2000,"label":" ","price":3.49},{"type":"B","date":"2018-04-26T07:59:59.000Z","volume":2000,"label":" ","price":3.48},{"type":"U","date":"2018-04-26T08:08:16.000Z","volume":712000,"label":"U","price":3.48}]