[{"type":"U","date":"2018-04-19T01:20:00.000Z","volume":24500,"label":"U","price":4.78},{"type":"B","date":"2018-04-19T01:31:03.000Z","volume":500,"label":" ","price":4.78},{"type":"B","date":"2018-04-19T01:32:19.000Z","volume":500,"label":" ","price":4.78},{"type":"U","date":"2018-04-19T01:32:40.000Z","volume":40,"label":"D","price":4.74},{"type":"B","date":"2018-04-19T01:34:13.000Z","volume":42000,"label":" ","price":4.78},{"type":"B","date":"2018-04-19T01:34:18.000Z","volume":6000,"label":" ","price":4.78},{"type":"B","date":"2018-04-19T01:34:18.000Z","volume":11000,"label":" ","price":4.78},{"type":"B","date":"2018-04-19T01:34:18.000Z","volume":11000,"label":" ","price":4.78},{"type":"B","date":"2018-04-19T01:34:21.000Z","volume":6000,"label":" ","price":4.78},{"type":"B","date":"2018-04-19T01:34:33.000Z","volume":4000,"label":" ","price":4.78},{"type":"U","date":"2018-04-19T01:35:03.000Z","volume":150,"label":"D","price":4.7},{"type":"B","date":"2018-04-19T01:35:22.000Z","volume":4000,"label":" ","price":4.78},{"type":"B","date":"2018-04-19T01:35:33.000Z","volume":3000,"label":" ","price":4.78},{"type":"B","date":"2018-04-19T01:37:21.000Z","volume":5500,"label":" ","price":4.78},{"type":"B","date":"2018-04-19T01:37:33.000Z","volume":3000,"label":" ","price":4.78},{"type":"B","date":"2018-04-19T01:37:33.000Z","volume":500,"label":" ","price":4.78},{"type":"B","date":"2018-04-19T01:40:39.000Z","volume":5500,"label":" ","price":4.78},{"type":"B","date":"2018-04-19T01:40:48.000Z","volume":3500,"label":" ","price":4.78},{"type":"A","date":"2018-04-19T01:40:59.000Z","volume":2000,"label":" ","price":4.79},{"type":"A","date":"2018-04-19T01:40:59.000Z","volume":18500,"label":" ","price":4.79},{"type":"B","date":"2018-04-19T01:41:03.000Z","volume":14000,"label":" ","price":4.78},{"type":"B","date":"2018-04-19T01:45:14.000Z","volume":7000,"label":" ","price":4.78},{"type":"B","date":"2018-04-19T01:45:15.000Z","volume":4500,"label":" ","price":4.78},{"type":"B","date":"2018-04-19T01:45:36.000Z","volume":4000,"label":" ","price":4.78},{"type":"B","date":"2018-04-19T01:45:37.000Z","volume":2500,"label":" ","price":4.78},{"type":"B","date":"2018-04-19T01:46:55.000Z","volume":500,"label":" ","price":4.78},{"type":"B","date":"2018-04-19T01:46:56.000Z","volume":500,"label":" ","price":4.78},{"type":"B","date":"2018-04-19T01:51:09.000Z","volume":6000,"label":" ","price":4.78},{"type":"B","date":"2018-04-19T01:51:10.000Z","volume":4000,"label":" ","price":4.78},{"type":"B","date":"2018-04-19T01:52:10.000Z","volume":4500,"label":" ","price":4.78},{"type":"B","date":"2018-04-19T01:52:11.000Z","volume":3000,"label":" ","price":4.78},{"type":"B","date":"2018-04-19T01:53:02.000Z","volume":5000,"label":" ","price":4.78},{"type":"B","date":"2018-04-19T01:53:03.000Z","volume":3500,"label":" ","price":4.78},{"type":"A","date":"2018-04-19T01:54:14.000Z","volume":2000,"label":" ","price":4.79},{"type":"B","date":"2018-04-19T01:54:18.000Z","volume":1000,"label":" ","price":4.78},{"type":"B","date":"2018-04-19T01:55:34.000Z","volume":2500,"label":" ","price":4.78},{"type":"B","date":"2018-04-19T01:55:48.000Z","volume":2000,"label":" ","price":4.78},{"type":"B","date":"2018-04-19T01:56:53.000Z","volume":3000,"label":" ","price":4.78},{"type":"B","date":"2018-04-19T01:57:03.000Z","volume":2000,"label":" ","price":4.78},{"type":"B","date":"2018-04-19T01:59:03.000Z","volume":83000,"label":" ","price":4.78},{"type":"B","date":"2018-04-19T01:59:04.000Z","volume":13500,"label":" ","price":4.78},{"type":"B","date":"2018-04-19T01:59:04.000Z","volume":28500,"label":" ","price":4.78},{"type":"B","date":"2018-04-19T01:59:04.000Z","volume":9500,"label":" ","price":4.78},{"type":"B","date":"2018-04-19T01:59:04.000Z","volume":3000,"label":" ","price":4.78},{"type":"B","date":"2018-04-19T01:59:04.000Z","volume":500,"label":" ","price":4.78},{"type":"A","date":"2018-04-19T01:59:29.000Z","volume":2000,"label":" ","price":4.79},{"type":"B","date":"2018-04-19T01:59:33.000Z","volume":1500,"label":" ","price":4.78},{"type":"A","date":"2018-04-19T02:01:09.000Z","volume":2000,"label":" ","price":4.79},{"type":"B","date":"2018-04-19T02:01:18.000Z","volume":1500,"label":" ","price":4.78},{"type":"A","date":"2018-04-19T02:02:24.000Z","volume":2000,"label":" ","price":4.79},{"type":"B","date":"2018-04-19T02:02:25.000Z","volume":1000,"label":" ","price":4.78},{"type":"B","date":"2018-04-19T02:02:33.000Z","volume":2000,"label":" ","price":4.78},{"type":"A","date":"2018-04-19T02:03:14.000Z","volume":1500,"label":" ","price":4.79},{"type":"B","date":"2018-04-19T02:03:18.000Z","volume":1000,"label":" ","price":4.78},{"type":"B","date":"2018-04-19T02:05:29.000Z","volume":2500,"label":" ","price":4.78},{"type":"B","date":"2018-04-19T02:05:33.000Z","volume":1500,"label":" ","price":4.78},{"type":"A","date":"2018-04-19T02:05:44.000Z","volume":2000,"label":" ","price":4.79},{"type":"B","date":"2018-04-19T02:05:48.000Z","volume":1500,"label":" ","price":4.78},{"type":"B","date":"2018-04-19T02:08:02.000Z","volume":1000,"label":" ","price":4.78},{"type":"B","date":"2018-04-19T02:08:03.000Z","volume":500,"label":" ","price":4.78},{"type":"A","date":"2018-04-19T02:08:14.000Z","volume":2000,"label":" ","price":4.79},{"type":"B","date":"2018-04-19T02:08:18.000Z","volume":1500,"label":" ","price":4.78},{"type":"B","date":"2018-04-19T02:09:41.000Z","volume":7000,"label":" ","price":4.78},{"type":"B","date":"2018-04-19T02:09:48.000Z","volume":4500,"label":" ","price":4.78},{"type":"A","date":"2018-04-19T02:10:14.000Z","volume":2000,"label":" ","price":4.79},{"type":"B","date":"2018-04-19T02:10:18.000Z","volume":1500,"label":" ","price":4.78},{"type":"B","date":"2018-04-19T02:10:18.000Z","volume":1000,"label":" ","price":4.78},{"type":"B","date":"2018-04-19T02:10:33.000Z","volume":500,"label":" ","price":4.78},{"type":"B","date":"2018-04-19T02:11:27.000Z","volume":5500,"label":" ","price":4.78},{"type":"B","date":"2018-04-19T02:11:33.000Z","volume":3500,"label":" ","price":4.78},{"type":"B","date":"2018-04-19T02:12:08.000Z","volume":3000,"label":" ","price":4.78},{"type":"B","date":"2018-04-19T02:12:18.000Z","volume":2000,"label":" ","price":4.78},{"type":"A","date":"2018-04-19T02:14:34.000Z","volume":2000,"label":" ","price":4.79},{"type":"B","date":"2018-04-19T02:14:48.000Z","volume":1500,"label":" ","price":4.78},{"type":"B","date":"2018-04-19T02:15:00.000Z","volume":4500,"label":" ","price":4.78},{"type":"B","date":"2018-04-19T02:15:01.000Z","volume":1500,"label":" ","price":4.78},{"type":"B","date":"2018-04-19T02:15:03.000Z","volume":4000,"label":" ","price":4.78},{"type":"B","date":"2018-04-19T02:15:38.000Z","volume":500,"label":" ","price":4.78},{"type":"B","date":"2018-04-19T02:15:48.000Z","volume":500,"label":" ","price":4.78},{"type":"A","date":"2018-04-19T02:17:59.000Z","volume":2000,"label":" ","price":4.79},{"type":"B","date":"2018-04-19T02:18:03.000Z","volume":1000,"label":" ","price":4.78},{"type":"A","date":"2018-04-19T02:18:59.000Z","volume":2000,"label":" ","price":4.79},{"type":"B","date":"2018-04-19T02:19:03.000Z","volume":1500,"label":" ","price":4.78},{"type":"B","date":"2018-04-19T02:19:48.000Z","volume":5000,"label":" ","price":4.78},{"type":"B","date":"2018-04-19T02:20:03.000Z","volume":3500,"label":" ","price":4.78},{"type":"B","date":"2018-04-19T02:21:14.000Z","volume":6500,"label":" ","price":4.78},{"type":"B","date":"2018-04-19T02:21:18.000Z","volume":4000,"label":" ","price":4.78},{"type":"A","date":"2018-04-19T02:22:09.000Z","volume":2000,"label":" ","price":4.79},{"type":"B","date":"2018-04-19T02:22:18.000Z","volume":1500,"label":" ","price":4.78},{"type":"B","date":"2018-04-19T02:22:41.000Z","volume":500,"label":" ","price":4.78},{"type":"B","date":"2018-04-19T02:22:41.000Z","volume":500,"label":" ","price":4.78},{"type":"B","date":"2018-04-19T02:22:48.000Z","volume":500,"label":" ","price":4.78},{"type":"B","date":"2018-04-19T02:23:03.000Z","volume":500,"label":" ","price":4.78},{"type":"B","date":"2018-04-19T02:23:18.000Z","volume":500,"label":" ","price":4.78},{"type":"B","date":"2018-04-19T02:26:05.000Z","volume":1000,"label":" ","price":4.78},{"type":"B","date":"2018-04-19T02:26:18.000Z","volume":500,"label":" ","price":4.78},{"type":"B","date":"2018-04-19T02:26:30.000Z","volume":3500,"label":" ","price":4.78},{"type":"B","date":"2018-04-19T02:26:33.000Z","volume":2500,"label":" ","price":4.78},{"type":"B","date":"2018-04-19T02:26:48.000Z","volume":1000,"label":" ","price":4.78},{"type":"B","date":"2018-04-19T02:27:03.000Z","volume":500,"label":" ","price":4.78},{"type":"A","date":"2018-04-19T02:27:09.000Z","volume":2000,"label":" ","price":4.79},{"type":"B","date":"2018-04-19T02:27:18.000Z","volume":1500,"label":" ","price":4.78},{"type":"B","date":"2018-04-19T02:27:48.000Z","volume":500,"label":" ","price":4.78},{"type":"B","date":"2018-04-19T02:27:48.000Z","volume":500,"label":" ","price":4.78},{"type":"B","date":"2018-04-19T02:27:48.000Z","volume":500,"label":" ","price":4.78},{"type":"B","date":"2018-04-19T02:30:39.000Z","volume":6000,"label":" ","price":4.78},{"type":"B","date":"2018-04-19T02:30:48.000Z","volume":4000,"label":" ","price":4.78},{"type":"A","date":"2018-04-19T02:31:14.000Z","volume":2000,"label":" ","price":4.79},{"type":"B","date":"2018-04-19T02:31:18.000Z","volume":1500,"label":" ","price":4.78},{"type":"B","date":"2018-04-19T02:33:11.000Z","volume":6500,"label":" ","price":4.78},{"type":"B","date":"2018-04-19T02:33:18.000Z","volume":4500,"label":" ","price":4.78},{"type":"A","date":"2018-04-19T02:35:12.000Z","volume":2000,"label":" ","price":4.79},{"type":"B","date":"2018-04-19T02:35:18.000Z","volume":1000,"label":" ","price":4.78},{"type":"B","date":"2018-04-19T02:35:55.000Z","volume":500,"label":" ","price":4.78},{"type":"B","date":"2018-04-19T02:36:02.000Z","volume":56500,"label":" ","price":4.78},{"type":"B","date":"2018-04-19T02:36:03.000Z","volume":8000,"label":" ","price":4.78},{"type":"B","date":"2018-04-19T02:36:03.000Z","volume":4000,"label":" ","price":4.78},{"type":"B","date":"2018-04-19T02:36:03.000Z","volume":18000,"label":" ","price":4.78},{"type":"B","date":"2018-04-19T02:36:03.000Z","volume":8000,"label":" ","price":4.78},{"type":"A","date":"2018-04-19T02:37:19.000Z","volume":2000,"label":" ","price":4.79},{"type":"B","date":"2018-04-19T02:37:33.000Z","volume":1500,"label":" ","price":4.78},{"type":"B","date":"2018-04-19T02:38:31.000Z","volume":2500,"label":" ","price":4.78},{"type":"B","date":"2018-04-19T02:38:33.000Z","volume":1500,"label":" ","price":4.78},{"type":"B","date":"2018-04-19T02:40:55.000Z","volume":500,"label":" ","price":4.78},{"type":"B","date":"2018-04-19T02:41:03.000Z","volume":500,"label":" ","price":4.78},{"type":"A","date":"2018-04-19T02:41:44.000Z","volume":2000,"label":" ","price":4.79},{"type":"B","date":"2018-04-19T02:41:48.000Z","volume":1500,"label":" ","price":4.78},{"type":"B","date":"2018-04-19T02:41:53.000Z","volume":2500,"label":" ","price":4.78},{"type":"B","date":"2018-04-19T02:42:03.000Z","volume":1500,"label":" ","price":4.78},{"type":"B","date":"2018-04-19T02:42:12.000Z","volume":3500,"label":" ","price":4.78},{"type":"B","date":"2018-04-19T02:42:18.000Z","volume":2500,"label":" ","price":4.78},{"type":"B","date":"2018-04-19T02:43:15.000Z","volume":30000,"label":" ","price":4.78},{"type":"B","date":"2018-04-19T02:43:18.000Z","volume":9000,"label":" ","price":4.78},{"type":"B","date":"2018-04-19T02:43:18.000Z","volume":5000,"label":" ","price":4.78},{"type":"B","date":"2018-04-19T02:43:19.000Z","volume":6000,"label":" ","price":4.78},{"type":"B","date":"2018-04-19T02:43:59.000Z","volume":7000,"label":" ","price":4.78},{"type":"B","date":"2018-04-19T02:44:03.000Z","volume":4500,"label":" ","price":4.78},{"type":"B","date":"2018-04-19T02:44:22.000Z","volume":2500,"label":" ","price":4.78},{"type":"B","date":"2018-04-19T02:44:33.000Z","volume":1500,"label":" ","price":4.78},{"type":"A","date":"2018-04-19T02:45:44.000Z","volume":2000,"label":" ","price":4.79},{"type":"B","date":"2018-04-19T02:45:48.000Z","volume":1500,"label":" ","price":4.78},{"type":"A","date":"2018-04-19T02:47:09.000Z","volume":1500,"label":" ","price":4.79},{"type":"B","date":"2018-04-19T02:47:14.000Z","volume":1000,"label":" ","price":4.78},{"type":"B","date":"2018-04-19T02:47:18.000Z","volume":1500,"label":" ","price":4.78},{"type":"A","date":"2018-04-19T02:48:44.000Z","volume":2000,"label":" ","price":4.79},{"type":"B","date":"2018-04-19T02:48:48.000Z","volume":1500,"label":" ","price":4.78},{"type":"B","date":"2018-04-19T02:48:58.000Z","volume":500,"label":" ","price":4.78},{"type":"B","date":"2018-04-19T02:49:03.000Z","volume":500,"label":" ","price":4.78},{"type":"B","date":"2018-04-19T02:51:07.000Z","volume":1000,"label":" ","price":4.78},{"type":"B","date":"2018-04-19T02:51:18.000Z","volume":500,"label":" ","price":4.78},{"type":"B","date":"2018-04-19T02:51:29.000Z","volume":1000,"label":" ","price":4.78},{"type":"B","date":"2018-04-19T02:51:33.000Z","volume":500,"label":" ","price":4.78},{"type":"B","date":"2018-04-19T02:52:07.000Z","volume":5500,"label":" ","price":4.78},{"type":"B","date":"2018-04-19T02:52:18.000Z","volume":4000,"label":" ","price":4.78},{"type":"B","date":"2018-04-19T02:52:28.000Z","volume":500,"label":" ","price":4.78},{"type":"B","date":"2018-04-19T02:52:29.000Z","volume":500,"label":" ","price":4.78},{"type":"B","date":"2018-04-19T02:52:33.000Z","volume":500,"label":" ","price":4.78},{"type":"A","date":"2018-04-19T02:53:54.000Z","volume":2000,"label":" ","price":4.79},{"type":"B","date":"2018-04-19T02:54:03.000Z","volume":1500,"label":" ","price":4.78},{"type":"B","date":"2018-04-19T02:54:50.000Z","volume":500,"label":" ","price":4.78},{"type":"B","date":"2018-04-19T02:54:58.000Z","volume":4000,"label":" ","price":4.78},{"type":"B","date":"2018-04-19T02:55:03.000Z","volume":3000,"label":" ","price":4.78},{"type":"A","date":"2018-04-19T02:55:19.000Z","volume":2000,"label":" ","price":4.79},{"type":"B","date":"2018-04-19T02:55:33.000Z","volume":1000,"label":" ","price":4.78},{"type":"B","date":"2018-04-19T02:55:47.000Z","volume":500,"label":" ","price":4.78},{"type":"B","date":"2018-04-19T02:55:48.000Z","volume":500,"label":" ","price":4.78},{"type":"B","date":"2018-04-19T02:58:38.000Z","volume":5500,"label":" ","price":4.78},{"type":"B","date":"2018-04-19T02:58:48.000Z","volume":3500,"label":" ","price":4.78},{"type":"A","date":"2018-04-19T02:59:19.000Z","volume":2000,"label":" ","price":4.79},{"type":"B","date":"2018-04-19T02:59:33.000Z","volume":1500,"label":" ","price":4.78},{"type":"B","date":"2018-04-19T02:59:48.000Z","volume":500,"label":" ","price":4.78},{"type":"B","date":"2018-04-19T03:00:03.000Z","volume":500,"label":" ","price":4.78},{"type":"A","date":"2018-04-19T03:01:44.000Z","volume":2000,"label":" ","price":4.79},{"type":"B","date":"2018-04-19T03:01:48.000Z","volume":1000,"label":" ","price":4.78},{"type":"A","date":"2018-04-19T03:02:49.000Z","volume":2000,"label":" ","price":4.79},{"type":"B","date":"2018-04-19T03:02:52.000Z","volume":6000,"label":" ","price":4.78},{"type":"B","date":"2018-04-19T03:03:03.000Z","volume":5500,"label":" ","price":4.78},{"type":"B","date":"2018-04-19T03:06:26.000Z","volume":1000,"label":" ","price":4.78},{"type":"B","date":"2018-04-19T03:06:28.000Z","volume":5000,"label":" ","price":4.78},{"type":"B","date":"2018-04-19T03:06:33.000Z","volume":4000,"label":" ","price":4.78},{"type":"B","date":"2018-04-19T03:06:40.000Z","volume":5000,"label":" ","price":4.78},{"type":"B","date":"2018-04-19T03:06:48.000Z","volume":3500,"label":" ","price":4.78},{"type":"B","date":"2018-04-19T03:06:51.000Z","volume":7000,"label":" ","price":4.78},{"type":"B","date":"2018-04-19T03:07:03.000Z","volume":4500,"label":" ","price":4.78},{"type":"B","date":"2018-04-19T03:07:53.000Z","volume":3000,"label":" ","price":4.78},{"type":"B","date":"2018-04-19T03:08:03.000Z","volume":2000,"label":" ","price":4.78},{"type":"B","date":"2018-04-19T03:09:36.000Z","volume":6000,"label":" ","price":4.78},{"type":"A","date":"2018-04-19T03:09:44.000Z","volume":2000,"label":" ","price":4.79},{"type":"B","date":"2018-04-19T03:09:48.000Z","volume":3000,"label":" ","price":4.78},{"type":"B","date":"2018-04-19T03:09:48.000Z","volume":500,"label":" ","price":4.78},{"type":"B","date":"2018-04-19T03:09:48.000Z","volume":1500,"label":" ","price":4.78},{"type":"B","date":"2018-04-19T03:09:49.000Z","volume":500,"label":" ","price":4.78},{"type":"A","date":"2018-04-19T03:10:58.000Z","volume":5000,"label":" ","price":4.79},{"type":"B","date":"2018-04-19T03:11:03.000Z","volume":3000,"label":" ","price":4.78},{"type":"B","date":"2018-04-19T03:12:12.000Z","volume":3500,"label":" ","price":4.78},{"type":"B","date":"2018-04-19T03:12:18.000Z","volume":2500,"label":" ","price":4.78},{"type":"B","date":"2018-04-19T03:13:41.000Z","volume":5500,"label":" ","price":4.78},{"type":"B","date":"2018-04-19T03:13:48.000Z","volume":2500,"label":" ","price":4.78},{"type":"B","date":"2018-04-19T03:13:48.000Z","volume":1000,"label":" ","price":4.78},{"type":"B","date":"2018-04-19T03:15:20.000Z","volume":6500,"label":" ","price":4.78},{"type":"B","date":"2018-04-19T03:15:33.000Z","volume":2500,"label":" ","price":4.78},{"type":"B","date":"2018-04-19T03:15:33.000Z","volume":500,"label":" ","price":4.78},{"type":"B","date":"2018-04-19T03:15:34.000Z","volume":1500,"label":" ","price":4.78},{"type":"B","date":"2018-04-19T03:16:06.000Z","volume":500,"label":" ","price":4.78},{"type":"B","date":"2018-04-19T03:16:18.000Z","volume":500,"label":" ","price":4.78},{"type":"A","date":"2018-04-19T03:16:24.000Z","volume":2000,"label":" ","price":4.79},{"type":"B","date":"2018-04-19T03:16:29.000Z","volume":500,"label":" ","price":4.78},{"type":"B","date":"2018-04-19T03:16:33.000Z","volume":1500,"label":" ","price":4.78},{"type":"B","date":"2018-04-19T03:16:54.000Z","volume":6000,"label":" ","price":4.78},{"type":"B","date":"2018-04-19T03:17:03.000Z","volume":4000,"label":" ","price":4.78},{"type":"B","date":"2018-04-19T03:18:03.000Z","volume":4000,"label":" ","price":4.78},{"type":"B","date":"2018-04-19T03:18:18.000Z","volume":2500,"label":" ","price":4.78},{"type":"B","date":"2018-04-19T03:18:45.000Z","volume":500,"label":" ","price":4.78},{"type":"B","date":"2018-04-19T03:18:48.000Z","volume":500,"label":" ","price":4.78},{"type":"B","date":"2018-04-19T03:18:57.000Z","volume":7500,"label":" ","price":4.78},{"type":"B","date":"2018-04-19T03:19:03.000Z","volume":3500,"label":" ","price":4.78},{"type":"B","date":"2018-04-19T03:19:03.000Z","volume":1500,"label":" ","price":4.78},{"type":"B","date":"2018-04-19T03:21:04.000Z","volume":4500,"label":" ","price":4.78},{"type":"A","date":"2018-04-19T03:21:09.000Z","volume":500,"label":"Y","price":4.79},{"type":"A","date":"2018-04-19T03:21:09.000Z","volume":1500,"label":" ","price":4.79},{"type":"B","date":"2018-04-19T03:21:18.000Z","volume":4500,"label":" ","price":4.78},{"type":"A","date":"2018-04-19T03:21:59.000Z","volume":1000,"label":"Y","price":4.79},{"type":"A","date":"2018-04-19T03:21:59.000Z","volume":500,"label":" ","price":4.79},{"type":"B","date":"2018-04-19T03:22:03.000Z","volume":1000,"label":" ","price":4.78},{"type":"A","date":"2018-04-19T03:24:24.000Z","volume":2000,"label":" ","price":4.79},{"type":"B","date":"2018-04-19T03:24:33.000Z","volume":1000,"label":" ","price":4.78},{"type":"B","date":"2018-04-19T03:24:35.000Z","volume":5500,"label":" ","price":4.78},{"type":"B","date":"2018-04-19T03:24:48.000Z","volume":4000,"label":" ","price":4.78},{"type":"B","date":"2018-04-19T03:25:19.000Z","volume":500,"label":" ","price":4.78},{"type":"B","date":"2018-04-19T03:25:58.000Z","volume":1000,"label":" ","price":4.78},{"type":"B","date":"2018-04-19T03:26:03.000Z","volume":1000,"label":" ","price":4.78},{"type":"B","date":"2018-04-19T03:27:19.000Z","volume":500,"label":" ","price":4.78},{"type":"B","date":"2018-04-19T03:29:35.000Z","volume":1000,"label":" ","price":4.78},{"type":"B","date":"2018-04-19T03:29:48.000Z","volume":1000,"label":" ","price":4.78},{"type":"B","date":"2018-04-19T03:29:49.000Z","volume":5000,"label":" ","price":4.78},{"type":"B","date":"2018-04-19T03:29:49.000Z","volume":3000,"label":" ","price":4.78},{"type":"A","date":"2018-04-19T03:30:39.000Z","volume":3000,"label":" ","price":4.79},{"type":"B","date":"2018-04-19T03:30:48.000Z","volume":2000,"label":" ","price":4.78},{"type":"B","date":"2018-04-19T03:31:52.000Z","volume":500,"label":" ","price":4.78},{"type":"B","date":"2018-04-19T03:32:03.000Z","volume":500,"label":" ","price":4.78},{"type":"B","date":"2018-04-19T03:32:15.000Z","volume":6000,"label":" ","price":4.78},{"type":"B","date":"2018-04-19T03:32:18.000Z","volume":4000,"label":" ","price":4.78},{"type":"A","date":"2018-04-19T03:33:04.000Z","volume":2000,"label":" ","price":4.79},{"type":"B","date":"2018-04-19T03:33:18.000Z","volume":1500,"label":" ","price":4.78},{"type":"A","date":"2018-04-19T03:33:34.000Z","volume":2000,"label":" ","price":4.79},{"type":"B","date":"2018-04-19T03:33:36.000Z","volume":500,"label":" ","price":4.78},{"type":"B","date":"2018-04-19T03:33:48.000Z","volume":1500,"label":" ","price":4.78},{"type":"A","date":"2018-04-19T03:33:48.000Z","volume":1500,"label":" ","price":4.79},{"type":"B","date":"2018-04-19T03:33:49.000Z","volume":1000,"label":" ","price":4.78},{"type":"B","date":"2018-04-19T03:34:21.000Z","volume":2500,"label":" ","price":4.78},{"type":"B","date":"2018-04-19T03:34:33.000Z","volume":1500,"label":" ","price":4.78},{"type":"B","date":"2018-04-19T03:35:01.000Z","volume":4500,"label":" ","price":4.78},{"type":"B","date":"2018-04-19T03:35:03.000Z","volume":3000,"label":" ","price":4.78},{"type":"A","date":"2018-04-19T03:35:03.000Z","volume":2000,"label":" ","price":4.79},{"type":"B","date":"2018-04-19T03:35:04.000Z","volume":1500,"label":" ","price":4.78},{"type":"B","date":"2018-04-19T03:36:15.000Z","volume":4000,"label":" ","price":4.78},{"type":"B","date":"2018-04-19T03:36:18.000Z","volume":2500,"label":" ","price":4.78},{"type":"A","date":"2018-04-19T03:36:39.000Z","volume":2000,"label":" ","price":4.79},{"type":"B","date":"2018-04-19T03:36:48.000Z","volume":1500,"label":" ","price":4.78},{"type":"B","date":"2018-04-19T03:37:40.000Z","volume":1000,"label":" ","price":4.78},{"type":"B","date":"2018-04-19T03:37:48.000Z","volume":500,"label":" ","price":4.78},{"type":"A","date":"2018-04-19T03:39:39.000Z","volume":2000,"label":" ","price":4.79},{"type":"B","date":"2018-04-19T03:39:48.000Z","volume":1500,"label":" ","price":4.78},{"type":"U","date":"2018-04-19T03:39:52.000Z","volume":300,"label":"D","price":4.74},{"type":"B","date":"2018-04-19T03:41:50.000Z","volume":500,"label":" ","price":4.78},{"type":"B","date":"2018-04-19T03:41:51.000Z","volume":500,"label":" ","price":4.78},{"type":"A","date":"2018-04-19T03:44:04.000Z","volume":2500,"label":" ","price":4.79},{"type":"B","date":"2018-04-19T03:44:05.000Z","volume":1500,"label":" ","price":4.78},{"type":"A","date":"2018-04-19T03:44:24.000Z","volume":2500,"label":" ","price":4.79},{"type":"B","date":"2018-04-19T03:44:25.000Z","volume":1500,"label":" ","price":4.78},{"type":"A","date":"2018-04-19T03:44:34.000Z","volume":1500,"label":" ","price":4.79},{"type":"B","date":"2018-04-19T03:44:35.000Z","volume":1000,"label":" ","price":4.78},{"type":"A","date":"2018-04-19T03:44:54.000Z","volume":2500,"label":" ","price":4.79},{"type":"B","date":"2018-04-19T03:44:55.000Z","volume":2000,"label":" ","price":4.78},{"type":"B","date":"2018-04-19T03:45:07.000Z","volume":1000,"label":" ","price":4.78},{"type":"B","date":"2018-04-19T03:45:08.000Z","volume":500,"label":" ","price":4.78},{"type":"B","date":"2018-04-19T03:45:19.000Z","volume":7000,"label":" ","price":4.78},{"type":"B","date":"2018-04-19T03:45:20.000Z","volume":4500,"label":" ","price":4.78},{"type":"B","date":"2018-04-19T03:45:27.000Z","volume":31000,"label":" ","price":4.78},{"type":"B","date":"2018-04-19T03:45:28.000Z","volume":21000,"label":" ","price":4.78},{"type":"B","date":"2018-04-19T03:46:32.000Z","volume":6500,"label":" ","price":4.78},{"type":"B","date":"2018-04-19T03:46:33.000Z","volume":4000,"label":" ","price":4.78},{"type":"A","date":"2018-04-19T03:47:24.000Z","volume":2000,"label":" ","price":4.79},{"type":"B","date":"2018-04-19T03:47:33.000Z","volume":1500,"label":" ","price":4.78},{"type":"B","date":"2018-04-19T03:47:44.000Z","volume":1000,"label":" ","price":4.78},{"type":"B","date":"2018-04-19T03:47:44.000Z","volume":1000,"label":" ","price":4.78},{"type":"B","date":"2018-04-19T03:47:48.000Z","volume":1500,"label":" ","price":4.78},{"type":"B","date":"2018-04-19T03:47:54.000Z","volume":4000,"label":" ","price":4.78},{"type":"B","date":"2018-04-19T03:47:55.000Z","volume":10000,"label":" ","price":4.78},{"type":"B","date":"2018-04-19T03:48:03.000Z","volume":9000,"label":" ","price":4.78},{"type":"A","date":"2018-04-19T03:49:39.000Z","volume":2000,"label":" ","price":4.79},{"type":"B","date":"2018-04-19T03:49:48.000Z","volume":1500,"label":" ","price":4.78},{"type":"A","date":"2018-04-19T03:51:39.000Z","volume":2000,"label":" ","price":4.79},{"type":"B","date":"2018-04-19T03:51:48.000Z","volume":1500,"label":" ","price":4.78},{"type":"B","date":"2018-04-19T03:53:19.000Z","volume":500,"label":" ","price":4.78},{"type":"A","date":"2018-04-19T03:53:39.000Z","volume":2000,"label":" ","price":4.79},{"type":"B","date":"2018-04-19T03:53:48.000Z","volume":1500,"label":" ","price":4.78},{"type":"B","date":"2018-04-19T03:53:48.000Z","volume":6500,"label":" ","price":4.78},{"type":"B","date":"2018-04-19T03:53:49.000Z","volume":4500,"label":" ","price":4.78},{"type":"B","date":"2018-04-19T03:53:58.000Z","volume":500,"label":" ","price":4.78},{"type":"A","date":"2018-04-19T03:54:19.000Z","volume":1500,"label":" ","price":4.79},{"type":"B","date":"2018-04-19T03:54:33.000Z","volume":1000,"label":" ","price":4.78},{"type":"A","date":"2018-04-19T03:55:24.000Z","volume":2000,"label":" ","price":4.79},{"type":"B","date":"2018-04-19T03:55:33.000Z","volume":1500,"label":" ","price":4.78},{"type":"A","date":"2018-04-19T03:58:08.000Z","volume":2000,"label":" ","price":4.79},{"type":"B","date":"2018-04-19T03:58:09.000Z","volume":1500,"label":" ","price":4.78},{"type":"B","date":"2018-04-19T03:59:12.000Z","volume":3500,"label":" ","price":4.78},{"type":"B","date":"2018-04-19T03:59:12.000Z","volume":2000,"label":" ","price":4.78},{"type":"A","date":"2018-04-19T05:00:00.000Z","volume":6500,"label":" ","price":4.79},{"type":"B","date":"2018-04-19T05:00:01.000Z","volume":18500,"label":" ","price":4.78},{"type":"B","date":"2018-04-19T05:00:02.000Z","volume":4000,"label":" ","price":4.78},{"type":"B","date":"2018-04-19T05:00:02.000Z","volume":4500,"label":" ","price":4.78},{"type":"B","date":"2018-04-19T05:00:02.000Z","volume":2500,"label":" ","price":4.78},{"type":"B","date":"2018-04-19T05:00:03.000Z","volume":500,"label":" ","price":4.78},{"type":"B","date":"2018-04-19T05:00:08.000Z","volume":6000,"label":" ","price":4.78},{"type":"A","date":"2018-04-19T05:00:14.000Z","volume":1500,"label":" ","price":4.79},{"type":"B","date":"2018-04-19T05:00:17.000Z","volume":1000,"label":" ","price":4.78},{"type":"B","date":"2018-04-19T05:00:54.000Z","volume":4000,"label":" ","price":4.78},{"type":"B","date":"2018-04-19T05:01:02.000Z","volume":3000,"label":" ","price":4.78},{"type":"B","date":"2018-04-19T05:03:37.000Z","volume":1000,"label":" ","price":4.78},{"type":"B","date":"2018-04-19T05:03:39.000Z","volume":5000,"label":" ","price":4.78},{"type":"B","date":"2018-04-19T05:03:47.000Z","volume":4000,"label":" ","price":4.78},{"type":"B","date":"2018-04-19T05:04:45.000Z","volume":5500,"label":" ","price":4.78},{"type":"B","date":"2018-04-19T05:04:47.000Z","volume":3500,"label":" ","price":4.78},{"type":"B","date":"2018-04-19T05:05:11.000Z","volume":6000,"label":" ","price":4.78},{"type":"B","date":"2018-04-19T05:05:17.000Z","volume":4000,"label":" ","price":4.78},{"type":"B","date":"2018-04-19T05:07:14.000Z","volume":6500,"label":" ","price":4.78},{"type":"B","date":"2018-04-19T05:07:17.000Z","volume":4500,"label":" ","price":4.78},{"type":"B","date":"2018-04-19T05:07:39.000Z","volume":10000,"label":" ","price":4.78},{"type":"B","date":"2018-04-19T05:07:47.000Z","volume":5500,"label":" ","price":4.78},{"type":"B","date":"2018-04-19T05:07:47.000Z","volume":1000,"label":" ","price":4.78},{"type":"B","date":"2018-04-19T05:08:14.000Z","volume":6500,"label":" ","price":4.78},{"type":"B","date":"2018-04-19T05:08:17.000Z","volume":4500,"label":" ","price":4.78},{"type":"A","date":"2018-04-19T05:11:04.000Z","volume":2000,"label":" ","price":4.79},{"type":"B","date":"2018-04-19T05:11:17.000Z","volume":1000,"label":" ","price":4.78},{"type":"U","date":"2018-04-19T05:11:25.000Z","volume":100,"label":"D","price":4.73},{"type":"B","date":"2018-04-19T05:12:47.000Z","volume":6000,"label":" ","price":4.78},{"type":"B","date":"2018-04-19T05:12:53.000Z","volume":4000,"label":" ","price":4.78},{"type":"B","date":"2018-04-19T05:13:00.000Z","volume":500,"label":" ","price":4.78},{"type":"B","date":"2018-04-19T05:13:02.000Z","volume":500,"label":" ","price":4.78},{"type":"B","date":"2018-04-19T05:13:24.000Z","volume":1000,"label":" ","price":4.78},{"type":"B","date":"2018-04-19T05:13:32.000Z","volume":500,"label":" ","price":4.78},{"type":"B","date":"2018-04-19T05:13:44.000Z","volume":3500,"label":" ","price":4.78},{"type":"B","date":"2018-04-19T05:13:47.000Z","volume":2500,"label":" ","price":4.78},{"type":"A","date":"2018-04-19T05:14:04.000Z","volume":2000,"label":" ","price":4.79},{"type":"B","date":"2018-04-19T05:14:10.000Z","volume":3000,"label":" ","price":4.78},{"type":"B","date":"2018-04-19T05:14:10.000Z","volume":2500,"label":" ","price":4.78},{"type":"B","date":"2018-04-19T05:14:17.000Z","volume":5000,"label":" ","price":4.78},{"type":"A","date":"2018-04-19T05:14:34.000Z","volume":2500,"label":" ","price":4.79},{"type":"B","date":"2018-04-19T05:14:47.000Z","volume":1500,"label":" ","price":4.78},{"type":"A","date":"2018-04-19T05:15:04.000Z","volume":2000,"label":" ","price":4.79},{"type":"B","date":"2018-04-19T05:15:17.000Z","volume":1500,"label":" ","price":4.78},{"type":"A","date":"2018-04-19T05:16:09.000Z","volume":2000,"label":" ","price":4.79},{"type":"B","date":"2018-04-19T05:16:17.000Z","volume":1500,"label":" ","price":4.78},{"type":"B","date":"2018-04-19T05:16:47.000Z","volume":20000,"label":" ","price":4.78},{"type":"B","date":"2018-04-19T05:16:57.000Z","volume":500,"label":" ","price":4.78},{"type":"B","date":"2018-04-19T05:17:02.000Z","volume":6000,"label":" ","price":4.78},{"type":"B","date":"2018-04-19T05:17:02.000Z","volume":3500,"label":" ","price":4.78},{"type":"B","date":"2018-04-19T05:17:02.000Z","volume":4000,"label":" ","price":4.78},{"type":"A","date":"2018-04-19T05:19:34.000Z","volume":2000,"label":" ","price":4.79},{"type":"B","date":"2018-04-19T05:19:47.000Z","volume":1500,"label":" ","price":4.78},{"type":"B","date":"2018-04-19T05:20:52.000Z","volume":3500,"label":" ","price":4.78},{"type":"B","date":"2018-04-19T05:21:02.000Z","volume":2000,"label":" ","price":4.78},{"type":"A","date":"2018-04-19T05:23:24.000Z","volume":2500,"label":" ","price":4.79},{"type":"U","date":"2018-04-19T05:23:26.000Z","volume":50,"label":"D","price":4.73},{"type":"B","date":"2018-04-19T05:23:32.000Z","volume":2000,"label":" ","price":4.78},{"type":"B","date":"2018-04-19T05:24:04.000Z","volume":500,"label":" ","price":4.78},{"type":"A","date":"2018-04-19T05:24:04.000Z","volume":2000,"label":" ","price":4.79},{"type":"B","date":"2018-04-19T05:24:14.000Z","volume":1000,"label":" ","price":4.78},{"type":"A","date":"2018-04-19T05:24:14.000Z","volume":500,"label":" ","price":4.79},{"type":"B","date":"2018-04-19T05:24:17.000Z","volume":2500,"label":" ","price":4.78},{"type":"A","date":"2018-04-19T05:24:44.000Z","volume":500,"label":" ","price":4.79},{"type":"B","date":"2018-04-19T05:24:47.000Z","volume":500,"label":" ","price":4.78},{"type":"A","date":"2018-04-19T05:25:14.000Z","volume":500,"label":" ","price":4.79},{"type":"B","date":"2018-04-19T05:25:19.000Z","volume":7000,"label":" ","price":4.78},{"type":"B","date":"2018-04-19T05:25:32.000Z","volume":5000,"label":" ","price":4.78},{"type":"A","date":"2018-04-19T05:26:14.000Z","volume":500,"label":" ","price":4.79},{"type":"A","date":"2018-04-19T05:26:50.000Z","volume":500,"label":" ","price":4.79},{"type":"B","date":"2018-04-19T05:26:51.000Z","volume":5000,"label":" ","price":4.78},{"type":"A","date":"2018-04-19T05:26:54.000Z","volume":2000,"label":" ","price":4.79},{"type":"B","date":"2018-04-19T05:27:02.000Z","volume":5000,"label":" ","price":4.78},{"type":"A","date":"2018-04-19T05:27:43.000Z","volume":500,"label":" ","price":4.79},{"type":"B","date":"2018-04-19T05:27:47.000Z","volume":500,"label":" ","price":4.78},{"type":"B","date":"2018-04-19T05:27:58.000Z","volume":1000,"label":" ","price":4.78},{"type":"B","date":"2018-04-19T05:28:02.000Z","volume":500,"label":" ","price":4.78},{"type":"A","date":"2018-04-19T05:28:44.000Z","volume":500,"label":" ","price":4.79},{"type":"B","date":"2018-04-19T05:28:47.000Z","volume":500,"label":" ","price":4.78},{"type":"B","date":"2018-04-19T05:29:04.000Z","volume":7000,"label":" ","price":4.78},{"type":"B","date":"2018-04-19T05:29:17.000Z","volume":4500,"label":" ","price":4.78},{"type":"B","date":"2018-04-19T05:29:48.000Z","volume":500,"label":" ","price":4.78},{"type":"B","date":"2018-04-19T05:30:02.000Z","volume":500,"label":" ","price":4.78},{"type":"B","date":"2018-04-19T05:30:23.000Z","volume":500,"label":" ","price":4.78},{"type":"B","date":"2018-04-19T05:30:31.000Z","volume":500,"label":" ","price":4.78},{"type":"B","date":"2018-04-19T05:30:32.000Z","volume":500,"label":" ","price":4.78},{"type":"B","date":"2018-04-19T05:31:51.000Z","volume":5000,"label":" ","price":4.78},{"type":"A","date":"2018-04-19T05:31:59.000Z","volume":2000,"label":" ","price":4.79},{"type":"B","date":"2018-04-19T05:32:02.000Z","volume":5000,"label":" ","price":4.78},{"type":"U","date":"2018-04-19T05:32:47.000Z","volume":60,"label":"D","price":4.74},{"type":"B","date":"2018-04-19T05:33:47.000Z","volume":4000,"label":" ","price":4.78},{"type":"B","date":"2018-04-19T05:34:02.000Z","volume":2500,"label":" ","price":4.78},{"type":"B","date":"2018-04-19T05:35:57.000Z","volume":1000,"label":" ","price":4.78},{"type":"B","date":"2018-04-19T05:36:02.000Z","volume":500,"label":" ","price":4.78},{"type":"A","date":"2018-04-19T05:37:49.000Z","volume":2000,"label":" ","price":4.79},{"type":"B","date":"2018-04-19T05:38:02.000Z","volume":1500,"label":" ","price":4.78},{"type":"B","date":"2018-04-19T05:38:55.000Z","volume":2000,"label":" ","price":4.78},{"type":"B","date":"2018-04-19T05:39:02.000Z","volume":1500,"label":" ","price":4.78},{"type":"B","date":"2018-04-19T05:40:19.000Z","volume":3500,"label":" ","price":4.78},{"type":"B","date":"2018-04-19T05:40:32.000Z","volume":2000,"label":" ","price":4.78},{"type":"A","date":"2018-04-19T05:40:49.000Z","volume":2000,"label":" ","price":4.79},{"type":"B","date":"2018-04-19T05:40:56.000Z","volume":7000,"label":" ","price":4.78},{"type":"B","date":"2018-04-19T05:41:02.000Z","volume":6000,"label":" ","price":4.78},{"type":"B","date":"2018-04-19T05:46:25.000Z","volume":500,"label":" ","price":4.78},{"type":"B","date":"2018-04-19T05:46:32.000Z","volume":500,"label":" ","price":4.78},{"type":"A","date":"2018-04-19T05:46:39.000Z","volume":2000,"label":" ","price":4.79},{"type":"B","date":"2018-04-19T05:46:47.000Z","volume":1500,"label":" ","price":4.78},{"type":"B","date":"2018-04-19T05:47:42.000Z","volume":3500,"label":" ","price":4.78},{"type":"B","date":"2018-04-19T05:47:47.000Z","volume":2000,"label":" ","price":4.78},{"type":"A","date":"2018-04-19T05:48:54.000Z","volume":2000,"label":" ","price":4.79},{"type":"B","date":"2018-04-19T05:49:02.000Z","volume":1500,"label":" ","price":4.78},{"type":"B","date":"2018-04-19T05:49:18.000Z","volume":500,"label":" ","price":4.78},{"type":"B","date":"2018-04-19T05:49:32.000Z","volume":500,"label":" ","price":4.78},{"type":"A","date":"2018-04-19T05:52:34.000Z","volume":2000,"label":" ","price":4.79},{"type":"A","date":"2018-04-19T05:52:40.000Z","volume":500,"label":" ","price":4.79},{"type":"B","date":"2018-04-19T05:52:47.000Z","volume":1500,"label":" ","price":4.78},{"type":"B","date":"2018-04-19T05:53:09.000Z","volume":6500,"label":" ","price":4.78},{"type":"A","date":"2018-04-19T05:53:11.000Z","volume":500,"label":" ","price":4.79},{"type":"B","date":"2018-04-19T05:53:17.000Z","volume":4500,"label":" ","price":4.78},{"type":"A","date":"2018-04-19T05:53:41.000Z","volume":500,"label":" ","price":4.79},{"type":"B","date":"2018-04-19T05:53:47.000Z","volume":500,"label":" ","price":4.78},{"type":"B","date":"2018-04-19T05:53:49.000Z","volume":3500,"label":" ","price":4.78},{"type":"B","date":"2018-04-19T05:54:02.000Z","volume":2500,"label":" ","price":4.78},{"type":"B","date":"2018-04-19T05:54:26.000Z","volume":3500,"label":" ","price":4.78},{"type":"B","date":"2018-04-19T05:54:32.000Z","volume":2000,"label":" ","price":4.78},{"type":"A","date":"2018-04-19T05:55:11.000Z","volume":500,"label":" ","price":4.79},{"type":"B","date":"2018-04-19T05:55:17.000Z","volume":500,"label":" ","price":4.78},{"type":"A","date":"2018-04-19T05:55:49.000Z","volume":2000,"label":" ","price":4.79},{"type":"B","date":"2018-04-19T05:56:02.000Z","volume":1500,"label":" ","price":4.78},{"type":"A","date":"2018-04-19T05:56:41.000Z","volume":500,"label":" ","price":4.79},{"type":"A","date":"2018-04-19T05:59:41.000Z","volume":1000,"label":" ","price":4.79},{"type":"B","date":"2018-04-19T05:59:47.000Z","volume":1000,"label":" ","price":4.78},{"type":"B","date":"2018-04-19T06:00:03.000Z","volume":6000,"label":" ","price":4.78},{"type":"B","date":"2018-04-19T06:00:08.000Z","volume":4000,"label":" ","price":4.78},{"type":"A","date":"2018-04-19T06:00:39.000Z","volume":2000,"label":" ","price":4.79},{"type":"B","date":"2018-04-19T06:00:47.000Z","volume":1000,"label":" ","price":4.78},{"type":"B","date":"2018-04-19T06:01:05.000Z","volume":6000,"label":" ","price":4.78},{"type":"B","date":"2018-04-19T06:01:17.000Z","volume":4000,"label":" ","price":4.78},{"type":"A","date":"2018-04-19T06:02:41.000Z","volume":500,"label":" ","price":4.79},{"type":"B","date":"2018-04-19T06:02:47.000Z","volume":500,"label":" ","price":4.78},{"type":"B","date":"2018-04-19T06:02:53.000Z","volume":1000,"label":" ","price":4.78},{"type":"B","date":"2018-04-19T06:03:02.000Z","volume":500,"label":" ","price":4.78},{"type":"A","date":"2018-04-19T06:04:49.000Z","volume":2000,"label":" ","price":4.79},{"type":"B","date":"2018-04-19T06:04:50.000Z","volume":500,"label":" ","price":4.78},{"type":"B","date":"2018-04-19T06:05:02.000Z","volume":2000,"label":" ","price":4.78},{"type":"B","date":"2018-04-19T06:05:52.000Z","volume":500,"label":" ","price":4.78},{"type":"B","date":"2018-04-19T06:06:43.000Z","volume":6500,"label":" ","price":4.78},{"type":"B","date":"2018-04-19T06:06:47.000Z","volume":4500,"label":" ","price":4.78},{"type":"B","date":"2018-04-19T06:08:11.000Z","volume":1000,"label":" ","price":4.78},{"type":"B","date":"2018-04-19T06:08:17.000Z","volume":500,"label":" ","price":4.78},{"type":"B","date":"2018-04-19T06:08:23.000Z","volume":15000,"label":" ","price":4.78},{"type":"B","date":"2018-04-19T06:08:32.000Z","volume":5500,"label":" ","price":4.78},{"type":"B","date":"2018-04-19T06:08:32.000Z","volume":1000,"label":" ","price":4.78},{"type":"B","date":"2018-04-19T06:08:32.000Z","volume":3000,"label":" ","price":4.78},{"type":"B","date":"2018-04-19T06:08:33.000Z","volume":500,"label":" ","price":4.78},{"type":"A","date":"2018-04-19T06:09:39.000Z","volume":2000,"label":" ","price":4.79},{"type":"B","date":"2018-04-19T06:09:47.000Z","volume":1500,"label":" ","price":4.78},{"type":"B","date":"2018-04-19T06:11:46.000Z","volume":4500,"label":" ","price":4.78},{"type":"B","date":"2018-04-19T06:11:47.000Z","volume":3000,"label":" ","price":4.78},{"type":"B","date":"2018-04-19T06:12:46.000Z","volume":2500,"label":" ","price":4.78},{"type":"B","date":"2018-04-19T06:12:47.000Z","volume":1500,"label":" ","price":4.78},{"type":"B","date":"2018-04-19T06:13:56.000Z","volume":500,"label":" ","price":4.78},{"type":"B","date":"2018-04-19T06:14:02.000Z","volume":500,"label":" ","price":4.78},{"type":"A","date":"2018-04-19T06:14:02.000Z","volume":2000,"label":" ","price":4.79},{"type":"B","date":"2018-04-19T06:14:03.000Z","volume":1500,"label":" ","price":4.78},{"type":"A","date":"2018-04-19T06:15:19.000Z","volume":2000,"label":" ","price":4.79},{"type":"B","date":"2018-04-19T06:15:32.000Z","volume":1000,"label":" ","price":4.78},{"type":"B","date":"2018-04-19T06:17:11.000Z","volume":500,"label":" ","price":4.78},{"type":"B","date":"2018-04-19T06:17:11.000Z","volume":5000,"label":" ","price":4.78},{"type":"B","date":"2018-04-19T06:17:17.000Z","volume":4000,"label":" ","price":4.78},{"type":"B","date":"2018-04-19T06:18:23.000Z","volume":500,"label":" ","price":4.78},{"type":"B","date":"2018-04-19T06:18:35.000Z","volume":4000,"label":" ","price":4.78},{"type":"B","date":"2018-04-19T06:18:47.000Z","volume":3000,"label":" ","price":4.78},{"type":"B","date":"2018-04-19T06:19:04.000Z","volume":6500,"label":" ","price":4.78},{"type":"B","date":"2018-04-19T06:19:17.000Z","volume":4000,"label":" ","price":4.78},{"type":"B","date":"2018-04-19T06:20:41.000Z","volume":3500,"label":" ","price":4.78},{"type":"B","date":"2018-04-19T06:20:47.000Z","volume":2500,"label":" ","price":4.78},{"type":"A","date":"2018-04-19T06:21:24.000Z","volume":2000,"label":" ","price":4.79},{"type":"B","date":"2018-04-19T06:21:32.000Z","volume":1500,"label":" ","price":4.78},{"type":"A","date":"2018-04-19T06:23:09.000Z","volume":2000,"label":" ","price":4.79},{"type":"B","date":"2018-04-19T06:23:17.000Z","volume":1000,"label":" ","price":4.78},{"type":"A","date":"2018-04-19T06:23:39.000Z","volume":1500,"label":" ","price":4.79},{"type":"B","date":"2018-04-19T06:23:47.000Z","volume":5000,"label":" ","price":4.78},{"type":"B","date":"2018-04-19T06:23:47.000Z","volume":4500,"label":" ","price":4.78},{"type":"B","date":"2018-04-19T06:23:52.000Z","volume":500,"label":" ","price":4.78},{"type":"B","date":"2018-04-19T06:24:02.000Z","volume":500,"label":" ","price":4.78},{"type":"A","date":"2018-04-19T06:25:14.000Z","volume":2000,"label":" ","price":4.79},{"type":"B","date":"2018-04-19T06:25:17.000Z","volume":1000,"label":" ","price":4.78},{"type":"B","date":"2018-04-19T06:25:51.000Z","volume":500,"label":" ","price":4.78},{"type":"B","date":"2018-04-19T06:26:02.000Z","volume":500,"label":" ","price":4.78},{"type":"B","date":"2018-04-19T06:26:24.000Z","volume":1000,"label":" ","price":4.78},{"type":"B","date":"2018-04-19T06:26:32.000Z","volume":500,"label":" ","price":4.78},{"type":"B","date":"2018-04-19T06:26:44.000Z","volume":4500,"label":" ","price":4.78},{"type":"B","date":"2018-04-19T06:26:47.000Z","volume":3000,"label":" ","price":4.78},{"type":"B","date":"2018-04-19T06:27:29.000Z","volume":500,"label":" ","price":4.78},{"type":"B","date":"2018-04-19T06:27:32.000Z","volume":500,"label":" ","price":4.78},{"type":"A","date":"2018-04-19T06:27:34.000Z","volume":2000,"label":" ","price":4.79},{"type":"B","date":"2018-04-19T06:27:47.000Z","volume":1500,"label":" ","price":4.78},{"type":"B","date":"2018-04-19T06:28:59.000Z","volume":5500,"label":" ","price":4.78},{"type":"B","date":"2018-04-19T06:29:02.000Z","volume":3500,"label":" ","price":4.78},{"type":"A","date":"2018-04-19T06:29:04.000Z","volume":2000,"label":" ","price":4.79},{"type":"B","date":"2018-04-19T06:29:17.000Z","volume":1500,"label":" ","price":4.78},{"type":"B","date":"2018-04-19T06:29:19.000Z","volume":7000,"label":" ","price":4.78},{"type":"B","date":"2018-04-19T06:29:32.000Z","volume":4500,"label":" ","price":4.78},{"type":"A","date":"2018-04-19T06:32:19.000Z","volume":2000,"label":" ","price":4.79},{"type":"B","date":"2018-04-19T06:32:21.000Z","volume":500,"label":" ","price":4.78},{"type":"B","date":"2018-04-19T06:32:32.000Z","volume":1500,"label":" ","price":4.78},{"type":"B","date":"2018-04-19T06:33:31.000Z","volume":500,"label":" ","price":4.78},{"type":"B","date":"2018-04-19T06:33:32.000Z","volume":500,"label":" ","price":4.78},{"type":"A","date":"2018-04-19T06:35:49.000Z","volume":2000,"label":" ","price":4.79},{"type":"B","date":"2018-04-19T06:36:02.000Z","volume":1500,"label":" ","price":4.78},{"type":"B","date":"2018-04-19T06:36:51.000Z","volume":7500,"label":" ","price":4.78},{"type":"B","date":"2018-04-19T06:37:02.000Z","volume":5000,"label":" ","price":4.78},{"type":"B","date":"2018-04-19T06:38:28.000Z","volume":500,"label":" ","price":4.78},{"type":"B","date":"2018-04-19T06:39:59.000Z","volume":4000,"label":" ","price":4.78},{"type":"B","date":"2018-04-19T06:40:02.000Z","volume":3000,"label":" ","price":4.78},{"type":"A","date":"2018-04-19T06:40:14.000Z","volume":2000,"label":" ","price":4.79},{"type":"B","date":"2018-04-19T06:40:17.000Z","volume":1000,"label":" ","price":4.78},{"type":"A","date":"2018-04-19T06:41:54.000Z","volume":2000,"label":" ","price":4.79},{"type":"B","date":"2018-04-19T06:42:02.000Z","volume":1500,"label":" ","price":4.78},{"type":"B","date":"2018-04-19T06:43:56.000Z","volume":5000,"label":" ","price":4.78},{"type":"B","date":"2018-04-19T06:44:02.000Z","volume":3500,"label":" ","price":4.78},{"type":"B","date":"2018-04-19T06:44:42.000Z","volume":500,"label":" ","price":4.78},{"type":"B","date":"2018-04-19T06:44:53.000Z","volume":4500,"label":" ","price":4.78},{"type":"B","date":"2018-04-19T06:45:02.000Z","volume":3000,"label":" ","price":4.78},{"type":"U","date":"2018-04-19T06:45:38.000Z","volume":300,"label":"D","price":4.74},{"type":"A","date":"2018-04-19T06:45:49.000Z","volume":2000,"label":" ","price":4.79},{"type":"B","date":"2018-04-19T06:46:02.000Z","volume":1500,"label":" ","price":4.78},{"type":"B","date":"2018-04-19T06:46:21.000Z","volume":500,"label":" ","price":4.78},{"type":"B","date":"2018-04-19T06:46:32.000Z","volume":500,"label":" ","price":4.78},{"type":"B","date":"2018-04-19T06:48:01.000Z","volume":500,"label":" ","price":4.78},{"type":"B","date":"2018-04-19T06:48:25.000Z","volume":21500,"label":" ","price":4.78},{"type":"B","date":"2018-04-19T06:48:32.000Z","volume":14500,"label":" ","price":4.78},{"type":"A","date":"2018-04-19T06:48:39.000Z","volume":2000,"label":" ","price":4.79},{"type":"B","date":"2018-04-19T06:48:47.000Z","volume":1500,"label":" ","price":4.78},{"type":"B","date":"2018-04-19T06:48:49.000Z","volume":6000,"label":" ","price":4.78},{"type":"B","date":"2018-04-19T06:49:02.000Z","volume":4000,"label":" ","price":4.78},{"type":"A","date":"2018-04-19T06:50:09.000Z","volume":2500,"label":" ","price":4.79},{"type":"B","date":"2018-04-19T06:50:12.000Z","volume":5000,"label":" ","price":4.78},{"type":"B","date":"2018-04-19T06:50:17.000Z","volume":5000,"label":" ","price":4.78},{"type":"B","date":"2018-04-19T06:51:47.000Z","volume":3000,"label":" ","price":4.78},{"type":"A","date":"2018-04-19T06:51:47.000Z","volume":2000,"label":" ","price":4.79},{"type":"B","date":"2018-04-19T06:51:47.000Z","volume":3000,"label":" ","price":4.78},{"type":"A","date":"2018-04-19T06:53:39.000Z","volume":2000,"label":" ","price":4.79},{"type":"B","date":"2018-04-19T06:53:47.000Z","volume":1500,"label":" ","price":4.78},{"type":"B","date":"2018-04-19T06:54:34.000Z","volume":1000,"label":" ","price":4.78},{"type":"B","date":"2018-04-19T06:54:40.000Z","volume":500,"label":" ","price":4.78},{"type":"B","date":"2018-04-19T06:54:47.000Z","volume":1000,"label":" ","price":4.78},{"type":"A","date":"2018-04-19T06:55:14.000Z","volume":2000,"label":" ","price":4.79},{"type":"B","date":"2018-04-19T06:55:17.000Z","volume":1500,"label":" ","price":4.78},{"type":"A","date":"2018-04-19T06:55:39.000Z","volume":1500,"label":" ","price":4.79},{"type":"B","date":"2018-04-19T06:55:47.000Z","volume":1000,"label":" ","price":4.78},{"type":"B","date":"2018-04-19T06:56:03.000Z","volume":7500,"label":" ","price":4.78},{"type":"B","date":"2018-04-19T06:56:17.000Z","volume":5000,"label":" ","price":4.78},{"type":"A","date":"2018-04-19T06:56:24.000Z","volume":2000,"label":" ","price":4.79},{"type":"B","date":"2018-04-19T06:56:32.000Z","volume":1000,"label":" ","price":4.78},{"type":"A","date":"2018-04-19T06:56:49.000Z","volume":1500,"label":" ","price":4.79},{"type":"B","date":"2018-04-19T06:57:02.000Z","volume":1000,"label":" ","price":4.78},{"type":"B","date":"2018-04-19T06:57:52.000Z","volume":500,"label":" ","price":4.78},{"type":"B","date":"2018-04-19T06:58:02.000Z","volume":500,"label":" ","price":4.78},{"type":"A","date":"2018-04-19T06:58:54.000Z","volume":2000,"label":" ","price":4.79},{"type":"B","date":"2018-04-19T06:59:01.000Z","volume":15000,"label":" ","price":4.78},{"type":"B","date":"2018-04-19T06:59:02.000Z","volume":11500,"label":" ","price":4.78},{"type":"B","date":"2018-04-19T06:59:06.000Z","volume":4500,"label":" ","price":4.78},{"type":"B","date":"2018-04-19T06:59:17.000Z","volume":3000,"label":" ","price":4.78},{"type":"B","date":"2018-04-19T06:59:42.000Z","volume":4000,"label":" ","price":4.78},{"type":"B","date":"2018-04-19T06:59:47.000Z","volume":2500,"label":" ","price":4.78},{"type":"A","date":"2018-04-19T07:01:34.000Z","volume":2000,"label":" ","price":4.79},{"type":"B","date":"2018-04-19T07:01:47.000Z","volume":1500,"label":" ","price":4.78},{"type":"B","date":"2018-04-19T07:03:20.000Z","volume":500,"label":" ","price":4.78},{"type":"B","date":"2018-04-19T07:03:32.000Z","volume":7500,"label":" ","price":4.78},{"type":"B","date":"2018-04-19T07:03:32.000Z","volume":5000,"label":" ","price":4.78},{"type":"A","date":"2018-04-19T07:03:44.000Z","volume":2000,"label":" ","price":4.79},{"type":"B","date":"2018-04-19T07:03:47.000Z","volume":1500,"label":" ","price":4.78},{"type":"B","date":"2018-04-19T07:05:06.000Z","volume":1000,"label":" ","price":4.78},{"type":"A","date":"2018-04-19T07:05:14.000Z","volume":2000,"label":" ","price":4.79},{"type":"A","date":"2018-04-19T07:05:16.000Z","volume":500,"label":"Y","price":4.79},{"type":"B","date":"2018-04-19T07:05:17.000Z","volume":2500,"label":" ","price":4.78},{"type":"A","date":"2018-04-19T07:05:54.000Z","volume":2500,"label":" ","price":4.79},{"type":"B","date":"2018-04-19T07:06:02.000Z","volume":1500,"label":" ","price":4.78},{"type":"B","date":"2018-04-19T07:06:07.000Z","volume":500,"label":" ","price":4.78},{"type":"B","date":"2018-04-19T07:06:17.000Z","volume":500,"label":" ","price":4.78},{"type":"B","date":"2018-04-19T07:06:23.000Z","volume":1000,"label":" ","price":4.78},{"type":"B","date":"2018-04-19T07:06:32.000Z","volume":500,"label":" ","price":4.78},{"type":"B","date":"2018-04-19T07:06:47.000Z","volume":4500,"label":" ","price":4.78},{"type":"B","date":"2018-04-19T07:06:47.000Z","volume":3000,"label":" ","price":4.78},{"type":"A","date":"2018-04-19T07:07:54.000Z","volume":2000,"label":" ","price":4.79},{"type":"B","date":"2018-04-19T07:08:00.000Z","volume":500,"label":" ","price":4.78},{"type":"B","date":"2018-04-19T07:08:01.000Z","volume":1500,"label":" ","price":4.78},{"type":"B","date":"2018-04-19T07:08:27.000Z","volume":500,"label":" ","price":4.78},{"type":"B","date":"2018-04-19T07:08:32.000Z","volume":500,"label":" ","price":4.78},{"type":"A","date":"2018-04-19T07:11:14.000Z","volume":2000,"label":" ","price":4.79},{"type":"B","date":"2018-04-19T07:11:17.000Z","volume":1500,"label":" ","price":4.78},{"type":"A","date":"2018-04-19T07:12:54.000Z","volume":2000,"label":" ","price":4.79},{"type":"B","date":"2018-04-19T07:13:02.000Z","volume":1000,"label":" ","price":4.78},{"type":"B","date":"2018-04-19T07:13:18.000Z","volume":500,"label":" ","price":4.78},{"type":"B","date":"2018-04-19T07:13:32.000Z","volume":500,"label":" ","price":4.78},{"type":"B","date":"2018-04-19T07:13:45.000Z","volume":500,"label":" ","price":4.78},{"type":"B","date":"2018-04-19T07:13:47.000Z","volume":500,"label":" ","price":4.78},{"type":"A","date":"2018-04-19T07:14:14.000Z","volume":2500,"label":" ","price":4.79},{"type":"B","date":"2018-04-19T07:14:17.000Z","volume":1500,"label":" ","price":4.78},{"type":"A","date":"2018-04-19T07:14:44.000Z","volume":2000,"label":" ","price":4.79},{"type":"B","date":"2018-04-19T07:14:47.000Z","volume":1500,"label":" ","price":4.78},{"type":"A","date":"2018-04-19T07:15:04.000Z","volume":1500,"label":" ","price":4.79},{"type":"B","date":"2018-04-19T07:15:17.000Z","volume":1000,"label":" ","price":4.78},{"type":"B","date":"2018-04-19T07:15:43.000Z","volume":10000,"label":" ","price":4.78},{"type":"B","date":"2018-04-19T07:15:47.000Z","volume":4500,"label":" ","price":4.78},{"type":"B","date":"2018-04-19T07:15:47.000Z","volume":2000,"label":" ","price":4.78},{"type":"B","date":"2018-04-19T07:16:33.000Z","volume":6500,"label":" ","price":4.78},{"type":"B","date":"2018-04-19T07:16:47.000Z","volume":4500,"label":" ","price":4.78},{"type":"B","date":"2018-04-19T07:16:57.000Z","volume":500,"label":" ","price":4.78},{"type":"A","date":"2018-04-19T07:17:24.000Z","volume":2000,"label":" ","price":4.79},{"type":"B","date":"2018-04-19T07:17:32.000Z","volume":1500,"label":" ","price":4.78},{"type":"B","date":"2018-04-19T07:18:34.000Z","volume":500,"label":" ","price":4.78},{"type":"B","date":"2018-04-19T07:18:47.000Z","volume":500,"label":" ","price":4.78},{"type":"A","date":"2018-04-19T07:20:08.000Z","volume":2000,"label":" ","price":4.79},{"type":"B","date":"2018-04-19T07:20:17.000Z","volume":1000,"label":" ","price":4.78},{"type":"A","date":"2018-04-19T07:20:49.000Z","volume":2500,"label":" ","price":4.79},{"type":"B","date":"2018-04-19T07:21:02.000Z","volume":2000,"label":" ","price":4.78},{"type":"B","date":"2018-04-19T07:21:10.000Z","volume":3500,"label":" ","price":4.78},{"type":"B","date":"2018-04-19T07:21:17.000Z","volume":2000,"label":" ","price":4.78},{"type":"A","date":"2018-04-19T07:22:09.000Z","volume":2000,"label":" ","price":4.79},{"type":"B","date":"2018-04-19T07:22:17.000Z","volume":1500,"label":" ","price":4.78},{"type":"B","date":"2018-04-19T07:22:47.000Z","volume":500,"label":" ","price":4.78},{"type":"B","date":"2018-04-19T07:23:02.000Z","volume":500,"label":" ","price":4.78},{"type":"B","date":"2018-04-19T07:23:25.000Z","volume":5000,"label":" ","price":4.78},{"type":"B","date":"2018-04-19T07:23:32.000Z","volume":3000,"label":" ","price":4.78},{"type":"A","date":"2018-04-19T07:24:34.000Z","volume":2000,"label":" ","price":4.79},{"type":"B","date":"2018-04-19T07:24:47.000Z","volume":1500,"label":" ","price":4.78},{"type":"B","date":"2018-04-19T07:25:16.000Z","volume":25000,"label":" ","price":4.78},{"type":"B","date":"2018-04-19T07:25:17.000Z","volume":14000,"label":" ","price":4.78},{"type":"B","date":"2018-04-19T07:25:17.000Z","volume":2500,"label":" ","price":4.78},{"type":"B","date":"2018-04-19T07:25:28.000Z","volume":3500,"label":" ","price":4.78},{"type":"B","date":"2018-04-19T07:25:32.000Z","volume":2500,"label":" ","price":4.78},{"type":"A","date":"2018-04-19T07:25:54.000Z","volume":2000,"label":" ","price":4.79},{"type":"B","date":"2018-04-19T07:25:56.000Z","volume":1000,"label":" ","price":4.78},{"type":"B","date":"2018-04-19T07:25:56.000Z","volume":1000,"label":" ","price":4.78},{"type":"B","date":"2018-04-19T07:26:02.000Z","volume":2500,"label":" ","price":4.78},{"type":"A","date":"2018-04-19T07:27:24.000Z","volume":2000,"label":" ","price":4.79},{"type":"B","date":"2018-04-19T07:27:32.000Z","volume":1500,"label":" ","price":4.78},{"type":"A","date":"2018-04-19T07:28:19.000Z","volume":2000,"label":" ","price":4.79},{"type":"B","date":"2018-04-19T07:29:07.000Z","volume":20000,"label":" ","price":4.78},{"type":"B","date":"2018-04-19T07:29:35.000Z","volume":6500,"label":" ","price":4.78},{"type":"B","date":"2018-04-19T07:31:06.000Z","volume":7000,"label":" ","price":4.78},{"type":"A","date":"2018-04-19T07:31:14.000Z","volume":2000,"label":" ","price":4.79},{"type":"B","date":"2018-04-19T07:32:18.000Z","volume":6500,"label":" ","price":4.78},{"type":"B","date":"2018-04-19T07:32:37.000Z","volume":500,"label":" ","price":4.78},{"type":"A","date":"2018-04-19T07:33:39.000Z","volume":2000,"label":" ","price":4.79},{"type":"B","date":"2018-04-19T07:34:06.000Z","volume":500,"label":" ","price":4.78},{"type":"B","date":"2018-04-19T07:34:33.000Z","volume":6000,"label":" ","price":4.78},{"type":"B","date":"2018-04-19T07:34:34.000Z","volume":500,"label":" ","price":4.78},{"type":"B","date":"2018-04-19T07:34:45.000Z","volume":7000,"label":" ","price":4.78},{"type":"B","date":"2018-04-19T07:35:11.000Z","volume":5500,"label":" ","price":4.78},{"type":"A","date":"2018-04-19T07:35:24.000Z","volume":2000,"label":" ","price":4.79},{"type":"B","date":"2018-04-19T07:36:01.000Z","volume":500,"label":" ","price":4.78},{"type":"B","date":"2018-04-19T07:36:03.000Z","volume":19000,"label":" ","price":4.78},{"type":"A","date":"2018-04-19T07:37:19.000Z","volume":2000,"label":" ","price":4.79},{"type":"B","date":"2018-04-19T07:38:44.000Z","volume":3500,"label":" ","price":4.78},{"type":"A","date":"2018-04-19T07:38:44.000Z","volume":2500,"label":" ","price":4.79},{"type":"B","date":"2018-04-19T07:38:52.000Z","volume":500,"label":" ","price":4.78},{"type":"A","date":"2018-04-19T07:39:19.000Z","volume":2000,"label":" ","price":4.79},{"type":"A","date":"2018-04-19T07:39:44.000Z","volume":1000,"label":" ","price":4.79},{"type":"A","date":"2018-04-19T07:39:44.000Z","volume":1500,"label":" ","price":4.79},{"type":"A","date":"2018-04-19T07:39:59.000Z","volume":1500,"label":" ","price":4.79},{"type":"B","date":"2018-04-19T07:40:14.000Z","volume":3500,"label":" ","price":4.78},{"type":"B","date":"2018-04-19T07:41:34.000Z","volume":7000,"label":" ","price":4.78},{"type":"A","date":"2018-04-19T07:42:24.000Z","volume":2000,"label":" ","price":4.79},{"type":"B","date":"2018-04-19T07:43:38.000Z","volume":6500,"label":" ","price":4.78},{"type":"B","date":"2018-04-19T07:44:03.000Z","volume":7000,"label":" ","price":4.78},{"type":"B","date":"2018-04-19T07:44:38.000Z","volume":6000,"label":" ","price":4.78},{"type":"A","date":"2018-04-19T07:45:49.000Z","volume":2000,"label":" ","price":4.79},{"type":"B","date":"2018-04-19T07:46:03.000Z","volume":8500,"label":" ","price":4.78},{"type":"B","date":"2018-04-19T07:46:37.000Z","volume":10000,"label":" ","price":4.78},{"type":"B","date":"2018-04-19T07:47:32.000Z","volume":500,"label":" ","price":4.78},{"type":"A","date":"2018-04-19T07:47:44.000Z","volume":2000,"label":" ","price":4.79},{"type":"B","date":"2018-04-19T07:47:47.000Z","volume":18000,"label":" ","price":4.78},{"type":"B","date":"2018-04-19T07:48:48.000Z","volume":10500,"label":" ","price":4.78},{"type":"A","date":"2018-04-19T07:49:49.000Z","volume":2000,"label":" ","price":4.79},{"type":"B","date":"2018-04-19T07:49:50.000Z","volume":500,"label":" ","price":4.78},{"type":"B","date":"2018-04-19T07:51:33.000Z","volume":50000,"label":" ","price":4.78},{"type":"A","date":"2018-04-19T07:51:33.000Z","volume":2000,"label":" ","price":4.79},{"type":"B","date":"2018-04-19T07:51:39.000Z","volume":4500,"label":" ","price":4.78},{"type":"B","date":"2018-04-19T07:51:58.000Z","volume":10000,"label":" ","price":4.78},{"type":"B","date":"2018-04-19T07:52:03.000Z","volume":13000,"label":" ","price":4.78},{"type":"B","date":"2018-04-19T07:52:30.000Z","volume":6000,"label":" ","price":4.78},{"type":"A","date":"2018-04-19T07:52:39.000Z","volume":2000,"label":" ","price":4.79},{"type":"B","date":"2018-04-19T07:53:49.000Z","volume":500,"label":" ","price":4.78},{"type":"A","date":"2018-04-19T07:54:29.000Z","volume":2000,"label":" ","price":4.79},{"type":"B","date":"2018-04-19T07:54:43.000Z","volume":20000,"label":" ","price":4.78},{"type":"B","date":"2018-04-19T07:54:48.000Z","volume":11000,"label":" ","price":4.78},{"type":"B","date":"2018-04-19T07:56:18.000Z","volume":6000,"label":" ","price":4.78},{"type":"B","date":"2018-04-19T07:56:18.000Z","volume":5500,"label":" ","price":4.78},{"type":"B","date":"2018-04-19T07:56:28.000Z","volume":6500,"label":" ","price":4.78},{"type":"A","date":"2018-04-19T07:56:34.000Z","volume":2000,"label":" ","price":4.79},{"type":"A","date":"2018-04-19T07:56:59.000Z","volume":1500,"label":" ","price":4.79},{"type":"B","date":"2018-04-19T07:57:03.000Z","volume":6000,"label":" ","price":4.78},{"type":"B","date":"2018-04-19T07:57:08.000Z","volume":4500,"label":" ","price":4.78},{"type":"A","date":"2018-04-19T07:57:09.000Z","volume":2000,"label":" ","price":4.79},{"type":"A","date":"2018-04-19T07:57:19.000Z","volume":2000,"label":" ","price":4.79},{"type":"A","date":"2018-04-19T07:57:29.000Z","volume":1000,"label":" ","price":4.79},{"type":"A","date":"2018-04-19T07:57:39.000Z","volume":1000,"label":" ","price":4.79},{"type":"A","date":"2018-04-19T07:57:39.000Z","volume":2000,"label":" ","price":4.79},{"type":"B","date":"2018-04-19T07:57:48.000Z","volume":6500,"label":" ","price":4.78},{"type":"A","date":"2018-04-19T07:57:59.000Z","volume":1500,"label":" ","price":4.79},{"type":"B","date":"2018-04-19T07:58:33.000Z","volume":3500,"label":" ","price":4.78},{"type":"A","date":"2018-04-19T07:58:54.000Z","volume":11500,"label":" ","price":4.79},{"type":"B","date":"2018-04-19T07:59:03.000Z","volume":5500,"label":" ","price":4.78},{"type":"B","date":"2018-04-19T07:59:32.000Z","volume":1000,"label":" ","price":4.78},{"type":"B","date":"2018-04-19T07:59:48.000Z","volume":500,"label":" ","price":4.78},{"type":"B","date":"2018-04-19T07:59:48.000Z","volume":500,"label":" ","price":4.78},{"type":"B","date":"2018-04-19T07:59:48.000Z","volume":1500,"label":" ","price":4.78},{"type":"U","date":"2018-04-19T08:08:09.000Z","volume":449000,"label":"U","price":4.78}]