[{"type":"A","date":"2018-03-20T07:53:42.000Z","volume":30000,"price":8.9,"category":"ubbull"},{"type":"A","date":"2018-03-20T06:36:33.000Z","volume":30000,"price":8.97,"category":"ubbull"},{"type":"A","date":"2018-03-20T06:25:01.000Z","volume":32000,"price":8.97,"category":"ubbull"},{"type":"A","date":"2018-03-20T06:10:39.000Z","volume":54000,"price":8.98,"category":"ubbull"},{"type":"A","date":"2018-03-20T05:49:39.000Z","volume":20000,"price":8.83,"category":"ubbull"},{"type":"A","date":"2018-03-20T03:31:47.000Z","volume":18000,"price":8.92,"category":"ubbull"},{"type":"A","date":"2018-03-20T02:48:20.000Z","volume":70000,"price":8.83,"category":"ubbull"},{"type":"A","date":"2018-03-20T02:18:40.000Z","volume":20000,"price":8.88,"category":"ubbull"},{"type":"A","date":"2018-03-20T02:11:49.000Z","volume":50000,"price":8.89,"category":"ubbull"},{"type":"A","date":"2018-03-20T02:06:53.000Z","volume":40000,"price":8.9,"category":"ubbull"},{"type":"A","date":"2018-03-20T01:54:11.000Z","volume":40000,"price":8.89,"category":"ubbull"},{"type":"A","date":"2018-03-20T01:36:00.000Z","volume":18000,"price":8.92,"category":"ubbull"},{"type":"A","date":"2018-03-20T05:47:19.000Z","volume":10000,"price":8.87,"category":"bbull"},{"type":"A","date":"2018-03-20T05:26:50.000Z","volume":10000,"price":8.85,"category":"bbull"},{"type":"A","date":"2018-03-20T03:31:47.000Z","volume":10000,"price":8.91,"category":"bbull"},{"type":"A","date":"2018-03-20T01:38:52.000Z","volume":10000,"price":8.95,"category":"bbull"},{"type":"A","date":"2018-03-20T07:58:19.000Z","volume":2000,"price":8.93,"category":"rbull"},{"type":"A","date":"2018-03-20T07:52:31.000Z","volume":2000,"price":8.9,"category":"rbull"},{"type":"A","date":"2018-03-20T07:30:48.000Z","volume":2000,"price":8.95,"category":"rbull"},{"type":"A","date":"2018-03-20T06:56:00.000Z","volume":2000,"price":8.97,"category":"rbull"},{"type":"A","date":"2018-03-20T06:10:39.000Z","volume":2000,"price":8.98,"category":"rbull"},{"type":"A","date":"2018-03-20T06:08:46.000Z","volume":2000,"price":8.89,"category":"rbull"},{"type":"A","date":"2018-03-20T06:05:58.000Z","volume":2000,"price":8.95,"category":"rbull"},{"type":"A","date":"2018-03-20T06:03:15.000Z","volume":2000,"price":8.9,"category":"rbull"},{"type":"A","date":"2018-03-20T05:54:37.000Z","volume":2000,"price":8.85,"category":"rbull"},{"type":"A","date":"2018-03-20T05:47:49.000Z","volume":2000,"price":8.83,"category":"rbull"},{"type":"A","date":"2018-03-20T05:45:38.000Z","volume":2000,"price":8.82,"category":"rbull"},{"type":"A","date":"2018-03-20T05:43:13.000Z","volume":2000,"price":8.79,"category":"rbull"},{"type":"A","date":"2018-03-20T05:41:18.000Z","volume":2000,"price":8.79,"category":"rbull"},{"type":"A","date":"2018-03-20T05:40:44.000Z","volume":2000,"price":8.79,"category":"rbull"},{"type":"A","date":"2018-03-20T05:33:26.000Z","volume":2000,"price":8.8,"category":"rbull"},{"type":"A","date":"2018-03-20T05:31:07.000Z","volume":2000,"price":8.83,"category":"rbull"},{"type":"A","date":"2018-03-20T03:38:26.000Z","volume":2000,"price":8.92,"category":"rbull"},{"type":"A","date":"2018-03-20T03:28:02.000Z","volume":2000,"price":8.89,"category":"rbull"},{"type":"A","date":"2018-03-20T03:12:22.000Z","volume":2000,"price":8.91,"category":"rbull"},{"type":"A","date":"2018-03-20T03:04:19.000Z","volume":2000,"price":8.85,"category":"rbull"},{"type":"A","date":"2018-03-20T03:03:10.000Z","volume":2000,"price":8.85,"category":"rbull"},{"type":"A","date":"2018-03-20T02:40:20.000Z","volume":2000,"price":8.86,"category":"rbull"},{"type":"A","date":"2018-03-20T02:23:09.000Z","volume":2000,"price":8.87,"category":"rbull"},{"type":"A","date":"2018-03-20T01:54:47.000Z","volume":2000,"price":8.88,"category":"rbull"},{"type":"A","date":"2018-03-20T01:54:11.000Z","volume":2000,"price":8.89,"category":"rbull"},{"type":"A","date":"2018-03-20T01:53:05.000Z","volume":2000,"price":8.89,"category":"rbull"},{"type":"A","date":"2018-03-20T01:48:55.000Z","volume":2000,"price":8.89,"category":"rbull"},{"type":"A","date":"2018-03-20T01:36:01.000Z","volume":2000,"price":8.92,"category":"rbull"},{"type":"B","date":"2018-03-20T07:59:34.000Z","volume":2000,"price":8.92,"category":"rbear"},{"type":"B","date":"2018-03-20T07:59:17.000Z","volume":2000,"price":8.9,"category":"rbear"},{"type":"B","date":"2018-03-20T07:59:08.000Z","volume":2000,"price":8.91,"category":"rbear"},{"type":"B","date":"2018-03-20T07:57:19.000Z","volume":2000,"price":8.9,"category":"rbear"},{"type":"B","date":"2018-03-20T07:55:39.000Z","volume":2000,"price":8.89,"category":"rbear"},{"type":"B","date":"2018-03-20T07:54:06.000Z","volume":2000,"price":8.89,"category":"rbear"},{"type":"B","date":"2018-03-20T07:51:31.000Z","volume":2000,"price":8.89,"category":"rbear"},{"type":"B","date":"2018-03-20T07:48:29.000Z","volume":2000,"price":8.89,"category":"rbear"},{"type":"B","date":"2018-03-20T07:48:29.000Z","volume":2000,"price":8.89,"category":"rbear"},{"type":"B","date":"2018-03-20T07:41:25.000Z","volume":2000,"price":8.88,"category":"rbear"},{"type":"B","date":"2018-03-20T07:34:47.000Z","volume":2000,"price":8.94,"category":"rbear"},{"type":"B","date":"2018-03-20T07:30:48.000Z","volume":2000,"price":8.96,"category":"rbear"},{"type":"B","date":"2018-03-20T07:30:12.000Z","volume":2000,"price":8.95,"category":"rbear"},{"type":"B","date":"2018-03-20T07:30:02.000Z","volume":2000,"price":8.95,"category":"rbear"},{"type":"B","date":"2018-03-20T07:30:02.000Z","volume":2000,"price":8.95,"category":"rbear"},{"type":"B","date":"2018-03-20T07:28:43.000Z","volume":2000,"price":8.95,"category":"rbear"},{"type":"B","date":"2018-03-20T07:24:15.000Z","volume":2000,"price":8.95,"category":"rbear"},{"type":"B","date":"2018-03-20T07:23:53.000Z","volume":2000,"price":8.95,"category":"rbear"},{"type":"B","date":"2018-03-20T07:16:50.000Z","volume":2000,"price":8.95,"category":"rbear"},{"type":"B","date":"2018-03-20T07:12:47.000Z","volume":2000,"price":8.95,"category":"rbear"},{"type":"B","date":"2018-03-20T07:10:45.000Z","volume":2000,"price":8.95,"category":"rbear"},{"type":"B","date":"2018-03-20T07:05:01.000Z","volume":2000,"price":8.95,"category":"rbear"},{"type":"B","date":"2018-03-20T06:56:00.000Z","volume":2000,"price":8.95,"category":"rbear"},{"type":"B","date":"2018-03-20T06:55:13.000Z","volume":2000,"price":8.95,"category":"rbear"},{"type":"B","date":"2018-03-20T06:54:44.000Z","volume":2000,"price":8.95,"category":"rbear"},{"type":"B","date":"2018-03-20T06:53:40.000Z","volume":2000,"price":8.95,"category":"rbear"},{"type":"B","date":"2018-03-20T06:41:12.000Z","volume":2000,"price":8.95,"category":"rbear"},{"type":"B","date":"2018-03-20T06:41:12.000Z","volume":2000,"price":8.95,"category":"rbear"},{"type":"B","date":"2018-03-20T06:39:04.000Z","volume":2000,"price":8.95,"category":"rbear"},{"type":"B","date":"2018-03-20T06:36:33.000Z","volume":2000,"price":8.97,"category":"rbear"},{"type":"B","date":"2018-03-20T06:32:11.000Z","volume":2000,"price":8.95,"category":"rbear"},{"type":"B","date":"2018-03-20T06:32:09.000Z","volume":2000,"price":8.95,"category":"rbear"},{"type":"B","date":"2018-03-20T06:32:09.000Z","volume":2000,"price":8.97,"category":"rbear"},{"type":"B","date":"2018-03-20T06:22:28.000Z","volume":2000,"price":8.95,"category":"rbear"},{"type":"B","date":"2018-03-20T06:20:50.000Z","volume":2000,"price":8.95,"category":"rbear"},{"type":"B","date":"2018-03-20T06:20:06.000Z","volume":2000,"price":8.95,"category":"rbear"},{"type":"B","date":"2018-03-20T06:19:49.000Z","volume":2000,"price":8.95,"category":"rbear"},{"type":"B","date":"2018-03-20T06:19:41.000Z","volume":2000,"price":8.95,"category":"rbear"},{"type":"B","date":"2018-03-20T06:17:21.000Z","volume":2000,"price":8.95,"category":"rbear"},{"type":"B","date":"2018-03-20T06:15:20.000Z","volume":2000,"price":8.95,"category":"rbear"},{"type":"B","date":"2018-03-20T06:15:07.000Z","volume":2000,"price":8.89,"category":"rbear"},{"type":"B","date":"2018-03-20T06:11:04.000Z","volume":2000,"price":8.92,"category":"rbear"},{"type":"B","date":"2018-03-20T06:05:10.000Z","volume":2000,"price":8.93,"category":"rbear"},{"type":"B","date":"2018-03-20T06:05:09.000Z","volume":2000,"price":8.93,"category":"rbear"},{"type":"B","date":"2018-03-20T06:01:07.000Z","volume":2000,"price":8.86,"category":"rbear"},{"type":"B","date":"2018-03-20T05:58:40.000Z","volume":2000,"price":8.86,"category":"rbear"},{"type":"B","date":"2018-03-20T05:54:30.000Z","volume":2000,"price":8.83,"category":"rbear"},{"type":"B","date":"2018-03-20T05:53:38.000Z","volume":2000,"price":8.88,"category":"rbear"},{"type":"B","date":"2018-03-20T05:44:04.000Z","volume":2000,"price":8.77,"category":"rbear"},{"type":"B","date":"2018-03-20T05:40:28.000Z","volume":2000,"price":8.77,"category":"rbear"},{"type":"B","date":"2018-03-20T05:40:28.000Z","volume":2000,"price":8.77,"category":"rbear"},{"type":"B","date":"2018-03-20T05:33:26.000Z","volume":2000,"price":8.8,"category":"rbear"},{"type":"B","date":"2018-03-20T05:33:05.000Z","volume":2000,"price":8.82,"category":"rbear"},{"type":"B","date":"2018-03-20T05:27:57.000Z","volume":2000,"price":8.84,"category":"rbear"},{"type":"B","date":"2018-03-20T05:25:15.000Z","volume":2000,"price":8.84,"category":"rbear"},{"type":"B","date":"2018-03-20T05:23:40.000Z","volume":2000,"price":8.85,"category":"rbear"},{"type":"B","date":"2018-03-20T05:23:40.000Z","volume":2000,"price":8.85,"category":"rbear"},{"type":"B","date":"2018-03-20T05:23:40.000Z","volume":2000,"price":8.85,"category":"rbear"},{"type":"B","date":"2018-03-20T05:23:40.000Z","volume":2000,"price":8.86,"category":"rbear"},{"type":"B","date":"2018-03-20T05:23:10.000Z","volume":2000,"price":8.87,"category":"rbear"},{"type":"B","date":"2018-03-20T05:22:49.000Z","volume":2000,"price":8.87,"category":"rbear"},{"type":"B","date":"2018-03-20T05:19:11.000Z","volume":2000,"price":8.86,"category":"rbear"},{"type":"B","date":"2018-03-20T05:13:17.000Z","volume":2000,"price":8.85,"category":"rbear"},{"type":"B","date":"2018-03-20T05:00:36.000Z","volume":2000,"price":8.84,"category":"rbear"},{"type":"B","date":"2018-03-20T05:00:18.000Z","volume":2000,"price":8.83,"category":"rbear"},{"type":"B","date":"2018-03-20T05:00:07.000Z","volume":2000,"price":8.84,"category":"rbear"},{"type":"B","date":"2018-03-20T03:58:15.000Z","volume":2000,"price":8.86,"category":"rbear"},{"type":"B","date":"2018-03-20T03:54:02.000Z","volume":2000,"price":8.86,"category":"rbear"},{"type":"B","date":"2018-03-20T03:52:58.000Z","volume":2000,"price":8.85,"category":"rbear"},{"type":"B","date":"2018-03-20T03:52:09.000Z","volume":2000,"price":8.88,"category":"rbear"},{"type":"B","date":"2018-03-20T03:39:45.000Z","volume":2000,"price":8.85,"category":"rbear"},{"type":"B","date":"2018-03-20T03:39:45.000Z","volume":2000,"price":8.86,"category":"rbear"},{"type":"B","date":"2018-03-20T03:31:47.000Z","volume":2000,"price":8.89,"category":"rbear"},{"type":"B","date":"2018-03-20T03:31:47.000Z","volume":2000,"price":8.89,"category":"rbear"},{"type":"B","date":"2018-03-20T03:25:55.000Z","volume":2000,"price":8.87,"category":"rbear"},{"type":"B","date":"2018-03-20T03:16:50.000Z","volume":2000,"price":8.87,"category":"rbear"},{"type":"B","date":"2018-03-20T03:13:24.000Z","volume":2000,"price":8.87,"category":"rbear"},{"type":"B","date":"2018-03-20T03:09:51.000Z","volume":2000,"price":8.87,"category":"rbear"},{"type":"B","date":"2018-03-20T02:46:51.000Z","volume":2000,"price":8.83,"category":"rbear"},{"type":"B","date":"2018-03-20T02:44:29.000Z","volume":2000,"price":8.85,"category":"rbear"},{"type":"B","date":"2018-03-20T02:42:29.000Z","volume":2000,"price":8.85,"category":"rbear"},{"type":"B","date":"2018-03-20T02:42:08.000Z","volume":2000,"price":8.85,"category":"rbear"},{"type":"B","date":"2018-03-20T02:40:15.000Z","volume":2000,"price":8.85,"category":"rbear"},{"type":"B","date":"2018-03-20T02:38:36.000Z","volume":2000,"price":8.85,"category":"rbear"},{"type":"B","date":"2018-03-20T02:38:07.000Z","volume":2000,"price":8.85,"category":"rbear"},{"type":"B","date":"2018-03-20T02:34:05.000Z","volume":2000,"price":8.85,"category":"rbear"},{"type":"B","date":"2018-03-20T02:33:44.000Z","volume":2000,"price":8.85,"category":"rbear"},{"type":"B","date":"2018-03-20T02:33:25.000Z","volume":2000,"price":8.85,"category":"rbear"},{"type":"B","date":"2018-03-20T02:29:53.000Z","volume":2000,"price":8.85,"category":"rbear"},{"type":"B","date":"2018-03-20T02:29:53.000Z","volume":2000,"price":8.85,"category":"rbear"},{"type":"B","date":"2018-03-20T02:29:03.000Z","volume":2000,"price":8.85,"category":"rbear"},{"type":"B","date":"2018-03-20T02:29:03.000Z","volume":2000,"price":8.85,"category":"rbear"},{"type":"B","date":"2018-03-20T02:28:27.000Z","volume":2000,"price":8.85,"category":"rbear"},{"type":"B","date":"2018-03-20T02:28:27.000Z","volume":2000,"price":8.85,"category":"rbear"},{"type":"B","date":"2018-03-20T02:25:09.000Z","volume":2000,"price":8.85,"category":"rbear"},{"type":"B","date":"2018-03-20T02:18:27.000Z","volume":2000,"price":8.84,"category":"rbear"},{"type":"B","date":"2018-03-20T02:12:05.000Z","volume":2000,"price":8.86,"category":"rbear"},{"type":"B","date":"2018-03-20T02:11:27.000Z","volume":2000,"price":8.86,"category":"rbear"},{"type":"B","date":"2018-03-20T02:08:01.000Z","volume":2000,"price":8.89,"category":"rbear"},{"type":"B","date":"2018-03-20T02:07:10.000Z","volume":2000,"price":8.89,"category":"rbear"},{"type":"B","date":"2018-03-20T02:05:38.000Z","volume":2000,"price":8.89,"category":"rbear"},{"type":"B","date":"2018-03-20T02:05:20.000Z","volume":2000,"price":8.9,"category":"rbear"},{"type":"B","date":"2018-03-20T02:02:58.000Z","volume":2000,"price":8.9,"category":"rbear"},{"type":"B","date":"2018-03-20T01:59:53.000Z","volume":2000,"price":8.9,"category":"rbear"},{"type":"B","date":"2018-03-20T01:49:07.000Z","volume":2000,"price":8.85,"category":"rbear"},{"type":"B","date":"2018-03-20T01:49:07.000Z","volume":2000,"price":8.86,"category":"rbear"},{"type":"B","date":"2018-03-20T01:49:05.000Z","volume":2000,"price":8.87,"category":"rbear"},{"type":"B","date":"2018-03-20T01:48:54.000Z","volume":2000,"price":8.88,"category":"rbear"},{"type":"B","date":"2018-03-20T01:48:54.000Z","volume":2000,"price":8.89,"category":"rbear"},{"type":"B","date":"2018-03-20T01:47:26.000Z","volume":2000,"price":8.89,"category":"rbear"},{"type":"B","date":"2018-03-20T01:44:25.000Z","volume":2000,"price":8.89,"category":"rbear"},{"type":"B","date":"2018-03-20T01:42:14.000Z","volume":2000,"price":8.9,"category":"rbear"},{"type":"B","date":"2018-03-20T01:41:39.000Z","volume":2000,"price":8.89,"category":"rbear"},{"type":"B","date":"2018-03-20T01:41:31.000Z","volume":2000,"price":8.91,"category":"rbear"},{"type":"B","date":"2018-03-20T01:38:18.000Z","volume":2000,"price":8.95,"category":"rbear"},{"type":"B","date":"2018-03-20T01:33:51.000Z","volume":2000,"price":8.87,"category":"rbear"},{"type":"B","date":"2018-03-20T06:21:42.000Z","volume":12000,"price":8.95,"category":"bbear"},{"type":"B","date":"2018-03-20T06:15:20.000Z","volume":14000,"price":8.95,"category":"bbear"},{"type":"B","date":"2018-03-20T06:11:03.000Z","volume":10000,"price":8.92,"category":"bbear"},{"type":"B","date":"2018-03-20T05:33:26.000Z","volume":10000,"price":8.8,"category":"bbear"},{"type":"B","date":"2018-03-20T05:33:26.000Z","volume":12000,"price":8.82,"category":"bbear"},{"type":"B","date":"2018-03-20T02:47:49.000Z","volume":10000,"price":8.82,"category":"bbear"},{"type":"B","date":"2018-03-20T02:45:09.000Z","volume":14000,"price":8.84,"category":"bbear"},{"type":"B","date":"2018-03-20T02:44:50.000Z","volume":16000,"price":8.85,"category":"bbear"},{"type":"B","date":"2018-03-20T02:42:08.000Z","volume":10000,"price":8.85,"category":"bbear"},{"type":"B","date":"2018-03-20T02:33:25.000Z","volume":10000,"price":8.85,"category":"bbear"},{"type":"B","date":"2018-03-20T02:29:12.000Z","volume":10000,"price":8.85,"category":"bbear"},{"type":"B","date":"2018-03-20T02:21:16.000Z","volume":14000,"price":8.86,"category":"bbear"},{"type":"B","date":"2018-03-20T02:11:02.000Z","volume":10000,"price":8.87,"category":"bbear"},{"type":"B","date":"2018-03-20T02:08:58.000Z","volume":16000,"price":8.89,"category":"bbear"},{"type":"B","date":"2018-03-20T02:08:43.000Z","volume":10000,"price":8.89,"category":"bbear"},{"type":"B","date":"2018-03-20T01:58:37.000Z","volume":10000,"price":8.9,"category":"bbear"},{"type":"B","date":"2018-03-20T01:52:15.000Z","volume":10000,"price":8.82,"category":"bbear"},{"type":"B","date":"2018-03-20T01:49:07.000Z","volume":14000,"price":8.82,"category":"bbear"},{"type":"B","date":"2018-03-20T01:49:07.000Z","volume":10000,"price":8.83,"category":"bbear"},{"type":"B","date":"2018-03-20T01:49:05.000Z","volume":12000,"price":8.87,"category":"bbear"},{"type":"B","date":"2018-03-20T06:39:04.000Z","volume":28000,"price":8.97,"category":"ubbear"},{"type":"B","date":"2018-03-20T06:32:09.000Z","volume":30000,"price":8.97,"category":"ubbear"},{"type":"B","date":"2018-03-20T05:33:26.000Z","volume":24000,"price":8.81,"category":"ubbear"},{"type":"B","date":"2018-03-20T05:27:57.000Z","volume":58000,"price":8.82,"category":"ubbear"},{"type":"B","date":"2018-03-20T05:27:57.000Z","volume":18000,"price":8.83,"category":"ubbear"},{"type":"B","date":"2018-03-20T05:27:57.000Z","volume":18000,"price":8.84,"category":"ubbear"},{"type":"B","date":"2018-03-20T05:24:26.000Z","volume":48000,"price":8.85,"category":"ubbear"},{"type":"B","date":"2018-03-20T05:23:40.000Z","volume":36000,"price":8.86,"category":"ubbear"},{"type":"B","date":"2018-03-20T02:47:18.000Z","volume":26000,"price":8.83,"category":"ubbear"},{"type":"B","date":"2018-03-20T02:44:29.000Z","volume":24000,"price":8.85,"category":"ubbear"},{"type":"B","date":"2018-03-20T02:43:12.000Z","volume":20000,"price":8.85,"category":"ubbear"},{"type":"B","date":"2018-03-20T02:28:27.000Z","volume":18000,"price":8.85,"category":"ubbear"},{"type":"B","date":"2018-03-20T02:25:09.000Z","volume":20000,"price":8.86,"category":"ubbear"},{"type":"B","date":"2018-03-20T02:14:59.000Z","volume":18000,"price":8.88,"category":"ubbear"},{"type":"B","date":"2018-03-20T01:54:53.000Z","volume":20000,"price":8.9,"category":"ubbear"},{"type":"B","date":"2018-03-20T01:52:09.000Z","volume":22000,"price":8.82,"category":"ubbear"},{"type":"B","date":"2018-03-20T01:41:40.000Z","volume":28000,"price":8.88,"category":"ubbear"}]