[{"type":"U","date":"2018-03-22T01:00:23.000Z","volume":450,"label":"P","price":21.45},{"type":"B","date":"2018-03-22T01:30:01.000Z","volume":500,"label":" ","price":21.5},{"type":"B","date":"2018-03-22T01:30:41.000Z","volume":500,"label":" ","price":21.9},{"type":"B","date":"2018-03-22T01:30:46.000Z","volume":1000,"label":" ","price":21.85},{"type":"B","date":"2018-03-22T01:30:58.000Z","volume":1000,"label":" ","price":21.85},{"type":"B","date":"2018-03-22T01:30:58.000Z","volume":500,"label":" ","price":21.8},{"type":"B","date":"2018-03-22T01:30:58.000Z","volume":500,"label":" ","price":21.75},{"type":"B","date":"2018-03-22T01:30:58.000Z","volume":3000,"label":" ","price":21.6},{"type":"A","date":"2018-03-22T01:33:18.000Z","volume":2500,"label":" ","price":21.75},{"type":"A","date":"2018-03-22T01:33:18.000Z","volume":3500,"label":" ","price":21.8},{"type":"A","date":"2018-03-22T01:36:22.000Z","volume":500,"label":" ","price":21.9},{"type":"B","date":"2018-03-22T01:36:35.000Z","volume":2000,"label":" ","price":21.85},{"type":"U","date":"2018-03-22T01:41:00.000Z","volume":500,"label":" ","price":21.9},{"type":"B","date":"2018-03-22T01:41:40.000Z","volume":6500,"label":" ","price":21.85},{"type":"B","date":"2018-03-22T01:41:40.000Z","volume":2000,"label":" ","price":21.8},{"type":"U","date":"2018-03-22T01:41:44.000Z","volume":500,"label":" ","price":21.75},{"type":"B","date":"2018-03-22T01:42:09.000Z","volume":500,"label":" ","price":21.75},{"type":"A","date":"2018-03-22T01:43:23.000Z","volume":5000,"label":" ","price":21.7},{"type":"A","date":"2018-03-22T01:43:23.000Z","volume":500,"label":" ","price":21.75},{"type":"A","date":"2018-03-22T01:43:23.000Z","volume":6000,"label":" ","price":21.8},{"type":"A","date":"2018-03-22T01:43:23.000Z","volume":2000,"label":" ","price":21.8},{"type":"B","date":"2018-03-22T01:43:23.000Z","volume":16500,"label":" ","price":21.8},{"type":"A","date":"2018-03-22T01:43:24.000Z","volume":1000,"label":" ","price":21.8},{"type":"B","date":"2018-03-22T01:43:25.000Z","volume":2000,"label":" ","price":21.75},{"type":"B","date":"2018-03-22T01:43:31.000Z","volume":1000,"label":" ","price":21.75},{"type":"B","date":"2018-03-22T01:43:35.000Z","volume":1000,"label":" ","price":21.7},{"type":"A","date":"2018-03-22T01:43:35.000Z","volume":500,"label":" ","price":21.75},{"type":"A","date":"2018-03-22T01:44:05.000Z","volume":500,"label":" ","price":21.75},{"type":"B","date":"2018-03-22T01:46:31.000Z","volume":16500,"label":" ","price":21.7},{"type":"A","date":"2018-03-22T01:46:31.000Z","volume":1000,"label":" ","price":21.7},{"type":"A","date":"2018-03-22T01:46:33.000Z","volume":500,"label":" ","price":21.7},{"type":"B","date":"2018-03-22T01:47:21.000Z","volume":1500,"label":" ","price":21.65},{"type":"U","date":"2018-03-22T01:47:22.000Z","volume":500,"label":" ","price":21.65},{"type":"U","date":"2018-03-22T01:47:22.000Z","volume":500,"label":" ","price":21.65},{"type":"B","date":"2018-03-22T01:49:28.000Z","volume":2500,"label":" ","price":21.55},{"type":"B","date":"2018-03-22T01:49:28.000Z","volume":13500,"label":"Y","price":21.5},{"type":"B","date":"2018-03-22T01:49:28.000Z","volume":5000,"label":" ","price":21.5},{"type":"B","date":"2018-03-22T01:49:28.000Z","volume":500,"label":" ","price":21.45},{"type":"B","date":"2018-03-22T01:49:28.000Z","volume":500,"label":" ","price":21.4},{"type":"A","date":"2018-03-22T01:49:28.000Z","volume":500,"label":" ","price":21.45},{"type":"A","date":"2018-03-22T01:50:46.000Z","volume":500,"label":" ","price":21.45},{"type":"A","date":"2018-03-22T01:51:02.000Z","volume":2000,"label":" ","price":21.45},{"type":"B","date":"2018-03-22T01:51:29.000Z","volume":3000,"label":" ","price":21.35},{"type":"B","date":"2018-03-22T01:51:29.000Z","volume":1000,"label":" ","price":21.3},{"type":"A","date":"2018-03-22T01:51:29.000Z","volume":1000,"label":" ","price":21.3},{"type":"A","date":"2018-03-22T01:51:31.000Z","volume":500,"label":" ","price":21.3},{"type":"A","date":"2018-03-22T01:51:59.000Z","volume":4000,"label":" ","price":21.45},{"type":"A","date":"2018-03-22T01:52:04.000Z","volume":500,"label":" ","price":21.45},{"type":"B","date":"2018-03-22T01:52:37.000Z","volume":3000,"label":" ","price":21.4},{"type":"B","date":"2018-03-22T01:52:37.000Z","volume":1000,"label":" ","price":21.4},{"type":"B","date":"2018-03-22T01:52:38.000Z","volume":1000,"label":" ","price":21.35},{"type":"B","date":"2018-03-22T01:53:40.000Z","volume":1000,"label":" ","price":21.4},{"type":"B","date":"2018-03-22T01:54:25.000Z","volume":2000,"label":" ","price":21.4},{"type":"U","date":"2018-03-22T01:54:55.000Z","volume":500,"label":" ","price":21.45},{"type":"U","date":"2018-03-22T01:54:55.000Z","volume":1000,"label":" ","price":21.45},{"type":"B","date":"2018-03-22T01:55:34.000Z","volume":1000,"label":" ","price":21.45},{"type":"B","date":"2018-03-22T01:56:19.000Z","volume":5000,"label":" ","price":21.45},{"type":"B","date":"2018-03-22T01:57:16.000Z","volume":500,"label":" ","price":21.45},{"type":"A","date":"2018-03-22T01:58:35.000Z","volume":500,"label":" ","price":21.5},{"type":"A","date":"2018-03-22T01:58:35.000Z","volume":15500,"label":" ","price":21.5},{"type":"A","date":"2018-03-22T01:58:35.000Z","volume":500,"label":" ","price":21.5},{"type":"A","date":"2018-03-22T01:58:40.000Z","volume":19500,"label":" ","price":21.5},{"type":"A","date":"2018-03-22T01:58:40.000Z","volume":500,"label":" ","price":21.55},{"type":"A","date":"2018-03-22T01:58:51.000Z","volume":500,"label":" ","price":21.6},{"type":"A","date":"2018-03-22T01:58:51.000Z","volume":500,"label":" ","price":21.6},{"type":"A","date":"2018-03-22T01:58:51.000Z","volume":1000,"label":" ","price":21.6},{"type":"B","date":"2018-03-22T01:58:56.000Z","volume":500,"label":" ","price":21.6},{"type":"B","date":"2018-03-22T01:58:56.000Z","volume":500,"label":" ","price":21.6},{"type":"B","date":"2018-03-22T01:59:52.000Z","volume":1500,"label":" ","price":21.6},{"type":"B","date":"2018-03-22T01:59:52.000Z","volume":500,"label":" ","price":21.6},{"type":"B","date":"2018-03-22T02:00:49.000Z","volume":500,"label":"Y","price":21.6},{"type":"B","date":"2018-03-22T02:00:49.000Z","volume":2000,"label":" ","price":21.6},{"type":"A","date":"2018-03-22T02:01:00.000Z","volume":1000,"label":" ","price":21.6},{"type":"A","date":"2018-03-22T02:02:55.000Z","volume":500,"label":" ","price":21.6},{"type":"A","date":"2018-03-22T02:02:55.000Z","volume":4000,"label":" ","price":21.6},{"type":"A","date":"2018-03-22T02:05:55.000Z","volume":500,"label":" ","price":21.65},{"type":"A","date":"2018-03-22T02:05:55.000Z","volume":2500,"label":" ","price":21.65},{"type":"A","date":"2018-03-22T02:05:55.000Z","volume":500,"label":" ","price":21.7},{"type":"B","date":"2018-03-22T02:06:24.000Z","volume":3000,"label":" ","price":21.65},{"type":"A","date":"2018-03-22T02:07:14.000Z","volume":1500,"label":" ","price":21.7},{"type":"A","date":"2018-03-22T02:08:55.000Z","volume":1000,"label":" ","price":21.7},{"type":"A","date":"2018-03-22T02:09:25.000Z","volume":1000,"label":" ","price":21.7},{"type":"A","date":"2018-03-22T02:10:15.000Z","volume":500,"label":" ","price":21.75},{"type":"B","date":"2018-03-22T02:11:24.000Z","volume":4000,"label":" ","price":21.75},{"type":"B","date":"2018-03-22T02:11:37.000Z","volume":4500,"label":" ","price":21.7},{"type":"B","date":"2018-03-22T02:11:42.000Z","volume":4000,"label":" ","price":21.65},{"type":"A","date":"2018-03-22T02:11:43.000Z","volume":1000,"label":" ","price":21.65},{"type":"B","date":"2018-03-22T02:11:46.000Z","volume":10000,"label":" ","price":21.6},{"type":"B","date":"2018-03-22T02:12:03.000Z","volume":1000,"label":" ","price":21.6},{"type":"B","date":"2018-03-22T02:12:11.000Z","volume":1500,"label":" ","price":21.6},{"type":"B","date":"2018-03-22T02:15:35.000Z","volume":1000,"label":" ","price":21.6},{"type":"B","date":"2018-03-22T02:16:15.000Z","volume":2000,"label":" ","price":21.6},{"type":"B","date":"2018-03-22T02:16:22.000Z","volume":1000,"label":" ","price":21.55},{"type":"B","date":"2018-03-22T02:17:00.000Z","volume":3000,"label":" ","price":21.55},{"type":"A","date":"2018-03-22T02:17:06.000Z","volume":500,"label":" ","price":21.55},{"type":"B","date":"2018-03-22T02:17:12.000Z","volume":4000,"label":" ","price":21.5},{"type":"A","date":"2018-03-22T02:17:12.000Z","volume":500,"label":" ","price":21.55},{"type":"B","date":"2018-03-22T02:19:18.000Z","volume":500,"label":" ","price":21.4},{"type":"A","date":"2018-03-22T02:21:02.000Z","volume":500,"label":" ","price":21.5},{"type":"A","date":"2018-03-22T02:21:35.000Z","volume":1000,"label":" ","price":21.5},{"type":"A","date":"2018-03-22T02:21:50.000Z","volume":2000,"label":" ","price":21.5},{"type":"B","date":"2018-03-22T02:22:32.000Z","volume":4000,"label":" ","price":21.5},{"type":"B","date":"2018-03-22T02:23:01.000Z","volume":3000,"label":" ","price":21.45},{"type":"A","date":"2018-03-22T02:23:10.000Z","volume":5500,"label":" ","price":21.45},{"type":"A","date":"2018-03-22T02:23:10.000Z","volume":1500,"label":" ","price":21.45},{"type":"A","date":"2018-03-22T02:23:21.000Z","volume":500,"label":" ","price":21.5},{"type":"B","date":"2018-03-22T02:23:38.000Z","volume":1500,"label":" ","price":21.45},{"type":"A","date":"2018-03-22T02:24:15.000Z","volume":500,"label":" ","price":21.45},{"type":"A","date":"2018-03-22T02:24:27.000Z","volume":5000,"label":" ","price":21.45},{"type":"A","date":"2018-03-22T02:24:30.000Z","volume":4500,"label":" ","price":21.45},{"type":"B","date":"2018-03-22T02:24:35.000Z","volume":500,"label":" ","price":21.45},{"type":"B","date":"2018-03-22T02:25:19.000Z","volume":2500,"label":" ","price":21.45},{"type":"B","date":"2018-03-22T02:25:44.000Z","volume":1500,"label":" ","price":21.45},{"type":"A","date":"2018-03-22T02:27:51.000Z","volume":500,"label":" ","price":21.45},{"type":"A","date":"2018-03-22T02:29:25.000Z","volume":500,"label":"Y","price":21.55},{"type":"B","date":"2018-03-22T02:29:26.000Z","volume":1500,"label":" ","price":21.5},{"type":"B","date":"2018-03-22T02:29:50.000Z","volume":2000,"label":" ","price":21.45},{"type":"U","date":"2018-03-22T02:29:50.000Z","volume":1000,"label":" ","price":21.5},{"type":"A","date":"2018-03-22T02:31:02.000Z","volume":1000,"label":" ","price":21.5},{"type":"A","date":"2018-03-22T02:31:14.000Z","volume":6500,"label":" ","price":21.5},{"type":"B","date":"2018-03-22T02:31:14.000Z","volume":500,"label":" ","price":21.5},{"type":"B","date":"2018-03-22T02:32:35.000Z","volume":500,"label":" ","price":21.5},{"type":"B","date":"2018-03-22T02:33:30.000Z","volume":2000,"label":" ","price":21.5},{"type":"B","date":"2018-03-22T02:35:09.000Z","volume":3000,"label":" ","price":21.45},{"type":"B","date":"2018-03-22T02:36:18.000Z","volume":2000,"label":" ","price":21.45},{"type":"B","date":"2018-03-22T02:36:46.000Z","volume":500,"label":" ","price":21.45},{"type":"B","date":"2018-03-22T02:36:46.000Z","volume":1000,"label":" ","price":21.45},{"type":"A","date":"2018-03-22T02:36:51.000Z","volume":500,"label":" ","price":21.45},{"type":"U","date":"2018-03-22T02:37:52.000Z","volume":500,"label":"X","price":21.461},{"type":"B","date":"2018-03-22T02:38:11.000Z","volume":5000,"label":" ","price":21.4},{"type":"B","date":"2018-03-22T02:38:11.000Z","volume":2000,"label":" ","price":21.4},{"type":"A","date":"2018-03-22T02:38:11.000Z","volume":500,"label":" ","price":21.45},{"type":"A","date":"2018-03-22T02:39:40.000Z","volume":1000,"label":" ","price":21.45},{"type":"B","date":"2018-03-22T02:39:56.000Z","volume":2000,"label":" ","price":21.3},{"type":"B","date":"2018-03-22T02:41:42.000Z","volume":3000,"label":" ","price":21.4},{"type":"B","date":"2018-03-22T02:41:42.000Z","volume":500,"label":" ","price":21.4},{"type":"B","date":"2018-03-22T02:42:19.000Z","volume":1000,"label":" ","price":21.4},{"type":"B","date":"2018-03-22T02:43:00.000Z","volume":5000,"label":" ","price":21.35},{"type":"A","date":"2018-03-22T02:43:01.000Z","volume":1500,"label":" ","price":21.4},{"type":"B","date":"2018-03-22T02:43:20.000Z","volume":500,"label":" ","price":21.35},{"type":"B","date":"2018-03-22T02:43:32.000Z","volume":500,"label":" ","price":21.3},{"type":"B","date":"2018-03-22T02:44:41.000Z","volume":4000,"label":" ","price":21.3},{"type":"B","date":"2018-03-22T02:44:41.000Z","volume":1000,"label":" ","price":21.25},{"type":"U","date":"2018-03-22T02:45:55.000Z","volume":2000,"label":" ","price":21.2},{"type":"B","date":"2018-03-22T02:47:21.000Z","volume":2000,"label":" ","price":21.15},{"type":"A","date":"2018-03-22T02:47:23.000Z","volume":500,"label":" ","price":21.2},{"type":"A","date":"2018-03-22T02:47:29.000Z","volume":1500,"label":" ","price":21.2},{"type":"B","date":"2018-03-22T02:48:16.000Z","volume":1500,"label":" ","price":21.15},{"type":"A","date":"2018-03-22T02:48:37.000Z","volume":2000,"label":" ","price":21.2},{"type":"A","date":"2018-03-22T02:48:43.000Z","volume":500,"label":" ","price":21.15},{"type":"A","date":"2018-03-22T02:48:43.000Z","volume":500,"label":" ","price":21.15},{"type":"B","date":"2018-03-22T02:50:29.000Z","volume":1000,"label":" ","price":21.1},{"type":"B","date":"2018-03-22T02:51:08.000Z","volume":7000,"label":" ","price":21.1},{"type":"A","date":"2018-03-22T02:51:16.000Z","volume":5000,"label":" ","price":21.1},{"type":"A","date":"2018-03-22T02:51:21.000Z","volume":23000,"label":" ","price":21.1},{"type":"B","date":"2018-03-22T02:51:25.000Z","volume":1000,"label":" ","price":21.05},{"type":"U","date":"2018-03-22T02:51:28.000Z","volume":500,"label":" ","price":21.1},{"type":"U","date":"2018-03-22T02:51:28.000Z","volume":500,"label":" ","price":21.1},{"type":"A","date":"2018-03-22T02:51:46.000Z","volume":9500,"label":" ","price":21.15},{"type":"A","date":"2018-03-22T02:51:46.000Z","volume":4500,"label":" ","price":21.15},{"type":"A","date":"2018-03-22T02:51:49.000Z","volume":500,"label":" ","price":21.2},{"type":"A","date":"2018-03-22T02:52:21.000Z","volume":500,"label":" ","price":21.25},{"type":"A","date":"2018-03-22T02:52:21.000Z","volume":500,"label":" ","price":21.25},{"type":"A","date":"2018-03-22T02:52:21.000Z","volume":500,"label":" ","price":21.25},{"type":"B","date":"2018-03-22T02:57:41.000Z","volume":4500,"label":" ","price":21.25},{"type":"A","date":"2018-03-22T02:57:41.000Z","volume":500,"label":" ","price":21.25},{"type":"A","date":"2018-03-22T02:58:50.000Z","volume":500,"label":" ","price":21.3},{"type":"A","date":"2018-03-22T03:01:55.000Z","volume":500,"label":" ","price":21.3},{"type":"A","date":"2018-03-22T03:01:55.000Z","volume":5500,"label":" ","price":21.3},{"type":"A","date":"2018-03-22T03:01:55.000Z","volume":5000,"label":" ","price":21.3},{"type":"A","date":"2018-03-22T03:01:55.000Z","volume":5500,"label":" ","price":21.3},{"type":"B","date":"2018-03-22T03:03:15.000Z","volume":1500,"label":" ","price":21.4},{"type":"B","date":"2018-03-22T03:03:15.000Z","volume":1000,"label":" ","price":21.4},{"type":"B","date":"2018-03-22T03:08:53.000Z","volume":500,"label":" ","price":21.4},{"type":"B","date":"2018-03-22T03:08:53.000Z","volume":4500,"label":" ","price":21.4},{"type":"B","date":"2018-03-22T03:08:53.000Z","volume":500,"label":" ","price":21.4},{"type":"A","date":"2018-03-22T03:10:29.000Z","volume":500,"label":" ","price":21.4},{"type":"B","date":"2018-03-22T03:13:06.000Z","volume":3000,"label":"Y","price":21.4},{"type":"A","date":"2018-03-22T03:14:05.000Z","volume":500,"label":" ","price":21.45},{"type":"B","date":"2018-03-22T03:14:10.000Z","volume":1000,"label":" ","price":21.4},{"type":"A","date":"2018-03-22T03:14:51.000Z","volume":500,"label":" ","price":21.45},{"type":"B","date":"2018-03-22T03:15:11.000Z","volume":2000,"label":" ","price":21.4},{"type":"B","date":"2018-03-22T03:15:39.000Z","volume":500,"label":" ","price":21.4},{"type":"B","date":"2018-03-22T03:17:19.000Z","volume":3000,"label":" ","price":21.4},{"type":"A","date":"2018-03-22T03:17:19.000Z","volume":500,"label":" ","price":21.4},{"type":"B","date":"2018-03-22T03:20:14.000Z","volume":1000,"label":" ","price":21.35},{"type":"B","date":"2018-03-22T03:20:14.000Z","volume":3000,"label":" ","price":21.35},{"type":"B","date":"2018-03-22T03:22:03.000Z","volume":2500,"label":" ","price":21.3},{"type":"B","date":"2018-03-22T03:22:03.000Z","volume":1000,"label":" ","price":21.3},{"type":"B","date":"2018-03-22T03:22:03.000Z","volume":1000,"label":" ","price":21.3},{"type":"A","date":"2018-03-22T03:22:39.000Z","volume":1000,"label":" ","price":21.3},{"type":"U","date":"2018-03-22T03:23:08.000Z","volume":1500,"label":" ","price":21.3},{"type":"B","date":"2018-03-22T03:23:12.000Z","volume":5000,"label":" ","price":21.25},{"type":"B","date":"2018-03-22T03:23:37.000Z","volume":500,"label":" ","price":21.3},{"type":"A","date":"2018-03-22T03:25:05.000Z","volume":500,"label":" ","price":21.35},{"type":"A","date":"2018-03-22T03:25:05.000Z","volume":500,"label":" ","price":21.35},{"type":"B","date":"2018-03-22T03:25:23.000Z","volume":3500,"label":" ","price":21.3},{"type":"B","date":"2018-03-22T03:25:23.000Z","volume":500,"label":" ","price":21.3},{"type":"B","date":"2018-03-22T03:26:03.000Z","volume":500,"label":" ","price":21.25},{"type":"A","date":"2018-03-22T03:31:00.000Z","volume":500,"label":" ","price":21.3},{"type":"A","date":"2018-03-22T03:31:38.000Z","volume":3000,"label":" ","price":21.3},{"type":"A","date":"2018-03-22T03:31:51.000Z","volume":6500,"label":" ","price":21.3},{"type":"A","date":"2018-03-22T03:32:07.000Z","volume":500,"label":" ","price":21.4},{"type":"B","date":"2018-03-22T03:34:51.000Z","volume":2000,"label":" ","price":21.35},{"type":"A","date":"2018-03-22T03:34:55.000Z","volume":500,"label":" ","price":21.4},{"type":"A","date":"2018-03-22T03:37:52.000Z","volume":500,"label":" ","price":21.4},{"type":"A","date":"2018-03-22T03:38:05.000Z","volume":500,"label":" ","price":21.4},{"type":"A","date":"2018-03-22T03:38:39.000Z","volume":500,"label":" ","price":21.4},{"type":"A","date":"2018-03-22T03:41:02.000Z","volume":500,"label":" ","price":21.45},{"type":"A","date":"2018-03-22T03:41:36.000Z","volume":500,"label":" ","price":21.45},{"type":"A","date":"2018-03-22T03:42:18.000Z","volume":500,"label":" ","price":21.45},{"type":"A","date":"2018-03-22T03:42:55.000Z","volume":500,"label":" ","price":21.45},{"type":"A","date":"2018-03-22T03:43:36.000Z","volume":500,"label":" ","price":21.45},{"type":"A","date":"2018-03-22T03:44:13.000Z","volume":500,"label":" ","price":21.45},{"type":"A","date":"2018-03-22T03:44:55.000Z","volume":500,"label":" ","price":21.45},{"type":"A","date":"2018-03-22T03:46:19.000Z","volume":500,"label":" ","price":21.45},{"type":"A","date":"2018-03-22T03:46:20.000Z","volume":500,"label":" ","price":21.45},{"type":"A","date":"2018-03-22T03:47:45.000Z","volume":500,"label":" ","price":21.45},{"type":"A","date":"2018-03-22T03:48:27.000Z","volume":1000,"label":" ","price":21.45},{"type":"A","date":"2018-03-22T03:49:12.000Z","volume":500,"label":" ","price":21.45},{"type":"A","date":"2018-03-22T03:50:41.000Z","volume":500,"label":" ","price":21.45},{"type":"A","date":"2018-03-22T03:51:40.000Z","volume":500,"label":" ","price":21.45},{"type":"A","date":"2018-03-22T03:51:43.000Z","volume":500,"label":" ","price":21.45},{"type":"A","date":"2018-03-22T03:52:12.000Z","volume":500,"label":" ","price":21.45},{"type":"A","date":"2018-03-22T03:54:42.000Z","volume":500,"label":" ","price":21.45},{"type":"A","date":"2018-03-22T03:54:48.000Z","volume":500,"label":" ","price":21.45},{"type":"A","date":"2018-03-22T03:55:15.000Z","volume":500,"label":" ","price":21.45},{"type":"A","date":"2018-03-22T03:55:23.000Z","volume":500,"label":" ","price":21.45},{"type":"A","date":"2018-03-22T03:56:00.000Z","volume":500,"label":" ","price":21.45},{"type":"B","date":"2018-03-22T03:56:26.000Z","volume":1000,"label":" ","price":21.4},{"type":"A","date":"2018-03-22T03:57:16.000Z","volume":500,"label":" ","price":21.45},{"type":"B","date":"2018-03-22T03:57:41.000Z","volume":1000,"label":" ","price":21.4},{"type":"B","date":"2018-03-22T03:58:12.000Z","volume":500,"label":" ","price":21.4},{"type":"B","date":"2018-03-22T03:58:53.000Z","volume":3000,"label":" ","price":21.4},{"type":"B","date":"2018-03-22T03:58:53.000Z","volume":4500,"label":" ","price":21.4},{"type":"B","date":"2018-03-22T05:00:00.000Z","volume":1000,"label":" ","price":21.35},{"type":"B","date":"2018-03-22T05:10:27.000Z","volume":1000,"label":" ","price":21.25},{"type":"B","date":"2018-03-22T05:15:47.000Z","volume":3000,"label":" ","price":21.3},{"type":"B","date":"2018-03-22T05:15:51.000Z","volume":500,"label":" ","price":21.35},{"type":"B","date":"2018-03-22T05:15:54.000Z","volume":1500,"label":" ","price":21.35},{"type":"A","date":"2018-03-22T05:20:02.000Z","volume":1000,"label":" ","price":21.4},{"type":"A","date":"2018-03-22T05:20:02.000Z","volume":500,"label":" ","price":21.4},{"type":"B","date":"2018-03-22T05:22:45.000Z","volume":2500,"label":" ","price":21.35},{"type":"B","date":"2018-03-22T05:22:45.000Z","volume":2500,"label":" ","price":21.3},{"type":"U","date":"2018-03-22T05:27:11.000Z","volume":500,"label":"X","price":21.325},{"type":"B","date":"2018-03-22T05:29:05.000Z","volume":500,"label":" ","price":21.3},{"type":"B","date":"2018-03-22T05:31:40.000Z","volume":500,"label":" ","price":21.3},{"type":"A","date":"2018-03-22T05:32:02.000Z","volume":500,"label":" ","price":21.35},{"type":"B","date":"2018-03-22T05:38:08.000Z","volume":500,"label":" ","price":21.35},{"type":"A","date":"2018-03-22T05:40:06.000Z","volume":6000,"label":" ","price":21.4},{"type":"A","date":"2018-03-22T05:40:07.000Z","volume":500,"label":" ","price":21.4},{"type":"A","date":"2018-03-22T05:40:07.000Z","volume":4500,"label":" ","price":21.4},{"type":"A","date":"2018-03-22T05:44:58.000Z","volume":5000,"label":" ","price":21.45},{"type":"A","date":"2018-03-22T05:44:58.000Z","volume":500,"label":" ","price":21.45},{"type":"A","date":"2018-03-22T05:45:07.000Z","volume":500,"label":" ","price":21.45},{"type":"A","date":"2018-03-22T05:45:08.000Z","volume":500,"label":" ","price":21.45},{"type":"A","date":"2018-03-22T05:46:23.000Z","volume":500,"label":"Y","price":21.45},{"type":"A","date":"2018-03-22T05:46:23.000Z","volume":500,"label":" ","price":21.45},{"type":"A","date":"2018-03-22T05:47:10.000Z","volume":500,"label":"Y","price":21.45},{"type":"A","date":"2018-03-22T05:47:10.000Z","volume":3000,"label":" ","price":21.45},{"type":"A","date":"2018-03-22T05:47:17.000Z","volume":1000,"label":" ","price":21.45},{"type":"B","date":"2018-03-22T05:52:42.000Z","volume":1000,"label":" ","price":21.4},{"type":"B","date":"2018-03-22T06:05:23.000Z","volume":500,"label":" ","price":21.4},{"type":"B","date":"2018-03-22T06:09:12.000Z","volume":500,"label":" ","price":21.4},{"type":"A","date":"2018-03-22T06:10:46.000Z","volume":500,"label":" ","price":21.45},{"type":"A","date":"2018-03-22T06:12:21.000Z","volume":5000,"label":" ","price":21.45},{"type":"A","date":"2018-03-22T06:12:22.000Z","volume":500,"label":" ","price":21.45},{"type":"A","date":"2018-03-22T06:13:26.000Z","volume":500,"label":" ","price":21.45},{"type":"A","date":"2018-03-22T06:14:14.000Z","volume":500,"label":" ","price":21.45},{"type":"B","date":"2018-03-22T06:16:16.000Z","volume":1500,"label":" ","price":21.4},{"type":"A","date":"2018-03-22T06:16:50.000Z","volume":500,"label":" ","price":21.45},{"type":"B","date":"2018-03-22T06:17:22.000Z","volume":500,"label":" ","price":21.4},{"type":"A","date":"2018-03-22T06:17:47.000Z","volume":500,"label":" ","price":21.45},{"type":"A","date":"2018-03-22T06:17:53.000Z","volume":500,"label":" ","price":21.45},{"type":"A","date":"2018-03-22T06:18:02.000Z","volume":500,"label":" ","price":21.45},{"type":"B","date":"2018-03-22T06:18:06.000Z","volume":11000,"label":" ","price":21.4},{"type":"B","date":"2018-03-22T06:18:06.000Z","volume":500,"label":" ","price":21.4},{"type":"A","date":"2018-03-22T06:18:23.000Z","volume":500,"label":" ","price":21.4},{"type":"B","date":"2018-03-22T06:18:25.000Z","volume":500,"label":" ","price":21.35},{"type":"B","date":"2018-03-22T06:18:28.000Z","volume":500,"label":" ","price":21.35},{"type":"B","date":"2018-03-22T06:18:28.000Z","volume":500,"label":" ","price":21.35},{"type":"A","date":"2018-03-22T06:20:24.000Z","volume":4500,"label":" ","price":21.35},{"type":"A","date":"2018-03-22T06:20:24.000Z","volume":1000,"label":" ","price":21.4},{"type":"B","date":"2018-03-22T06:20:24.000Z","volume":500,"label":" ","price":21.35},{"type":"B","date":"2018-03-22T06:20:24.000Z","volume":3000,"label":" ","price":21.35},{"type":"B","date":"2018-03-22T06:20:25.000Z","volume":1000,"label":" ","price":21.35},{"type":"B","date":"2018-03-22T06:20:25.000Z","volume":500,"label":" ","price":21.35},{"type":"B","date":"2018-03-22T06:27:50.000Z","volume":3000,"label":" ","price":21.35},{"type":"B","date":"2018-03-22T06:27:50.000Z","volume":500,"label":" ","price":21.35},{"type":"U","date":"2018-03-22T06:27:51.000Z","volume":500,"label":"Y","price":21.35},{"type":"A","date":"2018-03-22T06:33:47.000Z","volume":500,"label":" ","price":21.4},{"type":"B","date":"2018-03-22T06:40:02.000Z","volume":500,"label":" ","price":21.35},{"type":"A","date":"2018-03-22T06:40:30.000Z","volume":5000,"label":" ","price":21.4},{"type":"A","date":"2018-03-22T06:40:31.000Z","volume":500,"label":" ","price":21.4},{"type":"B","date":"2018-03-22T06:41:03.000Z","volume":2500,"label":" ","price":21.35},{"type":"B","date":"2018-03-22T06:41:03.000Z","volume":500,"label":" ","price":21.35},{"type":"A","date":"2018-03-22T06:41:25.000Z","volume":2000,"label":" ","price":21.35},{"type":"B","date":"2018-03-22T06:47:57.000Z","volume":500,"label":" ","price":21.35},{"type":"B","date":"2018-03-22T06:53:02.000Z","volume":3500,"label":" ","price":21.35},{"type":"A","date":"2018-03-22T06:55:25.000Z","volume":3000,"label":" ","price":21.4},{"type":"A","date":"2018-03-22T06:55:25.000Z","volume":500,"label":" ","price":21.4},{"type":"A","date":"2018-03-22T07:02:58.000Z","volume":5000,"label":" ","price":21.45},{"type":"A","date":"2018-03-22T07:05:02.000Z","volume":500,"label":" ","price":21.45},{"type":"B","date":"2018-03-22T07:08:51.000Z","volume":1500,"label":" ","price":21.4},{"type":"B","date":"2018-03-22T07:08:52.000Z","volume":500,"label":" ","price":21.4},{"type":"B","date":"2018-03-22T07:09:12.000Z","volume":500,"label":" ","price":21.4},{"type":"B","date":"2018-03-22T07:09:12.000Z","volume":1500,"label":" ","price":21.4},{"type":"A","date":"2018-03-22T07:09:28.000Z","volume":500,"label":" ","price":21.4},{"type":"A","date":"2018-03-22T07:10:01.000Z","volume":500,"label":" ","price":21.4},{"type":"B","date":"2018-03-22T07:12:10.000Z","volume":500,"label":" ","price":21.35},{"type":"B","date":"2018-03-22T07:17:01.000Z","volume":3500,"label":" ","price":21.35},{"type":"B","date":"2018-03-22T07:20:41.000Z","volume":1000,"label":" ","price":21.35},{"type":"B","date":"2018-03-22T07:22:02.000Z","volume":4000,"label":" ","price":21.35},{"type":"A","date":"2018-03-22T07:24:12.000Z","volume":500,"label":" ","price":21.4},{"type":"B","date":"2018-03-22T07:25:30.000Z","volume":2000,"label":" ","price":21.35},{"type":"A","date":"2018-03-22T07:25:31.000Z","volume":500,"label":" ","price":21.4},{"type":"A","date":"2018-03-22T07:27:00.000Z","volume":2000,"label":" ","price":21.4},{"type":"A","date":"2018-03-22T07:31:18.000Z","volume":500,"label":" ","price":21.4},{"type":"A","date":"2018-03-22T07:32:34.000Z","volume":500,"label":" ","price":21.4},{"type":"A","date":"2018-03-22T07:32:34.000Z","volume":1000,"label":" ","price":21.4},{"type":"A","date":"2018-03-22T07:32:34.000Z","volume":500,"label":" ","price":21.45},{"type":"A","date":"2018-03-22T07:32:47.000Z","volume":500,"label":" ","price":21.45},{"type":"A","date":"2018-03-22T07:33:30.000Z","volume":500,"label":" ","price":21.45},{"type":"B","date":"2018-03-22T07:34:09.000Z","volume":1500,"label":" ","price":21.4},{"type":"B","date":"2018-03-22T07:34:10.000Z","volume":500,"label":"Y","price":21.4},{"type":"B","date":"2018-03-22T07:34:10.000Z","volume":2000,"label":" ","price":21.4},{"type":"B","date":"2018-03-22T07:34:39.000Z","volume":500,"label":" ","price":21.4},{"type":"B","date":"2018-03-22T07:34:39.000Z","volume":3000,"label":" ","price":21.4},{"type":"A","date":"2018-03-22T07:35:06.000Z","volume":500,"label":" ","price":21.4},{"type":"A","date":"2018-03-22T07:35:09.000Z","volume":500,"label":" ","price":21.4},{"type":"A","date":"2018-03-22T07:36:14.000Z","volume":500,"label":" ","price":21.4},{"type":"B","date":"2018-03-22T07:37:18.000Z","volume":5000,"label":" ","price":21.35},{"type":"B","date":"2018-03-22T07:38:05.000Z","volume":3000,"label":" ","price":21.35},{"type":"B","date":"2018-03-22T07:39:32.000Z","volume":1000,"label":" ","price":21.35},{"type":"A","date":"2018-03-22T07:41:30.000Z","volume":500,"label":"Y","price":21.4},{"type":"A","date":"2018-03-22T07:41:31.000Z","volume":500,"label":" ","price":21.4},{"type":"A","date":"2018-03-22T07:42:27.000Z","volume":500,"label":" ","price":21.4},{"type":"B","date":"2018-03-22T07:43:22.000Z","volume":500,"label":" ","price":21.35},{"type":"B","date":"2018-03-22T07:44:58.000Z","volume":1000,"label":" ","price":21.35},{"type":"A","date":"2018-03-22T07:45:30.000Z","volume":1000,"label":" ","price":21.4},{"type":"B","date":"2018-03-22T07:45:57.000Z","volume":500,"label":" ","price":21.35},{"type":"B","date":"2018-03-22T07:49:35.000Z","volume":3000,"label":" ","price":21.35},{"type":"B","date":"2018-03-22T07:50:06.000Z","volume":5000,"label":" ","price":21.35},{"type":"B","date":"2018-03-22T07:51:11.000Z","volume":2500,"label":" ","price":21.3},{"type":"A","date":"2018-03-22T07:51:12.000Z","volume":500,"label":" ","price":21.35},{"type":"A","date":"2018-03-22T07:51:12.000Z","volume":500,"label":" ","price":21.35},{"type":"B","date":"2018-03-22T07:51:41.000Z","volume":1000,"label":" ","price":21.3},{"type":"B","date":"2018-03-22T07:52:54.000Z","volume":2000,"label":" ","price":21.3},{"type":"B","date":"2018-03-22T07:53:41.000Z","volume":5000,"label":" ","price":21.3},{"type":"A","date":"2018-03-22T07:54:11.000Z","volume":1000,"label":" ","price":21.35},{"type":"B","date":"2018-03-22T07:54:24.000Z","volume":500,"label":" ","price":21.3},{"type":"A","date":"2018-03-22T07:54:25.000Z","volume":500,"label":" ","price":21.35},{"type":"A","date":"2018-03-22T07:56:00.000Z","volume":500,"label":" ","price":21.35},{"type":"B","date":"2018-03-22T07:57:26.000Z","volume":500,"label":" ","price":21.3},{"type":"A","date":"2018-03-22T07:58:30.000Z","volume":1000,"label":" ","price":21.35},{"type":"A","date":"2018-03-22T07:58:55.000Z","volume":500,"label":" ","price":21.35},{"type":"A","date":"2018-03-22T07:58:55.000Z","volume":500,"label":" ","price":21.35},{"type":"A","date":"2018-03-22T07:59:02.000Z","volume":500,"label":" ","price":21.35},{"type":"B","date":"2018-03-22T07:59:02.000Z","volume":1000,"label":" ","price":21.3},{"type":"B","date":"2018-03-22T07:59:02.000Z","volume":500,"label":" ","price":21.3},{"type":"B","date":"2018-03-22T07:59:02.000Z","volume":500,"label":" ","price":21.3},{"type":"A","date":"2018-03-22T07:59:03.000Z","volume":500,"label":" ","price":21.35},{"type":"A","date":"2018-03-22T07:59:10.000Z","volume":500,"label":" ","price":21.35},{"type":"A","date":"2018-03-22T07:59:15.000Z","volume":500,"label":" ","price":21.35},{"type":"A","date":"2018-03-22T07:59:16.000Z","volume":500,"label":" ","price":21.35},{"type":"B","date":"2018-03-22T07:59:17.000Z","volume":500,"label":" ","price":21.3},{"type":"A","date":"2018-03-22T07:59:23.000Z","volume":500,"label":" ","price":21.35},{"type":"B","date":"2018-03-22T07:59:23.000Z","volume":1000,"label":" ","price":21.3},{"type":"U","date":"2018-03-22T08:08:15.000Z","volume":10500,"label":"U","price":21.3}]