[{"type":"U","date":"2018-03-26T01:20:00.000Z","volume":44000,"label":"U","price":0.58},{"type":"B","date":"2018-03-26T01:32:33.000Z","volume":26000,"label":" ","price":0.58},{"type":"A","date":"2018-03-26T01:41:48.000Z","volume":14000,"label":" ","price":0.58},{"type":"A","date":"2018-03-26T01:42:49.000Z","volume":2000,"label":" ","price":0.59},{"type":"B","date":"2018-03-26T02:07:50.000Z","volume":8000,"label":" ","price":0.58},{"type":"B","date":"2018-03-26T02:07:56.000Z","volume":6000,"label":" ","price":0.58},{"type":"A","date":"2018-03-26T02:38:51.000Z","volume":22000,"label":" ","price":0.59},{"type":"A","date":"2018-03-26T02:39:40.000Z","volume":22000,"label":" ","price":0.59},{"type":"A","date":"2018-03-26T05:10:13.000Z","volume":12000,"label":" ","price":0.59},{"type":"A","date":"2018-03-26T05:43:32.000Z","volume":100000,"label":" ","price":0.59},{"type":"B","date":"2018-03-26T06:01:54.000Z","volume":360000,"label":" ","price":0.58},{"type":"B","date":"2018-03-26T06:10:09.000Z","volume":104000,"label":"Y","price":0.58},{"type":"A","date":"2018-03-26T06:31:07.000Z","volume":32000,"label":" ","price":0.59},{"type":"A","date":"2018-03-26T06:37:17.000Z","volume":96000,"label":" ","price":0.59},{"type":"A","date":"2018-03-26T06:41:25.000Z","volume":800000,"label":" ","price":0.59},{"type":"A","date":"2018-03-26T06:41:48.000Z","volume":182000,"label":" ","price":0.59},{"type":"A","date":"2018-03-26T06:42:53.000Z","volume":22000,"label":" ","price":0.6},{"type":"A","date":"2018-03-26T06:42:53.000Z","volume":2000,"label":" ","price":0.61},{"type":"B","date":"2018-03-26T06:45:39.000Z","volume":98000,"label":" ","price":0.59},{"type":"B","date":"2018-03-26T06:56:10.000Z","volume":30000,"label":"Y","price":0.6},{"type":"B","date":"2018-03-26T06:56:10.000Z","volume":20000,"label":" ","price":0.6},{"type":"A","date":"2018-03-26T07:04:10.000Z","volume":40000,"label":"Y","price":0.61},{"type":"A","date":"2018-03-26T07:04:10.000Z","volume":210000,"label":" ","price":0.61},{"type":"A","date":"2018-03-26T07:04:19.000Z","volume":6000,"label":" ","price":0.61},{"type":"A","date":"2018-03-26T07:06:25.000Z","volume":300000,"label":" ","price":0.62},{"type":"A","date":"2018-03-26T07:06:47.000Z","volume":12000,"label":" ","price":0.62},{"type":"B","date":"2018-03-26T07:06:56.000Z","volume":36000,"label":" ","price":0.62},{"type":"B","date":"2018-03-26T07:07:48.000Z","volume":52000,"label":" ","price":0.62},{"type":"A","date":"2018-03-26T07:08:39.000Z","volume":48000,"label":" ","price":0.62},{"type":"A","date":"2018-03-26T07:09:59.000Z","volume":6000,"label":" ","price":0.63},{"type":"A","date":"2018-03-26T07:28:43.000Z","volume":40000,"label":" ","price":0.62},{"type":"A","date":"2018-03-26T07:29:12.000Z","volume":6000,"label":" ","price":0.62},{"type":"A","date":"2018-03-26T07:37:33.000Z","volume":30000,"label":" ","price":0.62},{"type":"B","date":"2018-03-26T07:49:18.000Z","volume":40000,"label":" ","price":0.61}]