[{"type":"U","date":"2018-04-19T01:00:29.000Z","volume":75000,"label":"P","price":3.562},{"type":"U","date":"2018-04-19T01:00:29.000Z","volume":175000,"label":"P","price":3.563},{"type":"U","date":"2018-04-19T01:02:16.000Z","volume":442000,"label":"P","price":3.57},{"type":"A","date":"2018-04-19T01:30:00.000Z","volume":64000,"label":" ","price":3.56},{"type":"A","date":"2018-04-19T01:30:00.000Z","volume":14000,"label":" ","price":3.56},{"type":"A","date":"2018-04-19T01:30:01.000Z","volume":4000,"label":" ","price":3.57},{"type":"A","date":"2018-04-19T01:30:02.000Z","volume":12000,"label":" ","price":3.57},{"type":"A","date":"2018-04-19T01:30:02.000Z","volume":14000,"label":" ","price":3.58},{"type":"U","date":"2018-04-19T01:30:02.000Z","volume":4000,"label":" ","price":3.57},{"type":"U","date":"2018-04-19T01:30:02.000Z","volume":20000,"label":" ","price":3.57},{"type":"A","date":"2018-04-19T01:30:02.000Z","volume":30000,"label":" ","price":3.58},{"type":"A","date":"2018-04-19T01:30:03.000Z","volume":12000,"label":" ","price":3.58},{"type":"A","date":"2018-04-19T01:30:03.000Z","volume":4000,"label":" ","price":3.58},{"type":"A","date":"2018-04-19T01:30:03.000Z","volume":8000,"label":" ","price":3.58},{"type":"A","date":"2018-04-19T01:30:03.000Z","volume":26000,"label":" ","price":3.58},{"type":"A","date":"2018-04-19T01:30:04.000Z","volume":4000,"label":" ","price":3.58},{"type":"A","date":"2018-04-19T01:30:04.000Z","volume":4000,"label":" ","price":3.58},{"type":"A","date":"2018-04-19T01:30:04.000Z","volume":2000,"label":" ","price":3.58},{"type":"A","date":"2018-04-19T01:30:04.000Z","volume":12000,"label":" ","price":3.58},{"type":"B","date":"2018-04-19T01:30:04.000Z","volume":6000,"label":" ","price":3.57},{"type":"A","date":"2018-04-19T01:30:05.000Z","volume":4000,"label":" ","price":3.58},{"type":"A","date":"2018-04-19T01:30:05.000Z","volume":8000,"label":" ","price":3.58},{"type":"A","date":"2018-04-19T01:30:05.000Z","volume":18000,"label":" ","price":3.58},{"type":"B","date":"2018-04-19T01:30:05.000Z","volume":6000,"label":" ","price":3.57},{"type":"A","date":"2018-04-19T01:30:06.000Z","volume":8000,"label":" ","price":3.58},{"type":"A","date":"2018-04-19T01:30:06.000Z","volume":4000,"label":" ","price":3.58},{"type":"A","date":"2018-04-19T01:30:07.000Z","volume":26000,"label":" ","price":3.58},{"type":"A","date":"2018-04-19T01:30:07.000Z","volume":6000,"label":" ","price":3.58},{"type":"A","date":"2018-04-19T01:30:07.000Z","volume":12000,"label":" ","price":3.58},{"type":"A","date":"2018-04-19T01:30:07.000Z","volume":2000,"label":" ","price":3.58},{"type":"A","date":"2018-04-19T01:30:07.000Z","volume":2000,"label":" ","price":3.58},{"type":"A","date":"2018-04-19T01:30:08.000Z","volume":16000,"label":" ","price":3.58},{"type":"A","date":"2018-04-19T01:30:08.000Z","volume":6000,"label":" ","price":3.58},{"type":"A","date":"2018-04-19T01:30:08.000Z","volume":4000,"label":" ","price":3.58},{"type":"A","date":"2018-04-19T01:30:09.000Z","volume":12000,"label":" ","price":3.58},{"type":"A","date":"2018-04-19T01:30:09.000Z","volume":2000,"label":" ","price":3.58},{"type":"A","date":"2018-04-19T01:30:09.000Z","volume":8000,"label":" ","price":3.58},{"type":"A","date":"2018-04-19T01:30:09.000Z","volume":2000,"label":" ","price":3.58},{"type":"A","date":"2018-04-19T01:30:10.000Z","volume":2000,"label":" ","price":3.58},{"type":"A","date":"2018-04-19T01:30:10.000Z","volume":1062000,"label":" ","price":3.58},{"type":"A","date":"2018-04-19T01:30:10.000Z","volume":2000,"label":" ","price":3.59},{"type":"A","date":"2018-04-19T01:30:10.000Z","volume":20000,"label":" ","price":3.59},{"type":"A","date":"2018-04-19T01:30:10.000Z","volume":108000,"label":" ","price":3.6},{"type":"A","date":"2018-04-19T01:30:10.000Z","volume":72000,"label":" ","price":3.6},{"type":"A","date":"2018-04-19T01:30:10.000Z","volume":12000,"label":" ","price":3.6},{"type":"A","date":"2018-04-19T01:30:10.000Z","volume":8000,"label":" ","price":3.6},{"type":"A","date":"2018-04-19T01:30:10.000Z","volume":8000,"label":" ","price":3.6},{"type":"A","date":"2018-04-19T01:30:10.000Z","volume":2000,"label":" ","price":3.6},{"type":"A","date":"2018-04-19T01:30:11.000Z","volume":82000,"label":" ","price":3.6},{"type":"U","date":"2018-04-19T01:30:11.000Z","volume":248000,"label":" ","price":3.6},{"type":"U","date":"2018-04-19T01:30:11.000Z","volume":38000,"label":" ","price":3.6},{"type":"A","date":"2018-04-19T01:30:12.000Z","volume":198000,"label":" ","price":3.61},{"type":"B","date":"2018-04-19T01:30:12.000Z","volume":26000,"label":" ","price":3.6},{"type":"A","date":"2018-04-19T01:30:13.000Z","volume":6000,"label":" ","price":3.61},{"type":"B","date":"2018-04-19T01:30:13.000Z","volume":82000,"label":" ","price":3.6},{"type":"A","date":"2018-04-19T01:30:14.000Z","volume":12000,"label":" ","price":3.6},{"type":"A","date":"2018-04-19T01:30:17.000Z","volume":2000,"label":" ","price":3.6},{"type":"A","date":"2018-04-19T01:30:36.000Z","volume":10000,"label":" ","price":3.6},{"type":"A","date":"2018-04-19T01:30:39.000Z","volume":2000,"label":" ","price":3.6},{"type":"A","date":"2018-04-19T01:30:44.000Z","volume":4000,"label":" ","price":3.6},{"type":"U","date":"2018-04-19T01:30:44.000Z","volume":4000,"label":"X","price":3.595},{"type":"U","date":"2018-04-19T01:30:46.000Z","volume":12000,"label":"X","price":3.595},{"type":"A","date":"2018-04-19T01:30:48.000Z","volume":34000,"label":" ","price":3.6},{"type":"A","date":"2018-04-19T01:30:48.000Z","volume":16000,"label":" ","price":3.6},{"type":"A","date":"2018-04-19T01:30:49.000Z","volume":6000,"label":" ","price":3.6},{"type":"A","date":"2018-04-19T01:30:51.000Z","volume":10000,"label":" ","price":3.6},{"type":"A","date":"2018-04-19T01:31:00.000Z","volume":2000,"label":" ","price":3.6},{"type":"A","date":"2018-04-19T01:31:03.000Z","volume":2000,"label":" ","price":3.6},{"type":"A","date":"2018-04-19T01:31:07.000Z","volume":2000,"label":" ","price":3.6},{"type":"A","date":"2018-04-19T01:31:08.000Z","volume":2000,"label":" ","price":3.6},{"type":"A","date":"2018-04-19T01:31:09.000Z","volume":28000,"label":" ","price":3.6},{"type":"A","date":"2018-04-19T01:31:09.000Z","volume":14000,"label":" ","price":3.6},{"type":"A","date":"2018-04-19T01:31:09.000Z","volume":18000,"label":" ","price":3.6},{"type":"B","date":"2018-04-19T01:31:10.000Z","volume":2000,"label":" ","price":3.6},{"type":"A","date":"2018-04-19T01:31:10.000Z","volume":2000,"label":" ","price":3.61},{"type":"A","date":"2018-04-19T01:31:11.000Z","volume":14000,"label":" ","price":3.61},{"type":"A","date":"2018-04-19T01:31:14.000Z","volume":2000,"label":" ","price":3.61},{"type":"A","date":"2018-04-19T01:31:16.000Z","volume":2000,"label":" ","price":3.61},{"type":"B","date":"2018-04-19T01:31:16.000Z","volume":52000,"label":" ","price":3.6},{"type":"B","date":"2018-04-19T01:31:16.000Z","volume":28000,"label":" ","price":3.6},{"type":"U","date":"2018-04-19T01:31:17.000Z","volume":14000,"label":" ","price":3.6},{"type":"A","date":"2018-04-19T01:31:18.000Z","volume":12000,"label":" ","price":3.6},{"type":"A","date":"2018-04-19T01:31:19.000Z","volume":4000,"label":" ","price":3.6},{"type":"A","date":"2018-04-19T01:31:19.000Z","volume":10000,"label":" ","price":3.6},{"type":"A","date":"2018-04-19T01:31:20.000Z","volume":2000,"label":" ","price":3.61},{"type":"A","date":"2018-04-19T01:31:21.000Z","volume":2000,"label":" ","price":3.61},{"type":"B","date":"2018-04-19T01:32:00.000Z","volume":20000,"label":" ","price":3.59},{"type":"U","date":"2018-04-19T01:32:02.000Z","volume":8000,"label":" ","price":3.6},{"type":"U","date":"2018-04-19T01:32:23.000Z","volume":6000,"label":"X","price":3.6},{"type":"U","date":"2018-04-19T01:32:24.000Z","volume":2000,"label":"X","price":3.6},{"type":"U","date":"2018-04-19T01:32:32.000Z","volume":4000,"label":" ","price":3.6},{"type":"U","date":"2018-04-19T01:32:33.000Z","volume":2000,"label":" ","price":3.6},{"type":"U","date":"2018-04-19T01:32:33.000Z","volume":2000,"label":" ","price":3.6},{"type":"U","date":"2018-04-19T01:32:35.000Z","volume":2000,"label":" ","price":3.6},{"type":"U","date":"2018-04-19T01:32:53.000Z","volume":6000,"label":"X","price":3.6},{"type":"A","date":"2018-04-19T01:33:17.000Z","volume":4000,"label":" ","price":3.61},{"type":"U","date":"2018-04-19T01:33:23.000Z","volume":8000,"label":"X","price":3.6},{"type":"U","date":"2018-04-19T01:33:27.000Z","volume":8000,"label":" ","price":3.6},{"type":"A","date":"2018-04-19T01:33:29.000Z","volume":2000,"label":" ","price":3.61},{"type":"B","date":"2018-04-19T01:33:31.000Z","volume":2000,"label":" ","price":3.6},{"type":"B","date":"2018-04-19T01:33:43.000Z","volume":2000,"label":" ","price":3.6},{"type":"U","date":"2018-04-19T01:33:53.000Z","volume":6000,"label":"X","price":3.6},{"type":"A","date":"2018-04-19T01:34:04.000Z","volume":2000,"label":" ","price":3.61},{"type":"U","date":"2018-04-19T01:34:23.000Z","volume":6000,"label":"X","price":3.6},{"type":"A","date":"2018-04-19T01:35:03.000Z","volume":4000,"label":" ","price":3.61},{"type":"A","date":"2018-04-19T01:35:05.000Z","volume":2000,"label":" ","price":3.61},{"type":"A","date":"2018-04-19T01:37:35.000Z","volume":4000,"label":" ","price":3.61},{"type":"U","date":"2018-04-19T01:37:44.000Z","volume":6000,"label":"X","price":3.605},{"type":"U","date":"2018-04-19T01:37:45.000Z","volume":12000,"label":"X","price":3.605},{"type":"U","date":"2018-04-19T01:37:45.000Z","volume":2000,"label":"X","price":3.605},{"type":"B","date":"2018-04-19T01:37:50.000Z","volume":2000,"label":"Y","price":3.6},{"type":"B","date":"2018-04-19T01:38:20.000Z","volume":2000,"label":"Y","price":3.6},{"type":"A","date":"2018-04-19T01:38:22.000Z","volume":4000,"label":" ","price":3.61},{"type":"A","date":"2018-04-19T01:38:23.000Z","volume":4000,"label":" ","price":3.61},{"type":"A","date":"2018-04-19T01:38:25.000Z","volume":4000,"label":" ","price":3.61},{"type":"B","date":"2018-04-19T01:38:40.000Z","volume":2000,"label":"Y","price":3.6},{"type":"A","date":"2018-04-19T01:39:19.000Z","volume":2000,"label":" ","price":3.61},{"type":"A","date":"2018-04-19T01:39:19.000Z","volume":2000,"label":" ","price":3.61},{"type":"B","date":"2018-04-19T01:39:20.000Z","volume":2000,"label":"Y","price":3.6},{"type":"B","date":"2018-04-19T01:39:28.000Z","volume":2000,"label":" ","price":3.6},{"type":"B","date":"2018-04-19T01:39:46.000Z","volume":44000,"label":" ","price":3.6},{"type":"A","date":"2018-04-19T01:39:48.000Z","volume":8000,"label":" ","price":3.61},{"type":"A","date":"2018-04-19T01:39:49.000Z","volume":6000,"label":" ","price":3.61},{"type":"B","date":"2018-04-19T01:39:50.000Z","volume":2000,"label":"Y","price":3.6},{"type":"A","date":"2018-04-19T01:39:52.000Z","volume":2000,"label":" ","price":3.61},{"type":"B","date":"2018-04-19T01:39:57.000Z","volume":2000,"label":" ","price":3.6},{"type":"B","date":"2018-04-19T01:40:15.000Z","volume":8000,"label":" ","price":3.6},{"type":"A","date":"2018-04-19T01:40:17.000Z","volume":2000,"label":" ","price":3.61},{"type":"A","date":"2018-04-19T01:40:30.000Z","volume":8000,"label":"Y","price":3.61},{"type":"A","date":"2018-04-19T01:40:49.000Z","volume":2000,"label":" ","price":3.61},{"type":"A","date":"2018-04-19T01:40:49.000Z","volume":6000,"label":" ","price":3.61},{"type":"A","date":"2018-04-19T01:40:51.000Z","volume":2000,"label":" ","price":3.61},{"type":"A","date":"2018-04-19T01:40:54.000Z","volume":4000,"label":" ","price":3.61},{"type":"B","date":"2018-04-19T01:41:15.000Z","volume":6000,"label":" ","price":3.6},{"type":"A","date":"2018-04-19T01:41:18.000Z","volume":2000,"label":" ","price":3.61},{"type":"A","date":"2018-04-19T01:41:20.000Z","volume":4000,"label":" ","price":3.61},{"type":"U","date":"2018-04-19T01:41:25.000Z","volume":8000,"label":"X","price":3.605},{"type":"U","date":"2018-04-19T01:41:26.000Z","volume":6000,"label":"X","price":3.605},{"type":"B","date":"2018-04-19T01:41:43.000Z","volume":4000,"label":"Y","price":3.6},{"type":"A","date":"2018-04-19T01:41:45.000Z","volume":2000,"label":" ","price":3.61},{"type":"B","date":"2018-04-19T01:42:41.000Z","volume":8000,"label":" ","price":3.6},{"type":"B","date":"2018-04-19T01:43:26.000Z","volume":10000,"label":" ","price":3.6},{"type":"A","date":"2018-04-19T01:43:28.000Z","volume":2000,"label":" ","price":3.61},{"type":"A","date":"2018-04-19T01:43:29.000Z","volume":4000,"label":" ","price":3.61},{"type":"B","date":"2018-04-19T01:43:31.000Z","volume":8000,"label":" ","price":3.6},{"type":"U","date":"2018-04-19T01:43:34.000Z","volume":4000,"label":"X","price":3.605},{"type":"U","date":"2018-04-19T01:43:35.000Z","volume":2000,"label":"X","price":3.605},{"type":"U","date":"2018-04-19T01:43:35.000Z","volume":6000,"label":"X","price":3.605},{"type":"A","date":"2018-04-19T01:43:54.000Z","volume":4000,"label":" ","price":3.61},{"type":"B","date":"2018-04-19T01:43:57.000Z","volume":2000,"label":"Y","price":3.6},{"type":"A","date":"2018-04-19T01:43:59.000Z","volume":2000,"label":" ","price":3.61},{"type":"B","date":"2018-04-19T01:44:01.000Z","volume":4000,"label":"Y","price":3.6},{"type":"B","date":"2018-04-19T01:44:10.000Z","volume":2000,"label":" ","price":3.6},{"type":"B","date":"2018-04-19T01:44:18.000Z","volume":20000,"label":" ","price":3.6},{"type":"A","date":"2018-04-19T01:44:20.000Z","volume":4000,"label":" ","price":3.61},{"type":"A","date":"2018-04-19T01:44:26.000Z","volume":2000,"label":" ","price":3.61},{"type":"A","date":"2018-04-19T01:44:28.000Z","volume":4000,"label":" ","price":3.61},{"type":"U","date":"2018-04-19T01:44:31.000Z","volume":1000,"label":"D","price":3.54},{"type":"A","date":"2018-04-19T01:44:50.000Z","volume":30000,"label":" ","price":3.61},{"type":"B","date":"2018-04-19T01:44:50.000Z","volume":2000,"label":" ","price":3.6},{"type":"A","date":"2018-04-19T01:44:52.000Z","volume":8000,"label":" ","price":3.61},{"type":"A","date":"2018-04-19T01:44:52.000Z","volume":4000,"label":" ","price":3.61},{"type":"A","date":"2018-04-19T01:44:53.000Z","volume":32000,"label":" ","price":3.61},{"type":"U","date":"2018-04-19T01:44:54.000Z","volume":4000,"label":"X","price":3.605},{"type":"U","date":"2018-04-19T01:44:55.000Z","volume":2000,"label":"X","price":3.605},{"type":"A","date":"2018-04-19T01:44:55.000Z","volume":6000,"label":" ","price":3.61},{"type":"U","date":"2018-04-19T01:44:56.000Z","volume":4000,"label":"X","price":3.605},{"type":"A","date":"2018-04-19T01:45:00.000Z","volume":2000,"label":" ","price":3.61},{"type":"A","date":"2018-04-19T01:45:02.000Z","volume":4000,"label":" ","price":3.61},{"type":"A","date":"2018-04-19T01:45:34.000Z","volume":4000,"label":" ","price":3.61},{"type":"A","date":"2018-04-19T01:45:50.000Z","volume":4000,"label":" ","price":3.61},{"type":"A","date":"2018-04-19T01:45:51.000Z","volume":2000,"label":" ","price":3.61},{"type":"A","date":"2018-04-19T01:45:53.000Z","volume":2000,"label":" ","price":3.61},{"type":"A","date":"2018-04-19T01:45:55.000Z","volume":4000,"label":" ","price":3.61},{"type":"A","date":"2018-04-19T01:46:20.000Z","volume":2000,"label":" ","price":3.61},{"type":"B","date":"2018-04-19T01:46:21.000Z","volume":2000,"label":" ","price":3.6},{"type":"A","date":"2018-04-19T01:46:22.000Z","volume":6000,"label":" ","price":3.61},{"type":"A","date":"2018-04-19T01:46:24.000Z","volume":2000,"label":" ","price":3.61},{"type":"A","date":"2018-04-19T01:46:27.000Z","volume":4000,"label":" ","price":3.61},{"type":"A","date":"2018-04-19T01:46:27.000Z","volume":250000,"label":" ","price":3.61},{"type":"B","date":"2018-04-19T01:46:27.000Z","volume":4000,"label":" ","price":3.6},{"type":"A","date":"2018-04-19T01:46:28.000Z","volume":6000,"label":" ","price":3.61},{"type":"A","date":"2018-04-19T01:46:29.000Z","volume":4000,"label":" ","price":3.61},{"type":"A","date":"2018-04-19T01:46:29.000Z","volume":10000,"label":" ","price":3.61},{"type":"A","date":"2018-04-19T01:46:31.000Z","volume":78000,"label":" ","price":3.61},{"type":"A","date":"2018-04-19T01:46:34.000Z","volume":24000,"label":" ","price":3.61},{"type":"A","date":"2018-04-19T01:46:34.000Z","volume":6000,"label":" ","price":3.61},{"type":"A","date":"2018-04-19T01:46:34.000Z","volume":6000,"label":" ","price":3.61},{"type":"A","date":"2018-04-19T01:46:34.000Z","volume":4000,"label":" ","price":3.61},{"type":"A","date":"2018-04-19T01:46:37.000Z","volume":4000,"label":" ","price":3.61},{"type":"A","date":"2018-04-19T01:46:38.000Z","volume":64000,"label":" ","price":3.61},{"type":"A","date":"2018-04-19T01:46:38.000Z","volume":250000,"label":" ","price":3.61},{"type":"A","date":"2018-04-19T01:46:39.000Z","volume":90000,"label":" ","price":3.61},{"type":"B","date":"2018-04-19T01:46:41.000Z","volume":2000,"label":" ","price":3.6},{"type":"A","date":"2018-04-19T01:46:58.000Z","volume":20000,"label":" ","price":3.61},{"type":"A","date":"2018-04-19T01:46:58.000Z","volume":2000,"label":" ","price":3.61},{"type":"B","date":"2018-04-19T01:46:58.000Z","volume":10000,"label":" ","price":3.6},{"type":"A","date":"2018-04-19T01:46:59.000Z","volume":6000,"label":" ","price":3.61},{"type":"A","date":"2018-04-19T01:47:00.000Z","volume":20000,"label":" ","price":3.61},{"type":"A","date":"2018-04-19T01:47:01.000Z","volume":6000,"label":" ","price":3.61},{"type":"A","date":"2018-04-19T01:47:01.000Z","volume":1232000,"label":" ","price":3.61},{"type":"A","date":"2018-04-19T01:47:01.000Z","volume":2000,"label":" ","price":3.61},{"type":"A","date":"2018-04-19T01:47:01.000Z","volume":2000,"label":" ","price":3.61},{"type":"A","date":"2018-04-19T01:47:01.000Z","volume":18000,"label":" ","price":3.61},{"type":"A","date":"2018-04-19T01:47:01.000Z","volume":278000,"label":" ","price":3.62},{"type":"A","date":"2018-04-19T01:47:02.000Z","volume":8000,"label":" ","price":3.62},{"type":"A","date":"2018-04-19T01:47:04.000Z","volume":22000,"label":" ","price":3.63},{"type":"A","date":"2018-04-19T01:47:04.000Z","volume":162000,"label":" ","price":3.63},{"type":"A","date":"2018-04-19T01:47:04.000Z","volume":4000,"label":" ","price":3.63},{"type":"A","date":"2018-04-19T01:47:06.000Z","volume":64000,"label":" ","price":3.63},{"type":"A","date":"2018-04-19T01:47:06.000Z","volume":248000,"label":" ","price":3.63},{"type":"A","date":"2018-04-19T01:47:10.000Z","volume":236000,"label":" ","price":3.64},{"type":"A","date":"2018-04-19T01:47:10.000Z","volume":112000,"label":" ","price":3.64},{"type":"A","date":"2018-04-19T01:47:10.000Z","volume":6000,"label":" ","price":3.64},{"type":"B","date":"2018-04-19T01:47:26.000Z","volume":10000,"label":" ","price":3.64},{"type":"A","date":"2018-04-19T01:47:28.000Z","volume":2000,"label":" ","price":3.65},{"type":"A","date":"2018-04-19T01:47:34.000Z","volume":46000,"label":" ","price":3.65},{"type":"A","date":"2018-04-19T01:47:57.000Z","volume":2000,"label":" ","price":3.65},{"type":"B","date":"2018-04-19T01:48:00.000Z","volume":30000,"label":" ","price":3.64},{"type":"A","date":"2018-04-19T01:48:04.000Z","volume":2000,"label":"Y","price":3.65},{"type":"B","date":"2018-04-19T01:48:07.000Z","volume":50000,"label":" ","price":3.64},{"type":"A","date":"2018-04-19T01:48:13.000Z","volume":2000,"label":" ","price":3.65},{"type":"B","date":"2018-04-19T01:48:19.000Z","volume":418000,"label":" ","price":3.64},{"type":"B","date":"2018-04-19T01:48:19.000Z","volume":250000,"label":" ","price":3.64},{"type":"B","date":"2018-04-19T01:48:19.000Z","volume":22000,"label":" ","price":3.64},{"type":"B","date":"2018-04-19T01:48:19.000Z","volume":12000,"label":" ","price":3.64},{"type":"B","date":"2018-04-19T01:48:19.000Z","volume":10000,"label":" ","price":3.64},{"type":"A","date":"2018-04-19T01:48:20.000Z","volume":92000,"label":" ","price":3.64},{"type":"A","date":"2018-04-19T01:48:20.000Z","volume":86000,"label":" ","price":3.64},{"type":"U","date":"2018-04-19T01:48:27.000Z","volume":10000,"label":"X","price":3.645},{"type":"A","date":"2018-04-19T01:48:29.000Z","volume":30000,"label":" ","price":3.65},{"type":"B","date":"2018-04-19T01:48:31.000Z","volume":2000,"label":" ","price":3.64},{"type":"B","date":"2018-04-19T01:48:45.000Z","volume":2000,"label":" ","price":3.64},{"type":"B","date":"2018-04-19T01:48:56.000Z","volume":60000,"label":" ","price":3.64},{"type":"A","date":"2018-04-19T01:48:57.000Z","volume":60000,"label":" ","price":3.65},{"type":"B","date":"2018-04-19T01:48:57.000Z","volume":10000,"label":" ","price":3.64},{"type":"U","date":"2018-04-19T01:48:58.000Z","volume":2000,"label":"X","price":3.645},{"type":"U","date":"2018-04-19T01:48:59.000Z","volume":8000,"label":"X","price":3.645},{"type":"B","date":"2018-04-19T01:49:00.000Z","volume":34000,"label":" ","price":3.64},{"type":"U","date":"2018-04-19T01:49:00.000Z","volume":28000,"label":"X","price":3.64},{"type":"A","date":"2018-04-19T01:49:00.000Z","volume":46000,"label":" ","price":3.64},{"type":"B","date":"2018-04-19T01:49:04.000Z","volume":10000,"label":" ","price":3.64},{"type":"B","date":"2018-04-19T01:49:18.000Z","volume":10000,"label":" ","price":3.64},{"type":"A","date":"2018-04-19T01:49:19.000Z","volume":2000,"label":"Y","price":3.65},{"type":"A","date":"2018-04-19T01:49:19.000Z","volume":66000,"label":" ","price":3.65},{"type":"A","date":"2018-04-19T01:49:24.000Z","volume":10000,"label":" ","price":3.65},{"type":"U","date":"2018-04-19T01:49:31.000Z","volume":300,"label":"D","price":3.6},{"type":"A","date":"2018-04-19T01:49:54.000Z","volume":28000,"label":" ","price":3.65},{"type":"A","date":"2018-04-19T01:49:59.000Z","volume":6000,"label":" ","price":3.65},{"type":"B","date":"2018-04-19T01:50:01.000Z","volume":30000,"label":" ","price":3.64},{"type":"A","date":"2018-04-19T01:50:14.000Z","volume":16000,"label":" ","price":3.65},{"type":"A","date":"2018-04-19T01:50:15.000Z","volume":4000,"label":" ","price":3.65},{"type":"B","date":"2018-04-19T01:50:19.000Z","volume":2000,"label":" ","price":3.64},{"type":"B","date":"2018-04-19T01:51:03.000Z","volume":2000,"label":" ","price":3.64},{"type":"B","date":"2018-04-19T01:51:05.000Z","volume":2000,"label":" ","price":3.64},{"type":"B","date":"2018-04-19T01:51:10.000Z","volume":98000,"label":" ","price":3.64},{"type":"B","date":"2018-04-19T01:51:10.000Z","volume":4000,"label":" ","price":3.64},{"type":"B","date":"2018-04-19T01:51:10.000Z","volume":2000,"label":" ","price":3.64},{"type":"B","date":"2018-04-19T01:51:10.000Z","volume":2000,"label":" ","price":3.64},{"type":"B","date":"2018-04-19T01:51:10.000Z","volume":2000,"label":" ","price":3.64},{"type":"B","date":"2018-04-19T01:51:10.000Z","volume":2000,"label":" ","price":3.64},{"type":"B","date":"2018-04-19T01:52:00.000Z","volume":186000,"label":" ","price":3.63},{"type":"A","date":"2018-04-19T01:52:09.000Z","volume":126000,"label":" ","price":3.63},{"type":"B","date":"2018-04-19T01:52:23.000Z","volume":60000,"label":" ","price":3.63},{"type":"A","date":"2018-04-19T01:52:33.000Z","volume":144000,"label":" ","price":3.64},{"type":"A","date":"2018-04-19T01:52:33.000Z","volume":54000,"label":" ","price":3.64},{"type":"A","date":"2018-04-19T01:52:33.000Z","volume":12000,"label":" ","price":3.64},{"type":"B","date":"2018-04-19T01:53:23.000Z","volume":100000,"label":" ","price":3.64},{"type":"B","date":"2018-04-19T01:53:23.000Z","volume":2000,"label":" ","price":3.64},{"type":"A","date":"2018-04-19T01:53:25.000Z","volume":6000,"label":" ","price":3.65},{"type":"B","date":"2018-04-19T01:54:10.000Z","volume":2000,"label":" ","price":3.64},{"type":"B","date":"2018-04-19T01:54:13.000Z","volume":100000,"label":" ","price":3.64},{"type":"B","date":"2018-04-19T01:54:13.000Z","volume":2000,"label":" ","price":3.64},{"type":"B","date":"2018-04-19T01:54:14.000Z","volume":20000,"label":" ","price":3.64},{"type":"B","date":"2018-04-19T01:54:27.000Z","volume":10000,"label":" ","price":3.64},{"type":"B","date":"2018-04-19T01:55:01.000Z","volume":2000,"label":" ","price":3.64},{"type":"A","date":"2018-04-19T01:55:10.000Z","volume":300000,"label":" ","price":3.65},{"type":"B","date":"2018-04-19T01:55:10.000Z","volume":2000,"label":"Y","price":3.64},{"type":"B","date":"2018-04-19T01:55:11.000Z","volume":2000,"label":" ","price":3.64},{"type":"A","date":"2018-04-19T01:55:12.000Z","volume":16000,"label":" ","price":3.65},{"type":"B","date":"2018-04-19T01:56:00.000Z","volume":10000,"label":" ","price":3.64},{"type":"B","date":"2018-04-19T01:56:28.000Z","volume":20000,"label":" ","price":3.64},{"type":"B","date":"2018-04-19T01:56:44.000Z","volume":2000,"label":" ","price":3.64},{"type":"B","date":"2018-04-19T01:57:02.000Z","volume":6000,"label":" ","price":3.64},{"type":"B","date":"2018-04-19T01:57:48.000Z","volume":6000,"label":" ","price":3.64},{"type":"B","date":"2018-04-19T01:57:55.000Z","volume":16000,"label":" ","price":3.64},{"type":"B","date":"2018-04-19T01:58:54.000Z","volume":10000,"label":" ","price":3.64},{"type":"B","date":"2018-04-19T01:59:10.000Z","volume":10000,"label":" ","price":3.64},{"type":"A","date":"2018-04-19T01:59:12.000Z","volume":2000,"label":" ","price":3.65},{"type":"B","date":"2018-04-19T01:59:29.000Z","volume":500000,"label":" ","price":3.64},{"type":"B","date":"2018-04-19T01:59:29.000Z","volume":66000,"label":" ","price":3.64},{"type":"A","date":"2018-04-19T01:59:29.000Z","volume":2000,"label":" ","price":3.64},{"type":"A","date":"2018-04-19T01:59:29.000Z","volume":2000,"label":" ","price":3.64},{"type":"B","date":"2018-04-19T01:59:31.000Z","volume":4000,"label":" ","price":3.63},{"type":"B","date":"2018-04-19T01:59:34.000Z","volume":2000,"label":" ","price":3.63},{"type":"B","date":"2018-04-19T01:59:34.000Z","volume":12000,"label":" ","price":3.63},{"type":"B","date":"2018-04-19T01:59:38.000Z","volume":2000,"label":" ","price":3.63},{"type":"U","date":"2018-04-19T01:59:47.000Z","volume":340,"label":"D","price":3.62},{"type":"B","date":"2018-04-19T01:59:54.000Z","volume":2000,"label":" ","price":3.63},{"type":"B","date":"2018-04-19T02:01:47.000Z","volume":20000,"label":" ","price":3.63},{"type":"B","date":"2018-04-19T02:01:49.000Z","volume":2000,"label":" ","price":3.63},{"type":"B","date":"2018-04-19T02:02:00.000Z","volume":2000,"label":" ","price":3.63},{"type":"B","date":"2018-04-19T02:02:00.000Z","volume":2000,"label":" ","price":3.63},{"type":"B","date":"2018-04-19T02:02:01.000Z","volume":2000,"label":" ","price":3.63},{"type":"B","date":"2018-04-19T02:02:01.000Z","volume":2000,"label":" ","price":3.63},{"type":"B","date":"2018-04-19T02:03:29.000Z","volume":20000,"label":" ","price":3.63},{"type":"A","date":"2018-04-19T02:03:39.000Z","volume":2000,"label":"Y","price":3.64},{"type":"A","date":"2018-04-19T02:03:48.000Z","volume":10000,"label":" ","price":3.64},{"type":"A","date":"2018-04-19T02:03:49.000Z","volume":2000,"label":" ","price":3.64},{"type":"A","date":"2018-04-19T02:03:49.000Z","volume":2000,"label":" ","price":3.64},{"type":"A","date":"2018-04-19T02:03:49.000Z","volume":2000,"label":" ","price":3.64},{"type":"A","date":"2018-04-19T02:04:34.000Z","volume":2000,"label":" ","price":3.64},{"type":"B","date":"2018-04-19T02:05:03.000Z","volume":2000,"label":" ","price":3.63},{"type":"B","date":"2018-04-19T02:05:39.000Z","volume":10000,"label":" ","price":3.63},{"type":"B","date":"2018-04-19T02:05:40.000Z","volume":80000,"label":" ","price":3.63},{"type":"B","date":"2018-04-19T02:05:46.000Z","volume":2000,"label":" ","price":3.63},{"type":"B","date":"2018-04-19T02:06:12.000Z","volume":2000,"label":" ","price":3.63},{"type":"B","date":"2018-04-19T02:07:22.000Z","volume":10000,"label":" ","price":3.63},{"type":"B","date":"2018-04-19T02:07:30.000Z","volume":226000,"label":" ","price":3.63},{"type":"U","date":"2018-04-19T02:07:30.000Z","volume":24000,"label":"X","price":3.63},{"type":"A","date":"2018-04-19T02:07:49.000Z","volume":2000,"label":" ","price":3.63},{"type":"A","date":"2018-04-19T02:07:57.000Z","volume":62000,"label":" ","price":3.63},{"type":"A","date":"2018-04-19T02:07:57.000Z","volume":6000,"label":" ","price":3.63},{"type":"A","date":"2018-04-19T02:07:59.000Z","volume":30000,"label":" ","price":3.63},{"type":"A","date":"2018-04-19T02:08:00.000Z","volume":6000,"label":" ","price":3.64},{"type":"B","date":"2018-04-19T02:08:16.000Z","volume":2000,"label":" ","price":3.63},{"type":"B","date":"2018-04-19T02:08:25.000Z","volume":30000,"label":" ","price":3.63},{"type":"B","date":"2018-04-19T02:08:25.000Z","volume":2000,"label":" ","price":3.63},{"type":"U","date":"2018-04-19T02:09:44.000Z","volume":24000,"label":"X","price":3.63},{"type":"A","date":"2018-04-19T02:09:44.000Z","volume":10000,"label":" ","price":3.63},{"type":"A","date":"2018-04-19T02:09:45.000Z","volume":2000,"label":" ","price":3.63},{"type":"A","date":"2018-04-19T02:12:13.000Z","volume":28000,"label":" ","price":3.63},{"type":"A","date":"2018-04-19T02:12:13.000Z","volume":22000,"label":" ","price":3.63},{"type":"A","date":"2018-04-19T02:12:13.000Z","volume":2000,"label":" ","price":3.63},{"type":"A","date":"2018-04-19T02:12:14.000Z","volume":2000,"label":" ","price":3.63},{"type":"A","date":"2018-04-19T02:12:15.000Z","volume":4000,"label":" ","price":3.63},{"type":"B","date":"2018-04-19T02:13:39.000Z","volume":20000,"label":" ","price":3.62},{"type":"A","date":"2018-04-19T02:14:56.000Z","volume":2000,"label":" ","price":3.63},{"type":"A","date":"2018-04-19T02:15:05.000Z","volume":2000,"label":" ","price":3.63},{"type":"A","date":"2018-04-19T02:15:26.000Z","volume":12000,"label":" ","price":3.63},{"type":"A","date":"2018-04-19T02:15:27.000Z","volume":2000,"label":" ","price":3.63},{"type":"A","date":"2018-04-19T02:15:29.000Z","volume":6000,"label":" ","price":3.63},{"type":"B","date":"2018-04-19T02:15:30.000Z","volume":2000,"label":" ","price":3.62},{"type":"A","date":"2018-04-19T02:15:53.000Z","volume":2000,"label":" ","price":3.63},{"type":"A","date":"2018-04-19T02:16:34.000Z","volume":2000,"label":" ","price":3.63},{"type":"A","date":"2018-04-19T02:17:45.000Z","volume":4000,"label":" ","price":3.63},{"type":"A","date":"2018-04-19T02:18:07.000Z","volume":6000,"label":" ","price":3.63},{"type":"A","date":"2018-04-19T02:18:19.000Z","volume":2000,"label":" ","price":3.63},{"type":"U","date":"2018-04-19T02:18:20.000Z","volume":2000,"label":"X","price":3.63},{"type":"A","date":"2018-04-19T02:18:24.000Z","volume":16000,"label":" ","price":3.63},{"type":"U","date":"2018-04-19T02:18:25.000Z","volume":2000,"label":"X","price":3.63},{"type":"A","date":"2018-04-19T02:18:26.000Z","volume":2000,"label":" ","price":3.63},{"type":"A","date":"2018-04-19T02:19:27.000Z","volume":80000,"label":" ","price":3.63},{"type":"A","date":"2018-04-19T02:19:27.000Z","volume":2000,"label":" ","price":3.63},{"type":"A","date":"2018-04-19T02:19:27.000Z","volume":2000,"label":" ","price":3.63},{"type":"B","date":"2018-04-19T02:19:27.000Z","volume":26000,"label":" ","price":3.63},{"type":"U","date":"2018-04-19T02:19:27.000Z","volume":2000,"label":" ","price":3.63},{"type":"A","date":"2018-04-19T02:19:28.000Z","volume":8000,"label":" ","price":3.64},{"type":"A","date":"2018-04-19T02:19:29.000Z","volume":10000,"label":" ","price":3.63},{"type":"A","date":"2018-04-19T02:19:29.000Z","volume":10000,"label":" ","price":3.63},{"type":"U","date":"2018-04-19T02:19:29.000Z","volume":10000,"label":"X","price":3.63},{"type":"B","date":"2018-04-19T02:19:29.000Z","volume":8000,"label":" ","price":3.63},{"type":"A","date":"2018-04-19T02:19:31.000Z","volume":10000,"label":" ","price":3.64},{"type":"A","date":"2018-04-19T02:19:41.000Z","volume":4000,"label":" ","price":3.64},{"type":"U","date":"2018-04-19T02:19:41.000Z","volume":2000,"label":" ","price":3.63},{"type":"A","date":"2018-04-19T02:19:42.000Z","volume":2000,"label":" ","price":3.64},{"type":"A","date":"2018-04-19T02:19:48.000Z","volume":2000,"label":" ","price":3.64},{"type":"B","date":"2018-04-19T02:19:49.000Z","volume":2000,"label":" ","price":3.63},{"type":"B","date":"2018-04-19T02:19:55.000Z","volume":28000,"label":" ","price":3.63},{"type":"A","date":"2018-04-19T02:19:55.000Z","volume":4000,"label":" ","price":3.64},{"type":"U","date":"2018-04-19T02:19:57.000Z","volume":8000,"label":"X","price":3.64},{"type":"A","date":"2018-04-19T02:19:57.000Z","volume":2000,"label":" ","price":3.64},{"type":"A","date":"2018-04-19T02:20:45.000Z","volume":2000,"label":"Y","price":3.64},{"type":"A","date":"2018-04-19T02:20:45.000Z","volume":4000,"label":" ","price":3.64},{"type":"A","date":"2018-04-19T02:20:45.000Z","volume":2000,"label":" ","price":3.64},{"type":"U","date":"2018-04-19T02:20:45.000Z","volume":2000,"label":"X","price":3.64},{"type":"B","date":"2018-04-19T02:22:30.000Z","volume":2000,"label":" ","price":3.63},{"type":"A","date":"2018-04-19T02:22:48.000Z","volume":16000,"label":" ","price":3.64},{"type":"U","date":"2018-04-19T02:22:48.000Z","volume":2000,"label":"X","price":3.64},{"type":"A","date":"2018-04-19T02:22:48.000Z","volume":2000,"label":" ","price":3.64},{"type":"A","date":"2018-04-19T02:22:49.000Z","volume":4000,"label":" ","price":3.64},{"type":"U","date":"2018-04-19T02:22:50.000Z","volume":2000,"label":"X","price":3.64},{"type":"A","date":"2018-04-19T02:22:50.000Z","volume":2000,"label":" ","price":3.64},{"type":"B","date":"2018-04-19T02:24:16.000Z","volume":2000,"label":" ","price":3.63},{"type":"A","date":"2018-04-19T02:24:16.000Z","volume":2000,"label":" ","price":3.64},{"type":"U","date":"2018-04-19T02:24:18.000Z","volume":2000,"label":"X","price":3.64},{"type":"B","date":"2018-04-19T02:24:32.000Z","volume":8000,"label":" ","price":3.63},{"type":"A","date":"2018-04-19T02:24:34.000Z","volume":2000,"label":" ","price":3.64},{"type":"U","date":"2018-04-19T02:24:35.000Z","volume":2000,"label":"X","price":3.64},{"type":"B","date":"2018-04-19T02:24:38.000Z","volume":6000,"label":" ","price":3.63},{"type":"A","date":"2018-04-19T02:24:43.000Z","volume":2000,"label":" ","price":3.64},{"type":"A","date":"2018-04-19T02:24:44.000Z","volume":2000,"label":" ","price":3.64},{"type":"U","date":"2018-04-19T02:24:45.000Z","volume":2000,"label":"X","price":3.64},{"type":"A","date":"2018-04-19T02:25:08.000Z","volume":10000,"label":" ","price":3.64},{"type":"A","date":"2018-04-19T02:25:08.000Z","volume":2000,"label":" ","price":3.64},{"type":"U","date":"2018-04-19T02:25:10.000Z","volume":2000,"label":"X","price":3.64},{"type":"A","date":"2018-04-19T02:25:10.000Z","volume":2000,"label":" ","price":3.64},{"type":"A","date":"2018-04-19T02:25:12.000Z","volume":2000,"label":" ","price":3.64},{"type":"B","date":"2018-04-19T02:25:24.000Z","volume":4000,"label":" ","price":3.63},{"type":"U","date":"2018-04-19T02:25:24.000Z","volume":2000,"label":"X","price":3.64},{"type":"B","date":"2018-04-19T02:26:26.000Z","volume":44000,"label":" ","price":3.63},{"type":"B","date":"2018-04-19T02:26:26.000Z","volume":2000,"label":" ","price":3.63},{"type":"A","date":"2018-04-19T02:26:29.000Z","volume":8000,"label":" ","price":3.64},{"type":"A","date":"2018-04-19T02:26:29.000Z","volume":2000,"label":" ","price":3.64},{"type":"A","date":"2018-04-19T02:26:39.000Z","volume":8000,"label":" ","price":3.64},{"type":"B","date":"2018-04-19T02:26:40.000Z","volume":6000,"label":" ","price":3.63},{"type":"A","date":"2018-04-19T02:26:40.000Z","volume":4000,"label":" ","price":3.64},{"type":"B","date":"2018-04-19T02:26:55.000Z","volume":30000,"label":" ","price":3.63},{"type":"A","date":"2018-04-19T02:26:56.000Z","volume":4000,"label":" ","price":3.64},{"type":"U","date":"2018-04-19T02:26:56.000Z","volume":4000,"label":"X","price":3.64},{"type":"A","date":"2018-04-19T02:26:58.000Z","volume":2000,"label":" ","price":3.64},{"type":"A","date":"2018-04-19T02:27:00.000Z","volume":2000,"label":" ","price":3.64},{"type":"A","date":"2018-04-19T02:27:00.000Z","volume":2000,"label":" ","price":3.64},{"type":"A","date":"2018-04-19T02:27:01.000Z","volume":8000,"label":" ","price":3.64},{"type":"U","date":"2018-04-19T02:27:02.000Z","volume":2000,"label":"X","price":3.64},{"type":"A","date":"2018-04-19T02:27:06.000Z","volume":2000,"label":" ","price":3.64},{"type":"B","date":"2018-04-19T02:27:34.000Z","volume":8000,"label":"Y","price":3.63},{"type":"B","date":"2018-04-19T02:27:34.000Z","volume":408000,"label":" ","price":3.63},{"type":"A","date":"2018-04-19T02:27:34.000Z","volume":134000,"label":" ","price":3.63},{"type":"A","date":"2018-04-19T02:27:34.000Z","volume":2000,"label":" ","price":3.63},{"type":"A","date":"2018-04-19T02:27:34.000Z","volume":2000,"label":"Y","price":3.63},{"type":"U","date":"2018-04-19T02:27:34.000Z","volume":50000,"label":"X","price":3.63},{"type":"A","date":"2018-04-19T02:27:34.000Z","volume":2000,"label":" ","price":3.63},{"type":"A","date":"2018-04-19T02:27:34.000Z","volume":2000,"label":" ","price":3.63},{"type":"A","date":"2018-04-19T02:27:34.000Z","volume":42000,"label":"Y","price":3.63},{"type":"A","date":"2018-04-19T02:27:34.000Z","volume":24000,"label":" ","price":3.63},{"type":"A","date":"2018-04-19T02:27:34.000Z","volume":116000,"label":" ","price":3.63},{"type":"A","date":"2018-04-19T02:27:36.000Z","volume":8000,"label":" ","price":3.64},{"type":"B","date":"2018-04-19T02:27:36.000Z","volume":14000,"label":" ","price":3.63},{"type":"A","date":"2018-04-19T02:27:37.000Z","volume":20000,"label":" ","price":3.64},{"type":"A","date":"2018-04-19T02:27:37.000Z","volume":4000,"label":"Y","price":3.64},{"type":"A","date":"2018-04-19T02:27:38.000Z","volume":8000,"label":" ","price":3.64},{"type":"A","date":"2018-04-19T02:27:39.000Z","volume":4000,"label":"Y","price":3.64},{"type":"A","date":"2018-04-19T02:27:40.000Z","volume":46000,"label":" ","price":3.64},{"type":"A","date":"2018-04-19T02:27:40.000Z","volume":6000,"label":" ","price":3.64},{"type":"A","date":"2018-04-19T02:27:40.000Z","volume":10000,"label":"Y","price":3.64},{"type":"A","date":"2018-04-19T02:27:40.000Z","volume":18000,"label":" ","price":3.64},{"type":"A","date":"2018-04-19T02:27:41.000Z","volume":2000,"label":"Y","price":3.64},{"type":"A","date":"2018-04-19T02:27:43.000Z","volume":6000,"label":" ","price":3.64},{"type":"A","date":"2018-04-19T02:27:43.000Z","volume":2000,"label":"Y","price":3.64},{"type":"A","date":"2018-04-19T02:27:44.000Z","volume":2000,"label":" ","price":3.64},{"type":"U","date":"2018-04-19T02:27:47.000Z","volume":291,"label":"D","price":3.59},{"type":"A","date":"2018-04-19T02:27:55.000Z","volume":4000,"label":" ","price":3.64},{"type":"A","date":"2018-04-19T02:27:56.000Z","volume":2000,"label":"Y","price":3.64},{"type":"A","date":"2018-04-19T02:27:56.000Z","volume":2000,"label":" ","price":3.64},{"type":"A","date":"2018-04-19T02:28:09.000Z","volume":4000,"label":" ","price":3.64},{"type":"B","date":"2018-04-19T02:29:01.000Z","volume":2000,"label":" ","price":3.63},{"type":"A","date":"2018-04-19T02:29:11.000Z","volume":2000,"label":" ","price":3.64},{"type":"U","date":"2018-04-19T02:29:12.000Z","volume":2000,"label":"X","price":3.64},{"type":"B","date":"2018-04-19T02:30:42.000Z","volume":2000,"label":" ","price":3.63},{"type":"A","date":"2018-04-19T02:30:43.000Z","volume":2000,"label":"Y","price":3.64},{"type":"A","date":"2018-04-19T02:30:48.000Z","volume":50000,"label":" ","price":3.64},{"type":"U","date":"2018-04-19T02:30:48.000Z","volume":12000,"label":"X","price":3.64},{"type":"A","date":"2018-04-19T02:30:49.000Z","volume":8000,"label":"Y","price":3.64},{"type":"A","date":"2018-04-19T02:30:50.000Z","volume":4000,"label":" ","price":3.64},{"type":"A","date":"2018-04-19T02:30:53.000Z","volume":4000,"label":" ","price":3.64},{"type":"A","date":"2018-04-19T02:30:53.000Z","volume":2000,"label":"Y","price":3.64},{"type":"U","date":"2018-04-19T02:30:54.000Z","volume":2000,"label":"X","price":3.64},{"type":"B","date":"2018-04-19T02:31:18.000Z","volume":2000,"label":" ","price":3.63},{"type":"A","date":"2018-04-19T02:32:21.000Z","volume":568000,"label":" ","price":3.64},{"type":"A","date":"2018-04-19T02:32:21.000Z","volume":162000,"label":"Y","price":3.64},{"type":"A","date":"2018-04-19T02:32:22.000Z","volume":130000,"label":" ","price":3.64},{"type":"U","date":"2018-04-19T02:32:22.000Z","volume":52000,"label":"X","price":3.64},{"type":"A","date":"2018-04-19T02:32:24.000Z","volume":38000,"label":" ","price":3.64},{"type":"B","date":"2018-04-19T02:32:24.000Z","volume":2000,"label":" ","price":3.63},{"type":"A","date":"2018-04-19T02:32:25.000Z","volume":46000,"label":"Y","price":3.64},{"type":"A","date":"2018-04-19T02:32:25.000Z","volume":10000,"label":" ","price":3.64},{"type":"A","date":"2018-04-19T02:32:25.000Z","volume":12000,"label":" ","price":3.64},{"type":"A","date":"2018-04-19T02:32:26.000Z","volume":14000,"label":" ","price":3.64},{"type":"A","date":"2018-04-19T02:32:26.000Z","volume":162000,"label":" ","price":3.64},{"type":"A","date":"2018-04-19T02:32:27.000Z","volume":58000,"label":"Y","price":3.64},{"type":"A","date":"2018-04-19T02:32:27.000Z","volume":62000,"label":" ","price":3.64},{"type":"A","date":"2018-04-19T02:32:28.000Z","volume":70000,"label":" ","price":3.64},{"type":"A","date":"2018-04-19T02:32:28.000Z","volume":86000,"label":" ","price":3.64},{"type":"A","date":"2018-04-19T02:32:29.000Z","volume":18000,"label":" ","price":3.64},{"type":"A","date":"2018-04-19T02:32:29.000Z","volume":38000,"label":" ","price":3.64},{"type":"A","date":"2018-04-19T02:32:29.000Z","volume":2000,"label":"Y","price":3.64},{"type":"A","date":"2018-04-19T02:32:29.000Z","volume":76000,"label":" ","price":3.64},{"type":"A","date":"2018-04-19T02:32:29.000Z","volume":62000,"label":" ","price":3.64},{"type":"A","date":"2018-04-19T02:32:30.000Z","volume":8000,"label":" ","price":3.64},{"type":"A","date":"2018-04-19T02:32:30.000Z","volume":74000,"label":" ","price":3.64},{"type":"B","date":"2018-04-19T02:32:30.000Z","volume":20000,"label":" ","price":3.63},{"type":"A","date":"2018-04-19T02:32:31.000Z","volume":8000,"label":" ","price":3.64},{"type":"A","date":"2018-04-19T02:32:31.000Z","volume":44000,"label":" ","price":3.64},{"type":"A","date":"2018-04-19T02:32:31.000Z","volume":2000,"label":" ","price":3.64},{"type":"A","date":"2018-04-19T02:32:32.000Z","volume":62000,"label":" ","price":3.64},{"type":"A","date":"2018-04-19T02:32:32.000Z","volume":18000,"label":" ","price":3.64},{"type":"A","date":"2018-04-19T02:32:32.000Z","volume":8000,"label":" ","price":3.64},{"type":"A","date":"2018-04-19T02:32:32.000Z","volume":10000,"label":" ","price":3.64},{"type":"A","date":"2018-04-19T02:32:32.000Z","volume":30000,"label":" ","price":3.64},{"type":"A","date":"2018-04-19T02:32:33.000Z","volume":2000,"label":" ","price":3.64},{"type":"A","date":"2018-04-19T02:32:33.000Z","volume":4000,"label":" ","price":3.64},{"type":"A","date":"2018-04-19T02:32:33.000Z","volume":72000,"label":" ","price":3.64},{"type":"A","date":"2018-04-19T02:32:33.000Z","volume":22000,"label":" ","price":3.64},{"type":"A","date":"2018-04-19T02:32:34.000Z","volume":2000,"label":" ","price":3.64},{"type":"A","date":"2018-04-19T02:32:34.000Z","volume":52000,"label":" ","price":3.64},{"type":"A","date":"2018-04-19T02:32:34.000Z","volume":16000,"label":" ","price":3.64},{"type":"A","date":"2018-04-19T02:32:35.000Z","volume":4000,"label":" ","price":3.64},{"type":"A","date":"2018-04-19T02:32:36.000Z","volume":4000,"label":" ","price":3.64},{"type":"A","date":"2018-04-19T02:32:36.000Z","volume":6000,"label":" ","price":3.64},{"type":"A","date":"2018-04-19T02:32:36.000Z","volume":2000,"label":"Y","price":3.64},{"type":"A","date":"2018-04-19T02:32:36.000Z","volume":4000,"label":" ","price":3.64},{"type":"A","date":"2018-04-19T02:32:36.000Z","volume":4000,"label":"Y","price":3.64},{"type":"A","date":"2018-04-19T02:32:37.000Z","volume":2000,"label":"Y","price":3.64},{"type":"U","date":"2018-04-19T02:32:38.000Z","volume":4000,"label":"X","price":3.64},{"type":"A","date":"2018-04-19T02:32:42.000Z","volume":62000,"label":" ","price":3.64},{"type":"A","date":"2018-04-19T02:32:42.000Z","volume":1624000,"label":" ","price":3.64},{"type":"A","date":"2018-04-19T02:32:42.000Z","volume":74000,"label":" ","price":3.65},{"type":"U","date":"2018-04-19T02:32:42.000Z","volume":346000,"label":"X","price":3.65},{"type":"B","date":"2018-04-19T02:32:42.000Z","volume":208000,"label":" ","price":3.64},{"type":"A","date":"2018-04-19T02:32:43.000Z","volume":90000,"label":" ","price":3.65},{"type":"A","date":"2018-04-19T02:32:43.000Z","volume":4000,"label":"Y","price":3.65},{"type":"A","date":"2018-04-19T02:32:43.000Z","volume":150000,"label":" ","price":3.65},{"type":"A","date":"2018-04-19T02:32:44.000Z","volume":4000,"label":" ","price":3.65},{"type":"B","date":"2018-04-19T02:32:44.000Z","volume":2000,"label":" ","price":3.64},{"type":"A","date":"2018-04-19T02:32:44.000Z","volume":18000,"label":" ","price":3.65},{"type":"A","date":"2018-04-19T02:32:44.000Z","volume":28000,"label":" ","price":3.65},{"type":"A","date":"2018-04-19T02:32:44.000Z","volume":378000,"label":" ","price":3.65},{"type":"A","date":"2018-04-19T02:32:44.000Z","volume":2000,"label":" ","price":3.65},{"type":"A","date":"2018-04-19T02:32:44.000Z","volume":6000,"label":" ","price":3.65},{"type":"A","date":"2018-04-19T02:32:44.000Z","volume":194000,"label":" ","price":3.65},{"type":"A","date":"2018-04-19T02:32:44.000Z","volume":824000,"label":" ","price":3.65},{"type":"A","date":"2018-04-19T02:32:44.000Z","volume":14000,"label":" ","price":3.66},{"type":"A","date":"2018-04-19T02:32:45.000Z","volume":22000,"label":" ","price":3.66},{"type":"B","date":"2018-04-19T02:32:45.000Z","volume":66000,"label":" ","price":3.65},{"type":"A","date":"2018-04-19T02:32:45.000Z","volume":154000,"label":" ","price":3.66},{"type":"A","date":"2018-04-19T02:32:45.000Z","volume":98000,"label":" ","price":3.66},{"type":"A","date":"2018-04-19T02:32:45.000Z","volume":106000,"label":" ","price":3.66},{"type":"A","date":"2018-04-19T02:32:45.000Z","volume":86000,"label":" ","price":3.66},{"type":"A","date":"2018-04-19T02:32:45.000Z","volume":18000,"label":" ","price":3.66},{"type":"A","date":"2018-04-19T02:32:45.000Z","volume":2000,"label":"Y","price":3.66},{"type":"A","date":"2018-04-19T02:32:45.000Z","volume":20000,"label":" ","price":3.66},{"type":"B","date":"2018-04-19T02:32:45.000Z","volume":54000,"label":" ","price":3.66},{"type":"A","date":"2018-04-19T02:32:46.000Z","volume":2000,"label":" ","price":3.67},{"type":"A","date":"2018-04-19T02:32:46.000Z","volume":302000,"label":" ","price":3.67},{"type":"A","date":"2018-04-19T02:32:46.000Z","volume":54000,"label":" ","price":3.67},{"type":"A","date":"2018-04-19T02:32:46.000Z","volume":54000,"label":" ","price":3.67},{"type":"A","date":"2018-04-19T02:32:46.000Z","volume":8000,"label":" ","price":3.67},{"type":"B","date":"2018-04-19T02:32:47.000Z","volume":168000,"label":" ","price":3.67},{"type":"A","date":"2018-04-19T02:32:47.000Z","volume":60000,"label":" ","price":3.67},{"type":"A","date":"2018-04-19T02:32:47.000Z","volume":118000,"label":" ","price":3.67},{"type":"A","date":"2018-04-19T02:32:47.000Z","volume":38000,"label":" ","price":3.68},{"type":"B","date":"2018-04-19T02:32:47.000Z","volume":34000,"label":" ","price":3.67},{"type":"A","date":"2018-04-19T02:32:48.000Z","volume":348000,"label":" ","price":3.68},{"type":"B","date":"2018-04-19T02:32:48.000Z","volume":2000,"label":" ","price":3.67},{"type":"B","date":"2018-04-19T02:32:48.000Z","volume":54000,"label":" ","price":3.67},{"type":"A","date":"2018-04-19T02:32:48.000Z","volume":20000,"label":" ","price":3.68},{"type":"B","date":"2018-04-19T02:32:49.000Z","volume":112000,"label":" ","price":3.67},{"type":"A","date":"2018-04-19T02:32:49.000Z","volume":62000,"label":" ","price":3.68},{"type":"B","date":"2018-04-19T02:32:50.000Z","volume":16000,"label":" ","price":3.67},{"type":"A","date":"2018-04-19T02:32:50.000Z","volume":2000,"label":" ","price":3.68},{"type":"A","date":"2018-04-19T02:32:50.000Z","volume":66000,"label":" ","price":3.68},{"type":"B","date":"2018-04-19T02:32:50.000Z","volume":16000,"label":" ","price":3.67},{"type":"A","date":"2018-04-19T02:32:50.000Z","volume":8000,"label":" ","price":3.68},{"type":"A","date":"2018-04-19T02:32:50.000Z","volume":4000,"label":" ","price":3.68},{"type":"A","date":"2018-04-19T02:32:51.000Z","volume":14000,"label":" ","price":3.68},{"type":"A","date":"2018-04-19T02:32:51.000Z","volume":32000,"label":" ","price":3.68},{"type":"B","date":"2018-04-19T02:32:51.000Z","volume":6000,"label":" ","price":3.67},{"type":"A","date":"2018-04-19T02:32:51.000Z","volume":6000,"label":" ","price":3.68},{"type":"A","date":"2018-04-19T02:32:52.000Z","volume":22000,"label":" ","price":3.68},{"type":"A","date":"2018-04-19T02:32:52.000Z","volume":4000,"label":" ","price":3.68},{"type":"B","date":"2018-04-19T02:32:53.000Z","volume":20000,"label":" ","price":3.67},{"type":"A","date":"2018-04-19T02:32:53.000Z","volume":4000,"label":" ","price":3.68},{"type":"A","date":"2018-04-19T02:32:53.000Z","volume":10000,"label":" ","price":3.68},{"type":"B","date":"2018-04-19T02:32:53.000Z","volume":6000,"label":" ","price":3.67},{"type":"A","date":"2018-04-19T02:32:53.000Z","volume":2000,"label":" ","price":3.68},{"type":"U","date":"2018-04-19T02:32:54.000Z","volume":12000,"label":"X","price":3.68},{"type":"B","date":"2018-04-19T02:33:04.000Z","volume":4000,"label":" ","price":3.67},{"type":"A","date":"2018-04-19T02:33:05.000Z","volume":2000,"label":" ","price":3.68},{"type":"A","date":"2018-04-19T02:33:05.000Z","volume":2000,"label":" ","price":3.68},{"type":"A","date":"2018-04-19T02:33:05.000Z","volume":2000,"label":" ","price":3.68},{"type":"A","date":"2018-04-19T02:33:05.000Z","volume":2000,"label":" ","price":3.68},{"type":"U","date":"2018-04-19T02:33:05.000Z","volume":281,"label":"D","price":3.64},{"type":"A","date":"2018-04-19T02:33:16.000Z","volume":166000,"label":" ","price":3.68},{"type":"A","date":"2018-04-19T02:33:16.000Z","volume":24000,"label":" ","price":3.68},{"type":"A","date":"2018-04-19T02:33:16.000Z","volume":36000,"label":" ","price":3.68},{"type":"U","date":"2018-04-19T02:33:16.000Z","volume":2000,"label":" ","price":3.68},{"type":"B","date":"2018-04-19T02:33:16.000Z","volume":28000,"label":" ","price":3.68},{"type":"A","date":"2018-04-19T02:33:16.000Z","volume":2000,"label":" ","price":3.68},{"type":"A","date":"2018-04-19T02:33:16.000Z","volume":2000,"label":" ","price":3.68},{"type":"A","date":"2018-04-19T02:33:16.000Z","volume":10000,"label":" ","price":3.68},{"type":"A","date":"2018-04-19T02:33:16.000Z","volume":4000,"label":" ","price":3.69},{"type":"U","date":"2018-04-19T02:33:16.000Z","volume":24000,"label":"X","price":3.68},{"type":"A","date":"2018-04-19T02:33:16.000Z","volume":18000,"label":" ","price":3.68},{"type":"U","date":"2018-04-19T02:33:16.000Z","volume":6000,"label":"X","price":3.68},{"type":"A","date":"2018-04-19T02:33:18.000Z","volume":6000,"label":" ","price":3.68},{"type":"A","date":"2018-04-19T02:33:18.000Z","volume":6000,"label":" ","price":3.69},{"type":"A","date":"2018-04-19T02:33:18.000Z","volume":20000,"label":" ","price":3.69},{"type":"U","date":"2018-04-19T02:33:18.000Z","volume":48000,"label":"X","price":3.69},{"type":"A","date":"2018-04-19T02:33:19.000Z","volume":2000,"label":" ","price":3.69},{"type":"B","date":"2018-04-19T02:33:20.000Z","volume":2000,"label":" ","price":3.68},{"type":"A","date":"2018-04-19T02:33:20.000Z","volume":2000,"label":" ","price":3.69},{"type":"A","date":"2018-04-19T02:33:20.000Z","volume":2000,"label":" ","price":3.69},{"type":"B","date":"2018-04-19T02:33:24.000Z","volume":72000,"label":" ","price":3.68},{"type":"B","date":"2018-04-19T02:33:24.000Z","volume":2000,"label":" ","price":3.68},{"type":"B","date":"2018-04-19T02:33:24.000Z","volume":2000,"label":" ","price":3.68},{"type":"B","date":"2018-04-19T02:33:24.000Z","volume":2000,"label":" ","price":3.68},{"type":"U","date":"2018-04-19T02:33:24.000Z","volume":12000,"label":"X","price":3.68},{"type":"A","date":"2018-04-19T02:33:24.000Z","volume":6000,"label":" ","price":3.68},{"type":"A","date":"2018-04-19T02:33:25.000Z","volume":12000,"label":" ","price":3.69},{"type":"B","date":"2018-04-19T02:33:25.000Z","volume":60000,"label":" ","price":3.68},{"type":"A","date":"2018-04-19T02:33:25.000Z","volume":6000,"label":" ","price":3.68},{"type":"A","date":"2018-04-19T02:33:26.000Z","volume":20000,"label":" ","price":3.68},{"type":"A","date":"2018-04-19T02:33:27.000Z","volume":6000,"label":" ","price":3.68},{"type":"A","date":"2018-04-19T02:33:28.000Z","volume":4000,"label":" ","price":3.68},{"type":"A","date":"2018-04-19T02:33:28.000Z","volume":4000,"label":" ","price":3.68},{"type":"A","date":"2018-04-19T02:33:28.000Z","volume":2000,"label":" ","price":3.68},{"type":"A","date":"2018-04-19T02:34:11.000Z","volume":138000,"label":" ","price":3.68},{"type":"U","date":"2018-04-19T02:34:11.000Z","volume":72000,"label":"X","price":3.68},{"type":"U","date":"2018-04-19T02:34:11.000Z","volume":10000,"label":"X","price":3.68},{"type":"A","date":"2018-04-19T02:34:11.000Z","volume":10000,"label":" ","price":3.68},{"type":"A","date":"2018-04-19T02:34:11.000Z","volume":6000,"label":" ","price":3.69},{"type":"U","date":"2018-04-19T02:34:13.000Z","volume":4000,"label":" ","price":3.68},{"type":"U","date":"2018-04-19T02:34:13.000Z","volume":2000,"label":" ","price":3.68},{"type":"U","date":"2018-04-19T02:34:13.000Z","volume":2000,"label":" ","price":3.68},{"type":"U","date":"2018-04-19T02:34:13.000Z","volume":6000,"label":" ","price":3.68},{"type":"U","date":"2018-04-19T02:34:13.000Z","volume":14000,"label":"Y","price":3.68},{"type":"A","date":"2018-04-19T02:34:14.000Z","volume":10000,"label":" ","price":3.68},{"type":"A","date":"2018-04-19T02:34:14.000Z","volume":4000,"label":" ","price":3.69},{"type":"A","date":"2018-04-19T02:34:20.000Z","volume":100000,"label":" ","price":3.68},{"type":"A","date":"2018-04-19T02:34:20.000Z","volume":16000,"label":" ","price":3.69},{"type":"A","date":"2018-04-19T02:34:23.000Z","volume":58000,"label":" ","price":3.68},{"type":"A","date":"2018-04-19T02:34:23.000Z","volume":10000,"label":" ","price":3.69},{"type":"A","date":"2018-04-19T02:34:44.000Z","volume":22000,"label":" ","price":3.68},{"type":"U","date":"2018-04-19T02:34:44.000Z","volume":78000,"label":"X","price":3.68},{"type":"A","date":"2018-04-19T02:34:44.000Z","volume":66000,"label":"Y","price":3.68},{"type":"A","date":"2018-04-19T02:34:44.000Z","volume":176000,"label":" ","price":3.68},{"type":"A","date":"2018-04-19T02:34:44.000Z","volume":2000,"label":" ","price":3.69},{"type":"U","date":"2018-04-19T02:35:06.000Z","volume":100000,"label":" ","price":3.68},{"type":"U","date":"2018-04-19T02:35:06.000Z","volume":100000,"label":" ","price":3.68},{"type":"A","date":"2018-04-19T02:35:06.000Z","volume":2000,"label":" ","price":3.68},{"type":"A","date":"2018-04-19T02:35:06.000Z","volume":2000,"label":" ","price":3.68},{"type":"B","date":"2018-04-19T02:35:06.000Z","volume":450000,"label":" ","price":3.67},{"type":"A","date":"2018-04-19T02:35:06.000Z","volume":4000,"label":" ","price":3.67},{"type":"A","date":"2018-04-19T02:35:06.000Z","volume":2000,"label":" ","price":3.67},{"type":"A","date":"2018-04-19T02:35:06.000Z","volume":2000,"label":" ","price":3.67},{"type":"A","date":"2018-04-19T02:35:06.000Z","volume":6000,"label":" ","price":3.67},{"type":"A","date":"2018-04-19T02:35:06.000Z","volume":2000,"label":" ","price":3.67},{"type":"U","date":"2018-04-19T02:35:06.000Z","volume":16000,"label":"X","price":3.67},{"type":"A","date":"2018-04-19T02:35:06.000Z","volume":34000,"label":" ","price":3.67},{"type":"A","date":"2018-04-19T02:35:06.000Z","volume":286000,"label":" ","price":3.67},{"type":"A","date":"2018-04-19T02:35:06.000Z","volume":272000,"label":" ","price":3.68},{"type":"A","date":"2018-04-19T02:35:06.000Z","volume":24000,"label":" ","price":3.67},{"type":"A","date":"2018-04-19T02:35:06.000Z","volume":12000,"label":" ","price":3.67},{"type":"A","date":"2018-04-19T02:35:06.000Z","volume":22000,"label":"Y","price":3.68},{"type":"A","date":"2018-04-19T02:35:06.000Z","volume":24000,"label":" ","price":3.68},{"type":"U","date":"2018-04-19T02:35:06.000Z","volume":68000,"label":"X","price":3.67},{"type":"A","date":"2018-04-19T02:35:06.000Z","volume":100000,"label":"Y","price":3.68},{"type":"A","date":"2018-04-19T02:35:06.000Z","volume":78000,"label":" ","price":3.68},{"type":"B","date":"2018-04-19T02:35:06.000Z","volume":20000,"label":" ","price":3.67},{"type":"A","date":"2018-04-19T02:35:07.000Z","volume":114000,"label":" ","price":3.69},{"type":"A","date":"2018-04-19T02:35:07.000Z","volume":24000,"label":" ","price":3.68},{"type":"A","date":"2018-04-19T02:35:17.000Z","volume":24000,"label":" ","price":3.69},{"type":"A","date":"2018-04-19T02:35:18.000Z","volume":2000,"label":" ","price":3.68},{"type":"A","date":"2018-04-19T02:35:21.000Z","volume":20000,"label":" ","price":3.68},{"type":"A","date":"2018-04-19T02:35:22.000Z","volume":4000,"label":" ","price":3.69},{"type":"U","date":"2018-04-19T02:35:28.000Z","volume":2000,"label":"X","price":3.68},{"type":"U","date":"2018-04-19T02:35:28.000Z","volume":2000,"label":"X","price":3.68},{"type":"U","date":"2018-04-19T02:35:28.000Z","volume":2000,"label":"X","price":3.68},{"type":"U","date":"2018-04-19T02:35:28.000Z","volume":2000,"label":"X","price":3.68},{"type":"U","date":"2018-04-19T02:35:29.000Z","volume":2000,"label":"X","price":3.68},{"type":"B","date":"2018-04-19T02:35:29.000Z","volume":2000,"label":" ","price":3.67},{"type":"A","date":"2018-04-19T02:35:29.000Z","volume":96000,"label":" ","price":3.68},{"type":"U","date":"2018-04-19T02:35:50.000Z","volume":16000,"label":"X","price":3.68},{"type":"U","date":"2018-04-19T02:35:50.000Z","volume":16000,"label":"X","price":3.68},{"type":"A","date":"2018-04-19T02:35:50.000Z","volume":100000,"label":"Y","price":3.68},{"type":"A","date":"2018-04-19T02:35:50.000Z","volume":126000,"label":" ","price":3.68},{"type":"U","date":"2018-04-19T02:35:50.000Z","volume":4000,"label":"X","price":3.68},{"type":"A","date":"2018-04-19T02:35:50.000Z","volume":4000,"label":" ","price":3.68},{"type":"A","date":"2018-04-19T02:35:51.000Z","volume":4000,"label":" ","price":3.69},{"type":"A","date":"2018-04-19T02:35:53.000Z","volume":100000,"label":"Y","price":3.68},{"type":"A","date":"2018-04-19T02:35:53.000Z","volume":24000,"label":" ","price":3.68},{"type":"A","date":"2018-04-19T02:35:53.000Z","volume":38000,"label":" ","price":3.69},{"type":"U","date":"2018-04-19T02:35:53.000Z","volume":24000,"label":" ","price":3.68},{"type":"A","date":"2018-04-19T02:35:54.000Z","volume":20000,"label":" ","price":3.68},{"type":"A","date":"2018-04-19T02:35:54.000Z","volume":34000,"label":" ","price":3.68},{"type":"A","date":"2018-04-19T02:35:54.000Z","volume":20000,"label":" ","price":3.68},{"type":"A","date":"2018-04-19T02:35:54.000Z","volume":100000,"label":"Y","price":3.68},{"type":"A","date":"2018-04-19T02:35:54.000Z","volume":50000,"label":" ","price":3.68},{"type":"A","date":"2018-04-19T02:35:54.000Z","volume":6000,"label":" ","price":3.69},{"type":"U","date":"2018-04-19T02:35:58.000Z","volume":16000,"label":" ","price":3.68},{"type":"U","date":"2018-04-19T02:35:59.000Z","volume":30000,"label":" ","price":3.68},{"type":"U","date":"2018-04-19T02:35:59.000Z","volume":30000,"label":" ","price":3.68},{"type":"A","date":"2018-04-19T02:35:59.000Z","volume":4000,"label":" ","price":3.69},{"type":"U","date":"2018-04-19T02:36:01.000Z","volume":16000,"label":" ","price":3.68},{"type":"A","date":"2018-04-19T02:36:01.000Z","volume":4000,"label":" ","price":3.69},{"type":"U","date":"2018-04-19T02:36:01.000Z","volume":40000,"label":" ","price":3.68},{"type":"A","date":"2018-04-19T02:36:01.000Z","volume":6000,"label":" ","price":3.69},{"type":"U","date":"2018-04-19T02:36:14.000Z","volume":50000,"label":"X","price":3.68},{"type":"A","date":"2018-04-19T02:36:14.000Z","volume":78000,"label":" ","price":3.68},{"type":"U","date":"2018-04-19T02:36:14.000Z","volume":34000,"label":"X","price":3.68},{"type":"A","date":"2018-04-19T02:36:14.000Z","volume":8000,"label":" ","price":3.68},{"type":"A","date":"2018-04-19T02:36:15.000Z","volume":26000,"label":" ","price":3.68},{"type":"A","date":"2018-04-19T02:36:15.000Z","volume":8000,"label":" ","price":3.69},{"type":"A","date":"2018-04-19T02:36:15.000Z","volume":36000,"label":" ","price":3.68},{"type":"A","date":"2018-04-19T02:36:16.000Z","volume":6000,"label":" ","price":3.68},{"type":"A","date":"2018-04-19T02:36:16.000Z","volume":58000,"label":" ","price":3.68},{"type":"A","date":"2018-04-19T02:36:16.000Z","volume":10000,"label":" ","price":3.68},{"type":"A","date":"2018-04-19T02:36:16.000Z","volume":2000,"label":" ","price":3.68},{"type":"A","date":"2018-04-19T02:36:20.000Z","volume":2000,"label":" ","price":3.68},{"type":"A","date":"2018-04-19T02:36:20.000Z","volume":2000,"label":" ","price":3.68},{"type":"B","date":"2018-04-19T02:36:27.000Z","volume":464000,"label":" ","price":3.67},{"type":"A","date":"2018-04-19T02:36:27.000Z","volume":16000,"label":" ","price":3.67},{"type":"A","date":"2018-04-19T02:36:27.000Z","volume":2000,"label":" ","price":3.67},{"type":"A","date":"2018-04-19T02:36:32.000Z","volume":78000,"label":" ","price":3.67},{"type":"U","date":"2018-04-19T02:36:32.000Z","volume":4000,"label":"X","price":3.67},{"type":"A","date":"2018-04-19T02:36:40.000Z","volume":12000,"label":" ","price":3.67},{"type":"U","date":"2018-04-19T02:36:40.000Z","volume":2000,"label":"X","price":3.67},{"type":"B","date":"2018-04-19T02:37:11.000Z","volume":42000,"label":" ","price":3.66},{"type":"B","date":"2018-04-19T02:38:09.000Z","volume":600000,"label":" ","price":3.65},{"type":"B","date":"2018-04-19T02:38:09.000Z","volume":12000,"label":"Y","price":3.65},{"type":"B","date":"2018-04-19T02:38:09.000Z","volume":2000,"label":" ","price":3.65},{"type":"B","date":"2018-04-19T02:38:10.000Z","volume":4000,"label":"Y","price":3.65},{"type":"B","date":"2018-04-19T02:38:10.000Z","volume":82000,"label":" ","price":3.65},{"type":"A","date":"2018-04-19T02:38:11.000Z","volume":12000,"label":" ","price":3.66},{"type":"U","date":"2018-04-19T02:38:11.000Z","volume":4000,"label":"X","price":3.66},{"type":"A","date":"2018-04-19T02:38:19.000Z","volume":38000,"label":"Y","price":3.66},{"type":"A","date":"2018-04-19T02:38:19.000Z","volume":68000,"label":" ","price":3.66},{"type":"A","date":"2018-04-19T02:38:19.000Z","volume":24000,"label":"Y","price":3.66},{"type":"U","date":"2018-04-19T02:39:08.000Z","volume":20000,"label":" ","price":3.66},{"type":"U","date":"2018-04-19T02:39:08.000Z","volume":2000,"label":" ","price":3.66},{"type":"U","date":"2018-04-19T02:39:08.000Z","volume":16000,"label":" ","price":3.66},{"type":"U","date":"2018-04-19T02:39:09.000Z","volume":10000,"label":"X","price":3.67},{"type":"U","date":"2018-04-19T02:39:11.000Z","volume":10000,"label":" ","price":3.66},{"type":"B","date":"2018-04-19T02:39:28.000Z","volume":80000,"label":" ","price":3.65},{"type":"A","date":"2018-04-19T02:39:29.000Z","volume":644000,"label":" ","price":3.67},{"type":"A","date":"2018-04-19T02:39:29.000Z","volume":8000,"label":" ","price":3.67},{"type":"B","date":"2018-04-19T02:39:29.000Z","volume":2000,"label":" ","price":3.66},{"type":"B","date":"2018-04-19T02:39:29.000Z","volume":24000,"label":" ","price":3.66},{"type":"B","date":"2018-04-19T02:39:29.000Z","volume":2000,"label":" ","price":3.66},{"type":"A","date":"2018-04-19T02:39:30.000Z","volume":138000,"label":" ","price":3.67},{"type":"U","date":"2018-04-19T02:39:30.000Z","volume":18000,"label":"X","price":3.67},{"type":"B","date":"2018-04-19T02:39:30.000Z","volume":48000,"label":"Y","price":3.65},{"type":"B","date":"2018-04-19T02:39:30.000Z","volume":2000,"label":" ","price":3.65},{"type":"A","date":"2018-04-19T02:39:32.000Z","volume":8000,"label":" ","price":3.67},{"type":"U","date":"2018-04-19T02:39:33.000Z","volume":6000,"label":" ","price":3.66},{"type":"U","date":"2018-04-19T02:39:35.000Z","volume":4000,"label":" ","price":3.66},{"type":"A","date":"2018-04-19T02:39:35.000Z","volume":146000,"label":" ","price":3.67},{"type":"A","date":"2018-04-19T02:39:36.000Z","volume":38000,"label":" ","price":3.67},{"type":"B","date":"2018-04-19T02:39:37.000Z","volume":32000,"label":" ","price":3.65},{"type":"A","date":"2018-04-19T02:39:38.000Z","volume":8000,"label":" ","price":3.67},{"type":"A","date":"2018-04-19T02:39:48.000Z","volume":62000,"label":" ","price":3.66},{"type":"U","date":"2018-04-19T02:39:48.000Z","volume":12000,"label":"X","price":3.66},{"type":"A","date":"2018-04-19T02:39:50.000Z","volume":2000,"label":" ","price":3.66},{"type":"A","date":"2018-04-19T02:39:50.000Z","volume":4000,"label":" ","price":3.66},{"type":"U","date":"2018-04-19T02:39:50.000Z","volume":12000,"label":"X","price":3.66},{"type":"B","date":"2018-04-19T02:39:50.000Z","volume":12000,"label":" ","price":3.65},{"type":"U","date":"2018-04-19T02:39:50.000Z","volume":16000,"label":" ","price":3.66},{"type":"A","date":"2018-04-19T02:39:52.000Z","volume":16000,"label":" ","price":3.66},{"type":"B","date":"2018-04-19T02:39:53.000Z","volume":4000,"label":" ","price":3.65},{"type":"U","date":"2018-04-19T02:40:00.000Z","volume":4000,"label":"X","price":3.66},{"type":"A","date":"2018-04-19T02:40:00.000Z","volume":4000,"label":" ","price":3.66},{"type":"U","date":"2018-04-19T02:40:05.000Z","volume":2000,"label":" ","price":3.66},{"type":"A","date":"2018-04-19T02:40:09.000Z","volume":4000,"label":" ","price":3.66},{"type":"A","date":"2018-04-19T02:40:11.000Z","volume":2000,"label":" ","price":3.66},{"type":"A","date":"2018-04-19T02:40:17.000Z","volume":70000,"label":" ","price":3.66},{"type":"B","date":"2018-04-19T02:40:17.000Z","volume":14000,"label":" ","price":3.65},{"type":"U","date":"2018-04-19T02:40:19.000Z","volume":14000,"label":"X","price":3.67},{"type":"U","date":"2018-04-19T02:40:31.000Z","volume":14000,"label":" ","price":3.66},{"type":"A","date":"2018-04-19T02:40:35.000Z","volume":34000,"label":" ","price":3.66},{"type":"B","date":"2018-04-19T02:40:35.000Z","volume":6000,"label":" ","price":3.65},{"type":"A","date":"2018-04-19T02:40:36.000Z","volume":8000,"label":" ","price":3.66},{"type":"A","date":"2018-04-19T02:40:36.000Z","volume":50000,"label":" ","price":3.66},{"type":"B","date":"2018-04-19T02:40:37.000Z","volume":24000,"label":" ","price":3.66},{"type":"U","date":"2018-04-19T02:40:37.000Z","volume":24000,"label":"X","price":3.67},{"type":"A","date":"2018-04-19T02:40:37.000Z","volume":6000,"label":" ","price":3.67},{"type":"B","date":"2018-04-19T02:40:37.000Z","volume":6000,"label":" ","price":3.66},{"type":"A","date":"2018-04-19T02:40:38.000Z","volume":12000,"label":" ","price":3.67},{"type":"B","date":"2018-04-19T02:40:39.000Z","volume":14000,"label":" ","price":3.66},{"type":"A","date":"2018-04-19T02:40:39.000Z","volume":2000,"label":" ","price":3.67},{"type":"U","date":"2018-04-19T02:40:41.000Z","volume":2000,"label":"X","price":3.67},{"type":"U","date":"2018-04-19T02:40:50.000Z","volume":10000,"label":"X","price":3.66},{"type":"A","date":"2018-04-19T02:40:51.000Z","volume":4000,"label":" ","price":3.66},{"type":"A","date":"2018-04-19T02:40:57.000Z","volume":6000,"label":" ","price":3.66},{"type":"U","date":"2018-04-19T02:40:59.000Z","volume":2000,"label":"X","price":3.66},{"type":"A","date":"2018-04-19T02:41:20.000Z","volume":2000,"label":" ","price":3.66},{"type":"B","date":"2018-04-19T02:42:11.000Z","volume":100000,"label":" ","price":3.65},{"type":"B","date":"2018-04-19T02:42:11.000Z","volume":2000,"label":" ","price":3.65},{"type":"B","date":"2018-04-19T02:42:28.000Z","volume":2000,"label":" ","price":3.66},{"type":"B","date":"2018-04-19T02:42:28.000Z","volume":8000,"label":" ","price":3.66},{"type":"A","date":"2018-04-19T02:42:33.000Z","volume":8000,"label":" ","price":3.67},{"type":"B","date":"2018-04-19T02:42:45.000Z","volume":20000,"label":" ","price":3.66},{"type":"A","date":"2018-04-19T02:42:45.000Z","volume":4000,"label":" ","price":3.67},{"type":"B","date":"2018-04-19T02:42:46.000Z","volume":2000,"label":" ","price":3.66},{"type":"B","date":"2018-04-19T02:42:47.000Z","volume":4000,"label":" ","price":3.66},{"type":"A","date":"2018-04-19T02:42:47.000Z","volume":2000,"label":" ","price":3.67},{"type":"B","date":"2018-04-19T02:42:52.000Z","volume":10000,"label":" ","price":3.66},{"type":"B","date":"2018-04-19T02:43:38.000Z","volume":56000,"label":" ","price":3.66},{"type":"A","date":"2018-04-19T02:43:38.000Z","volume":2000,"label":" ","price":3.66},{"type":"A","date":"2018-04-19T02:43:38.000Z","volume":2000,"label":" ","price":3.66},{"type":"U","date":"2018-04-19T02:43:38.000Z","volume":8000,"label":"X","price":3.66},{"type":"B","date":"2018-04-19T02:43:38.000Z","volume":2000,"label":" ","price":3.65},{"type":"U","date":"2018-04-19T02:43:40.000Z","volume":4000,"label":"X","price":3.66},{"type":"A","date":"2018-04-19T02:44:20.000Z","volume":2000,"label":" ","price":3.66},{"type":"A","date":"2018-04-19T02:44:56.000Z","volume":62000,"label":" ","price":3.66},{"type":"A","date":"2018-04-19T02:44:56.000Z","volume":30000,"label":" ","price":3.66},{"type":"U","date":"2018-04-19T02:44:56.000Z","volume":22000,"label":"X","price":3.67},{"type":"U","date":"2018-04-19T02:44:57.000Z","volume":2000,"label":" ","price":3.66},{"type":"A","date":"2018-04-19T02:44:57.000Z","volume":2000,"label":" ","price":3.67},{"type":"B","date":"2018-04-19T02:45:03.000Z","volume":10000,"label":" ","price":3.65},{"type":"B","date":"2018-04-19T02:45:14.000Z","volume":10000,"label":" ","price":3.65},{"type":"A","date":"2018-04-19T02:45:25.000Z","volume":26000,"label":" ","price":3.67},{"type":"A","date":"2018-04-19T02:45:25.000Z","volume":2000,"label":" ","price":3.67},{"type":"U","date":"2018-04-19T02:45:26.000Z","volume":8000,"label":"X","price":3.67},{"type":"A","date":"2018-04-19T02:45:30.000Z","volume":2000,"label":" ","price":3.67},{"type":"B","date":"2018-04-19T02:45:31.000Z","volume":30000,"label":" ","price":3.66},{"type":"A","date":"2018-04-19T02:45:31.000Z","volume":2000,"label":" ","price":3.67},{"type":"U","date":"2018-04-19T02:45:32.000Z","volume":6000,"label":"X","price":3.67},{"type":"B","date":"2018-04-19T02:46:04.000Z","volume":30000,"label":" ","price":3.66},{"type":"A","date":"2018-04-19T02:46:04.000Z","volume":6000,"label":" ","price":3.67},{"type":"U","date":"2018-04-19T02:46:06.000Z","volume":8000,"label":"X","price":3.67},{"type":"A","date":"2018-04-19T02:46:50.000Z","volume":2000,"label":" ","price":3.67},{"type":"B","date":"2018-04-19T02:46:59.000Z","volume":30000,"label":" ","price":3.66},{"type":"A","date":"2018-04-19T02:46:59.000Z","volume":2000,"label":" ","price":3.67},{"type":"A","date":"2018-04-19T02:47:01.000Z","volume":2000,"label":" ","price":3.67},{"type":"U","date":"2018-04-19T02:47:01.000Z","volume":4000,"label":"X","price":3.67},{"type":"A","date":"2018-04-19T02:47:01.000Z","volume":4000,"label":" ","price":3.67},{"type":"A","date":"2018-04-19T02:48:13.000Z","volume":10000,"label":" ","price":3.67},{"type":"A","date":"2018-04-19T02:48:14.000Z","volume":2000,"label":" ","price":3.67},{"type":"B","date":"2018-04-19T02:48:14.000Z","volume":10000,"label":" ","price":3.66},{"type":"A","date":"2018-04-19T02:48:14.000Z","volume":2000,"label":" ","price":3.67},{"type":"A","date":"2018-04-19T02:48:16.000Z","volume":4000,"label":" ","price":3.67},{"type":"A","date":"2018-04-19T02:48:16.000Z","volume":2000,"label":" ","price":3.67},{"type":"B","date":"2018-04-19T02:48:38.000Z","volume":10000,"label":" ","price":3.66},{"type":"A","date":"2018-04-19T02:48:39.000Z","volume":2000,"label":" ","price":3.67},{"type":"A","date":"2018-04-19T02:48:39.000Z","volume":2000,"label":" ","price":3.67},{"type":"U","date":"2018-04-19T02:48:39.000Z","volume":2000,"label":"X","price":3.67},{"type":"B","date":"2018-04-19T02:49:14.000Z","volume":2000,"label":" ","price":3.66},{"type":"A","date":"2018-04-19T02:50:11.000Z","volume":10000,"label":" ","price":3.67},{"type":"A","date":"2018-04-19T02:50:11.000Z","volume":2000,"label":" ","price":3.67},{"type":"A","date":"2018-04-19T02:50:20.000Z","volume":14000,"label":" ","price":3.67},{"type":"A","date":"2018-04-19T02:50:21.000Z","volume":4000,"label":" ","price":3.67},{"type":"A","date":"2018-04-19T02:50:21.000Z","volume":2000,"label":" ","price":3.67},{"type":"A","date":"2018-04-19T02:50:35.000Z","volume":2000,"label":" ","price":3.67},{"type":"A","date":"2018-04-19T02:50:55.000Z","volume":40000,"label":" ","price":3.67},{"type":"A","date":"2018-04-19T02:50:55.000Z","volume":6000,"label":" ","price":3.67},{"type":"U","date":"2018-04-19T02:50:56.000Z","volume":12000,"label":"X","price":3.67},{"type":"B","date":"2018-04-19T02:51:15.000Z","volume":10000,"label":" ","price":3.66},{"type":"A","date":"2018-04-19T02:51:15.000Z","volume":2000,"label":" ","price":3.67},{"type":"A","date":"2018-04-19T02:51:34.000Z","volume":40000,"label":" ","price":3.67},{"type":"A","date":"2018-04-19T02:51:34.000Z","volume":8000,"label":" ","price":3.67},{"type":"A","date":"2018-04-19T02:51:47.000Z","volume":4000,"label":" ","price":3.67},{"type":"A","date":"2018-04-19T02:52:05.000Z","volume":2000,"label":" ","price":3.67},{"type":"A","date":"2018-04-19T02:52:14.000Z","volume":10000,"label":" ","price":3.67},{"type":"A","date":"2018-04-19T02:52:14.000Z","volume":2000,"label":" ","price":3.67},{"type":"U","date":"2018-04-19T02:52:15.000Z","volume":4000,"label":"X","price":3.67},{"type":"B","date":"2018-04-19T02:52:29.000Z","volume":30000,"label":" ","price":3.66},{"type":"A","date":"2018-04-19T02:52:29.000Z","volume":2000,"label":" ","price":3.67},{"type":"A","date":"2018-04-19T02:53:27.000Z","volume":2000,"label":" ","price":3.67},{"type":"A","date":"2018-04-19T02:53:28.000Z","volume":2000,"label":" ","price":3.67},{"type":"A","date":"2018-04-19T02:53:35.000Z","volume":2000,"label":" ","price":3.67},{"type":"A","date":"2018-04-19T02:53:44.000Z","volume":6000,"label":" ","price":3.67},{"type":"A","date":"2018-04-19T02:54:11.000Z","volume":10000,"label":" ","price":3.67},{"type":"A","date":"2018-04-19T02:54:11.000Z","volume":2000,"label":" ","price":3.67},{"type":"B","date":"2018-04-19T02:56:29.000Z","volume":2000,"label":" ","price":3.66},{"type":"A","date":"2018-04-19T02:56:29.000Z","volume":10000,"label":" ","price":3.67},{"type":"A","date":"2018-04-19T02:56:29.000Z","volume":2000,"label":" ","price":3.67},{"type":"U","date":"2018-04-19T02:56:29.000Z","volume":2000,"label":"X","price":3.67},{"type":"B","date":"2018-04-19T02:57:40.000Z","volume":4000,"label":" ","price":3.66},{"type":"A","date":"2018-04-19T02:57:48.000Z","volume":2000,"label":" ","price":3.67},{"type":"U","date":"2018-04-19T02:58:27.000Z","volume":847,"label":"D","price":3.71},{"type":"A","date":"2018-04-19T03:00:13.000Z","volume":2000,"label":" ","price":3.67},{"type":"A","date":"2018-04-19T03:01:25.000Z","volume":2000,"label":" ","price":3.67},{"type":"U","date":"2018-04-19T03:01:25.000Z","volume":2000,"label":"X","price":3.67},{"type":"A","date":"2018-04-19T03:01:25.000Z","volume":2000,"label":" ","price":3.67},{"type":"A","date":"2018-04-19T03:02:20.000Z","volume":2000,"label":" ","price":3.67},{"type":"B","date":"2018-04-19T03:02:44.000Z","volume":6000,"label":" ","price":3.66},{"type":"A","date":"2018-04-19T03:03:20.000Z","volume":2000,"label":" ","price":3.67},{"type":"A","date":"2018-04-19T03:04:15.000Z","volume":2000,"label":" ","price":3.67},{"type":"A","date":"2018-04-19T03:04:15.000Z","volume":2000,"label":" ","price":3.67},{"type":"A","date":"2018-04-19T03:04:44.000Z","volume":2000,"label":" ","price":3.67},{"type":"B","date":"2018-04-19T03:04:54.000Z","volume":10000,"label":" ","price":3.66},{"type":"A","date":"2018-04-19T03:04:55.000Z","volume":2000,"label":" ","price":3.67},{"type":"A","date":"2018-04-19T03:05:20.000Z","volume":2000,"label":" ","price":3.67},{"type":"A","date":"2018-04-19T03:06:05.000Z","volume":2000,"label":" ","price":3.67},{"type":"A","date":"2018-04-19T03:06:35.000Z","volume":50000,"label":" ","price":3.67},{"type":"A","date":"2018-04-19T03:06:35.000Z","volume":2000,"label":" ","price":3.67},{"type":"U","date":"2018-04-19T03:06:37.000Z","volume":12000,"label":"X","price":3.67},{"type":"A","date":"2018-04-19T03:06:50.000Z","volume":2000,"label":" ","price":3.67},{"type":"A","date":"2018-04-19T03:06:50.000Z","volume":6000,"label":"Y","price":3.67},{"type":"B","date":"2018-04-19T03:07:06.000Z","volume":2000,"label":" ","price":3.66},{"type":"B","date":"2018-04-19T03:07:06.000Z","volume":2000,"label":" ","price":3.66},{"type":"A","date":"2018-04-19T03:07:17.000Z","volume":2000,"label":" ","price":3.67},{"type":"A","date":"2018-04-19T03:07:18.000Z","volume":2000,"label":"Y","price":3.67},{"type":"U","date":"2018-04-19T03:07:18.000Z","volume":2000,"label":"X","price":3.67},{"type":"A","date":"2018-04-19T03:07:25.000Z","volume":4000,"label":"Y","price":3.67},{"type":"A","date":"2018-04-19T03:07:25.000Z","volume":4000,"label":" ","price":3.67},{"type":"U","date":"2018-04-19T03:07:26.000Z","volume":2000,"label":"X","price":3.67},{"type":"B","date":"2018-04-19T03:07:53.000Z","volume":16000,"label":" ","price":3.66},{"type":"A","date":"2018-04-19T03:07:53.000Z","volume":2000,"label":" ","price":3.67},{"type":"U","date":"2018-04-19T03:07:53.000Z","volume":2000,"label":"X","price":3.67},{"type":"A","date":"2018-04-19T03:08:16.000Z","volume":2000,"label":" ","price":3.67},{"type":"A","date":"2018-04-19T03:08:16.000Z","volume":2000,"label":" ","price":3.67},{"type":"U","date":"2018-04-19T03:08:17.000Z","volume":2000,"label":"X","price":3.67},{"type":"B","date":"2018-04-19T03:08:24.000Z","volume":50000,"label":" ","price":3.66},{"type":"U","date":"2018-04-19T03:08:24.000Z","volume":12000,"label":"X","price":3.67},{"type":"B","date":"2018-04-19T03:08:24.000Z","volume":2000,"label":" ","price":3.66},{"type":"A","date":"2018-04-19T03:08:29.000Z","volume":8000,"label":" ","price":3.67},{"type":"A","date":"2018-04-19T03:08:29.000Z","volume":2000,"label":" ","price":3.67},{"type":"A","date":"2018-04-19T03:08:36.000Z","volume":8000,"label":" ","price":3.67},{"type":"A","date":"2018-04-19T03:08:36.000Z","volume":14000,"label":" ","price":3.67},{"type":"B","date":"2018-04-19T03:08:36.000Z","volume":2000,"label":" ","price":3.66},{"type":"A","date":"2018-04-19T03:08:36.000Z","volume":2000,"label":" ","price":3.67},{"type":"A","date":"2018-04-19T03:08:36.000Z","volume":6000,"label":" ","price":3.67},{"type":"A","date":"2018-04-19T03:08:37.000Z","volume":4000,"label":" ","price":3.67},{"type":"U","date":"2018-04-19T03:08:37.000Z","volume":8000,"label":"X","price":3.67},{"type":"A","date":"2018-04-19T03:08:39.000Z","volume":2000,"label":" ","price":3.67},{"type":"A","date":"2018-04-19T03:08:50.000Z","volume":2000,"label":" ","price":3.67},{"type":"B","date":"2018-04-19T03:09:10.000Z","volume":2000,"label":" ","price":3.66},{"type":"A","date":"2018-04-19T03:09:50.000Z","volume":2000,"label":" ","price":3.67},{"type":"A","date":"2018-04-19T03:10:40.000Z","volume":2000,"label":" ","price":3.67},{"type":"U","date":"2018-04-19T03:10:40.000Z","volume":2000,"label":"X","price":3.67},{"type":"A","date":"2018-04-19T03:10:44.000Z","volume":2000,"label":" ","price":3.67},{"type":"B","date":"2018-04-19T03:10:44.000Z","volume":2000,"label":" ","price":3.66},{"type":"A","date":"2018-04-19T03:10:45.000Z","volume":2000,"label":" ","price":3.67},{"type":"A","date":"2018-04-19T03:11:14.000Z","volume":2000,"label":" ","price":3.67},{"type":"B","date":"2018-04-19T03:11:19.000Z","volume":2000,"label":" ","price":3.66},{"type":"A","date":"2018-04-19T03:11:20.000Z","volume":2000,"label":" ","price":3.67},{"type":"U","date":"2018-04-19T03:11:21.000Z","volume":2000,"label":"X","price":3.67},{"type":"A","date":"2018-04-19T03:11:38.000Z","volume":2000,"label":" ","price":3.67},{"type":"A","date":"2018-04-19T03:11:42.000Z","volume":2000,"label":"Y","price":3.67},{"type":"B","date":"2018-04-19T03:11:50.000Z","volume":50000,"label":" ","price":3.66},{"type":"U","date":"2018-04-19T03:11:50.000Z","volume":12000,"label":"X","price":3.67},{"type":"A","date":"2018-04-19T03:11:51.000Z","volume":10000,"label":" ","price":3.67},{"type":"A","date":"2018-04-19T03:11:52.000Z","volume":2000,"label":"Y","price":3.67},{"type":"B","date":"2018-04-19T03:11:53.000Z","volume":4000,"label":" ","price":3.66},{"type":"U","date":"2018-04-19T03:11:54.000Z","volume":2000,"label":"X","price":3.67},{"type":"B","date":"2018-04-19T03:11:55.000Z","volume":50000,"label":" ","price":3.66},{"type":"A","date":"2018-04-19T03:11:55.000Z","volume":8000,"label":" ","price":3.67},{"type":"A","date":"2018-04-19T03:11:55.000Z","volume":8000,"label":" ","price":3.67},{"type":"A","date":"2018-04-19T03:11:55.000Z","volume":2000,"label":"Y","price":3.67},{"type":"A","date":"2018-04-19T03:11:56.000Z","volume":2000,"label":" ","price":3.67},{"type":"A","date":"2018-04-19T03:11:56.000Z","volume":2000,"label":"Y","price":3.67},{"type":"U","date":"2018-04-19T03:11:56.000Z","volume":16000,"label":"X","price":3.67},{"type":"B","date":"2018-04-19T03:11:57.000Z","volume":10000,"label":" ","price":3.66},{"type":"A","date":"2018-04-19T03:11:57.000Z","volume":2000,"label":" ","price":3.67},{"type":"A","date":"2018-04-19T03:11:58.000Z","volume":2000,"label":"Y","price":3.67},{"type":"B","date":"2018-04-19T03:12:01.000Z","volume":2000,"label":" ","price":3.66},{"type":"U","date":"2018-04-19T03:12:02.000Z","volume":2000,"label":"X","price":3.67},{"type":"B","date":"2018-04-19T03:12:06.000Z","volume":2000,"label":" ","price":3.66},{"type":"A","date":"2018-04-19T03:12:10.000Z","volume":2000,"label":" ","price":3.67},{"type":"A","date":"2018-04-19T03:12:10.000Z","volume":2000,"label":" ","price":3.67},{"type":"A","date":"2018-04-19T03:12:19.000Z","volume":2000,"label":" ","price":3.67},{"type":"A","date":"2018-04-19T03:12:23.000Z","volume":2000,"label":"Y","price":3.67},{"type":"U","date":"2018-04-19T03:12:25.000Z","volume":2000,"label":"X","price":3.67},{"type":"A","date":"2018-04-19T03:13:13.000Z","volume":2000,"label":" ","price":3.67},{"type":"A","date":"2018-04-19T03:13:20.000Z","volume":2000,"label":" ","price":3.67},{"type":"A","date":"2018-04-19T03:13:50.000Z","volume":2000,"label":" ","price":3.67},{"type":"B","date":"2018-04-19T03:14:52.000Z","volume":2000,"label":" ","price":3.66},{"type":"A","date":"2018-04-19T03:14:52.000Z","volume":2000,"label":" ","price":3.67},{"type":"U","date":"2018-04-19T03:14:54.000Z","volume":2000,"label":"X","price":3.67},{"type":"A","date":"2018-04-19T03:14:55.000Z","volume":2000,"label":"Y","price":3.67},{"type":"A","date":"2018-04-19T03:15:15.000Z","volume":2000,"label":" ","price":3.67},{"type":"A","date":"2018-04-19T03:16:10.000Z","volume":2000,"label":" ","price":3.67},{"type":"A","date":"2018-04-19T03:16:20.000Z","volume":2000,"label":" ","price":3.67},{"type":"A","date":"2018-04-19T03:16:33.000Z","volume":2000,"label":" ","price":3.67},{"type":"U","date":"2018-04-19T03:16:33.000Z","volume":2000,"label":"X","price":3.67},{"type":"A","date":"2018-04-19T03:16:35.000Z","volume":2000,"label":" ","price":3.67},{"type":"A","date":"2018-04-19T03:16:52.000Z","volume":2000,"label":" ","price":3.67},{"type":"A","date":"2018-04-19T03:16:52.000Z","volume":2000,"label":" ","price":3.67},{"type":"A","date":"2018-04-19T03:17:37.000Z","volume":2000,"label":" ","price":3.67},{"type":"A","date":"2018-04-19T03:17:39.000Z","volume":2000,"label":" ","price":3.67},{"type":"U","date":"2018-04-19T03:17:39.000Z","volume":2000,"label":"X","price":3.67},{"type":"B","date":"2018-04-19T03:17:52.000Z","volume":8000,"label":" ","price":3.66},{"type":"A","date":"2018-04-19T03:17:52.000Z","volume":2000,"label":" ","price":3.67},{"type":"B","date":"2018-04-19T03:17:52.000Z","volume":2000,"label":" ","price":3.66},{"type":"U","date":"2018-04-19T03:17:54.000Z","volume":2000,"label":"X","price":3.67},{"type":"A","date":"2018-04-19T03:18:20.000Z","volume":2000,"label":" ","price":3.67},{"type":"A","date":"2018-04-19T03:18:31.000Z","volume":8000,"label":" ","price":3.67},{"type":"A","date":"2018-04-19T03:18:31.000Z","volume":2000,"label":" ","price":3.67},{"type":"A","date":"2018-04-19T03:18:31.000Z","volume":2000,"label":" ","price":3.67},{"type":"B","date":"2018-04-19T03:18:32.000Z","volume":10000,"label":"Y","price":3.66},{"type":"B","date":"2018-04-19T03:18:32.000Z","volume":2000,"label":" ","price":3.66},{"type":"A","date":"2018-04-19T03:18:32.000Z","volume":2000,"label":" ","price":3.67},{"type":"U","date":"2018-04-19T03:18:33.000Z","volume":6000,"label":"X","price":3.67},{"type":"A","date":"2018-04-19T03:18:35.000Z","volume":2000,"label":" ","price":3.67},{"type":"A","date":"2018-04-19T03:18:36.000Z","volume":4000,"label":" ","price":3.67},{"type":"B","date":"2018-04-19T03:18:36.000Z","volume":10000,"label":" ","price":3.66},{"type":"A","date":"2018-04-19T03:18:36.000Z","volume":2000,"label":"Y","price":3.67},{"type":"B","date":"2018-04-19T03:18:37.000Z","volume":2000,"label":" ","price":3.66},{"type":"U","date":"2018-04-19T03:18:37.000Z","volume":4000,"label":"X","price":3.67},{"type":"A","date":"2018-04-19T03:18:37.000Z","volume":10000,"label":"Y","price":3.67},{"type":"A","date":"2018-04-19T03:18:37.000Z","volume":2000,"label":"Y","price":3.67},{"type":"A","date":"2018-04-19T03:18:38.000Z","volume":4000,"label":" ","price":3.67},{"type":"U","date":"2018-04-19T03:18:39.000Z","volume":2000,"label":"X","price":3.67},{"type":"B","date":"2018-04-19T03:18:54.000Z","volume":20000,"label":" ","price":3.66},{"type":"A","date":"2018-04-19T03:18:54.000Z","volume":2000,"label":" ","price":3.67},{"type":"U","date":"2018-04-19T03:18:55.000Z","volume":6000,"label":"X","price":3.67},{"type":"A","date":"2018-04-19T03:18:55.000Z","volume":4000,"label":"Y","price":3.67},{"type":"A","date":"2018-04-19T03:18:55.000Z","volume":2000,"label":" ","price":3.67},{"type":"B","date":"2018-04-19T03:18:55.000Z","volume":2000,"label":" ","price":3.66},{"type":"A","date":"2018-04-19T03:19:08.000Z","volume":14000,"label":"Y","price":3.67},{"type":"A","date":"2018-04-19T03:19:09.000Z","volume":4000,"label":" ","price":3.67},{"type":"A","date":"2018-04-19T03:19:09.000Z","volume":4000,"label":"Y","price":3.67},{"type":"A","date":"2018-04-19T03:19:09.000Z","volume":4000,"label":" ","price":3.67},{"type":"A","date":"2018-04-19T03:19:10.000Z","volume":2000,"label":" ","price":3.67},{"type":"U","date":"2018-04-19T03:19:11.000Z","volume":8000,"label":"X","price":3.67},{"type":"B","date":"2018-04-19T03:19:20.000Z","volume":2000,"label":" ","price":3.66},{"type":"A","date":"2018-04-19T03:19:20.000Z","volume":2000,"label":"Y","price":3.67},{"type":"B","date":"2018-04-19T03:19:20.000Z","volume":2000,"label":" ","price":3.66},{"type":"A","date":"2018-04-19T03:19:21.000Z","volume":2000,"label":" ","price":3.67},{"type":"A","date":"2018-04-19T03:19:22.000Z","volume":2000,"label":" ","price":3.67},{"type":"B","date":"2018-04-19T03:19:40.000Z","volume":12000,"label":"Y","price":3.66},{"type":"A","date":"2018-04-19T03:19:40.000Z","volume":2000,"label":"Y","price":3.67},{"type":"U","date":"2018-04-19T03:19:40.000Z","volume":4000,"label":"X","price":3.67},{"type":"B","date":"2018-04-19T03:19:40.000Z","volume":2000,"label":" ","price":3.66},{"type":"B","date":"2018-04-19T03:19:41.000Z","volume":2000,"label":" ","price":3.66},{"type":"A","date":"2018-04-19T03:19:50.000Z","volume":4000,"label":" ","price":3.67},{"type":"A","date":"2018-04-19T03:19:50.000Z","volume":2000,"label":"Y","price":3.67},{"type":"A","date":"2018-04-19T03:19:55.000Z","volume":2000,"label":" ","price":3.67},{"type":"U","date":"2018-04-19T03:19:56.000Z","volume":2000,"label":"X","price":3.67},{"type":"B","date":"2018-04-19T03:19:57.000Z","volume":10000,"label":"Y","price":3.66},{"type":"A","date":"2018-04-19T03:19:57.000Z","volume":2000,"label":"Y","price":3.67},{"type":"B","date":"2018-04-19T03:19:57.000Z","volume":2000,"label":" ","price":3.66},{"type":"U","date":"2018-04-19T03:19:58.000Z","volume":2000,"label":"X","price":3.67},{"type":"B","date":"2018-04-19T03:20:09.000Z","volume":2000,"label":" ","price":3.66},{"type":"A","date":"2018-04-19T03:20:11.000Z","volume":2000,"label":" ","price":3.67},{"type":"A","date":"2018-04-19T03:20:17.000Z","volume":2000,"label":" ","price":3.67},{"type":"A","date":"2018-04-19T03:20:19.000Z","volume":2000,"label":" ","price":3.67},{"type":"B","date":"2018-04-19T03:20:20.000Z","volume":12000,"label":"Y","price":3.66},{"type":"A","date":"2018-04-19T03:20:20.000Z","volume":2000,"label":"Y","price":3.67},{"type":"A","date":"2018-04-19T03:20:20.000Z","volume":4000,"label":" ","price":3.67},{"type":"A","date":"2018-04-19T03:20:20.000Z","volume":2000,"label":"Y","price":3.67},{"type":"A","date":"2018-04-19T03:20:21.000Z","volume":4000,"label":" ","price":3.67},{"type":"A","date":"2018-04-19T03:20:21.000Z","volume":4000,"label":" ","price":3.67},{"type":"A","date":"2018-04-19T03:20:23.000Z","volume":2000,"label":" ","price":3.67},{"type":"A","date":"2018-04-19T03:20:23.000Z","volume":2000,"label":"Y","price":3.67},{"type":"B","date":"2018-04-19T03:20:23.000Z","volume":2000,"label":" ","price":3.66},{"type":"A","date":"2018-04-19T03:20:24.000Z","volume":2000,"label":" ","price":3.67},{"type":"A","date":"2018-04-19T03:20:35.000Z","volume":2000,"label":" ","price":3.67},{"type":"A","date":"2018-04-19T03:20:36.000Z","volume":2000,"label":" ","price":3.67},{"type":"B","date":"2018-04-19T03:20:36.000Z","volume":10000,"label":"Y","price":3.66},{"type":"A","date":"2018-04-19T03:20:36.000Z","volume":2000,"label":"Y","price":3.67},{"type":"A","date":"2018-04-19T03:20:37.000Z","volume":2000,"label":" ","price":3.67},{"type":"B","date":"2018-04-19T03:20:38.000Z","volume":2000,"label":" ","price":3.66},{"type":"A","date":"2018-04-19T03:20:38.000Z","volume":4000,"label":" ","price":3.67},{"type":"A","date":"2018-04-19T03:20:38.000Z","volume":2000,"label":"Y","price":3.67},{"type":"A","date":"2018-04-19T03:20:40.000Z","volume":2000,"label":" ","price":3.67},{"type":"A","date":"2018-04-19T03:20:40.000Z","volume":50000,"label":" ","price":3.67},{"type":"A","date":"2018-04-19T03:20:41.000Z","volume":8000,"label":"Y","price":3.67},{"type":"A","date":"2018-04-19T03:20:41.000Z","volume":4000,"label":" ","price":3.67},{"type":"A","date":"2018-04-19T03:20:42.000Z","volume":16000,"label":" ","price":3.67},{"type":"A","date":"2018-04-19T03:20:42.000Z","volume":4000,"label":"Y","price":3.67},{"type":"A","date":"2018-04-19T03:20:50.000Z","volume":24000,"label":" ","price":3.67},{"type":"A","date":"2018-04-19T03:20:50.000Z","volume":4000,"label":"Y","price":3.67},{"type":"A","date":"2018-04-19T03:20:50.000Z","volume":8000,"label":" ","price":3.67},{"type":"A","date":"2018-04-19T03:20:51.000Z","volume":4000,"label":" ","price":3.67},{"type":"A","date":"2018-04-19T03:20:51.000Z","volume":2000,"label":"Y","price":3.67},{"type":"A","date":"2018-04-19T03:20:52.000Z","volume":2000,"label":" ","price":3.67},{"type":"A","date":"2018-04-19T03:20:54.000Z","volume":16000,"label":" ","price":3.67},{"type":"A","date":"2018-04-19T03:20:54.000Z","volume":2000,"label":"Y","price":3.67},{"type":"A","date":"2018-04-19T03:20:54.000Z","volume":4000,"label":" ","price":3.67},{"type":"B","date":"2018-04-19T03:21:00.000Z","volume":12000,"label":"Y","price":3.66},{"type":"A","date":"2018-04-19T03:21:00.000Z","volume":2000,"label":"Y","price":3.67},{"type":"U","date":"2018-04-19T03:21:00.000Z","volume":2000,"label":"X","price":3.67},{"type":"B","date":"2018-04-19T03:21:02.000Z","volume":2000,"label":" ","price":3.66},{"type":"A","date":"2018-04-19T03:21:02.000Z","volume":2000,"label":" ","price":3.67},{"type":"A","date":"2018-04-19T03:21:02.000Z","volume":2000,"label":"Y","price":3.67},{"type":"A","date":"2018-04-19T03:21:04.000Z","volume":2000,"label":" ","price":3.67},{"type":"A","date":"2018-04-19T03:21:06.000Z","volume":42000,"label":" ","price":3.67},{"type":"A","date":"2018-04-19T03:21:06.000Z","volume":10000,"label":" ","price":3.67},{"type":"A","date":"2018-04-19T03:21:06.000Z","volume":6000,"label":"Y","price":3.67},{"type":"A","date":"2018-04-19T03:21:06.000Z","volume":4000,"label":" ","price":3.67},{"type":"A","date":"2018-04-19T03:21:06.000Z","volume":2000,"label":"Y","price":3.67},{"type":"A","date":"2018-04-19T03:21:08.000Z","volume":6000,"label":" ","price":3.67},{"type":"A","date":"2018-04-19T03:21:08.000Z","volume":6000,"label":" ","price":3.67},{"type":"A","date":"2018-04-19T03:21:08.000Z","volume":2000,"label":"Y","price":3.67},{"type":"A","date":"2018-04-19T03:21:09.000Z","volume":2000,"label":" ","price":3.67},{"type":"B","date":"2018-04-19T03:21:09.000Z","volume":6000,"label":" ","price":3.66},{"type":"A","date":"2018-04-19T03:21:09.000Z","volume":6000,"label":"Y","price":3.67},{"type":"A","date":"2018-04-19T03:21:10.000Z","volume":2000,"label":"Y","price":3.67},{"type":"A","date":"2018-04-19T03:21:10.000Z","volume":2000,"label":" ","price":3.67},{"type":"A","date":"2018-04-19T03:21:10.000Z","volume":4000,"label":" ","price":3.67},{"type":"A","date":"2018-04-19T03:21:10.000Z","volume":2000,"label":"Y","price":3.67},{"type":"A","date":"2018-04-19T03:21:11.000Z","volume":2000,"label":" ","price":3.67},{"type":"A","date":"2018-04-19T03:21:12.000Z","volume":2000,"label":" ","price":3.67},{"type":"B","date":"2018-04-19T03:21:15.000Z","volume":10000,"label":"Y","price":3.66},{"type":"A","date":"2018-04-19T03:21:15.000Z","volume":2000,"label":"Y","price":3.67},{"type":"A","date":"2018-04-19T03:21:15.000Z","volume":4000,"label":" ","price":3.67},{"type":"A","date":"2018-04-19T03:21:16.000Z","volume":2000,"label":" ","price":3.67},{"type":"B","date":"2018-04-19T03:21:16.000Z","volume":2000,"label":" ","price":3.66},{"type":"U","date":"2018-04-19T03:21:16.000Z","volume":4000,"label":"X","price":3.67},{"type":"A","date":"2018-04-19T03:21:16.000Z","volume":2000,"label":"Y","price":3.67},{"type":"B","date":"2018-04-19T03:21:21.000Z","volume":2000,"label":" ","price":3.66},{"type":"A","date":"2018-04-19T03:21:30.000Z","volume":2000,"label":" ","price":3.67},{"type":"A","date":"2018-04-19T03:21:30.000Z","volume":2000,"label":" ","price":3.67},{"type":"A","date":"2018-04-19T03:21:30.000Z","volume":2000,"label":" ","price":3.67},{"type":"B","date":"2018-04-19T03:21:40.000Z","volume":14000,"label":"Y","price":3.66},{"type":"A","date":"2018-04-19T03:21:40.000Z","volume":4000,"label":"Y","price":3.67},{"type":"U","date":"2018-04-19T03:21:40.000Z","volume":4000,"label":"X","price":3.67},{"type":"B","date":"2018-04-19T03:21:41.000Z","volume":2000,"label":" ","price":3.66},{"type":"B","date":"2018-04-19T03:22:00.000Z","volume":10000,"label":"Y","price":3.66},{"type":"A","date":"2018-04-19T03:22:00.000Z","volume":2000,"label":" ","price":3.67},{"type":"A","date":"2018-04-19T03:22:01.000Z","volume":2000,"label":"Y","price":3.67},{"type":"B","date":"2018-04-19T03:22:01.000Z","volume":2000,"label":" ","price":3.66},{"type":"A","date":"2018-04-19T03:22:02.000Z","volume":2000,"label":" ","price":3.67},{"type":"A","date":"2018-04-19T03:22:02.000Z","volume":2000,"label":" ","price":3.67},{"type":"A","date":"2018-04-19T03:22:09.000Z","volume":2000,"label":" ","price":3.67},{"type":"B","date":"2018-04-19T03:22:10.000Z","volume":2000,"label":" ","price":3.66},{"type":"A","date":"2018-04-19T03:22:10.000Z","volume":2000,"label":" ","price":3.67},{"type":"A","date":"2018-04-19T03:22:10.000Z","volume":2000,"label":"Y","price":3.67},{"type":"A","date":"2018-04-19T03:22:10.000Z","volume":2000,"label":" ","price":3.67},{"type":"B","date":"2018-04-19T03:22:11.000Z","volume":2000,"label":" ","price":3.66},{"type":"A","date":"2018-04-19T03:22:14.000Z","volume":2000,"label":" ","price":3.67},{"type":"B","date":"2018-04-19T03:22:20.000Z","volume":12000,"label":"Y","price":3.66},{"type":"A","date":"2018-04-19T03:22:20.000Z","volume":2000,"label":"Y","price":3.67},{"type":"B","date":"2018-04-19T03:22:20.000Z","volume":2000,"label":" ","price":3.66},{"type":"A","date":"2018-04-19T03:22:20.000Z","volume":2000,"label":" ","price":3.67},{"type":"U","date":"2018-04-19T03:22:20.000Z","volume":4000,"label":"X","price":3.67},{"type":"A","date":"2018-04-19T03:22:21.000Z","volume":4000,"label":" ","price":3.67},{"type":"A","date":"2018-04-19T03:22:21.000Z","volume":2000,"label":"Y","price":3.67},{"type":"A","date":"2018-04-19T03:22:22.000Z","volume":2000,"label":" ","price":3.67},{"type":"A","date":"2018-04-19T03:22:22.000Z","volume":2000,"label":" ","price":3.67},{"type":"B","date":"2018-04-19T03:22:40.000Z","volume":12000,"label":"Y","price":3.66},{"type":"B","date":"2018-04-19T03:22:40.000Z","volume":2000,"label":" ","price":3.66},{"type":"A","date":"2018-04-19T03:22:40.000Z","volume":2000,"label":"Y","price":3.67},{"type":"A","date":"2018-04-19T03:22:40.000Z","volume":4000,"label":" ","price":3.67},{"type":"A","date":"2018-04-19T03:22:41.000Z","volume":2000,"label":"Y","price":3.67},{"type":"A","date":"2018-04-19T03:22:41.000Z","volume":2000,"label":" ","price":3.67},{"type":"A","date":"2018-04-19T03:22:50.000Z","volume":2000,"label":" ","price":3.67},{"type":"A","date":"2018-04-19T03:22:50.000Z","volume":2000,"label":" ","price":3.67},{"type":"U","date":"2018-04-19T03:22:51.000Z","volume":2000,"label":"X","price":3.67},{"type":"B","date":"2018-04-19T03:22:59.000Z","volume":10000,"label":"Y","price":3.66},{"type":"A","date":"2018-04-19T03:22:59.000Z","volume":2000,"label":"Y","price":3.67},{"type":"A","date":"2018-04-19T03:22:59.000Z","volume":2000,"label":" ","price":3.67},{"type":"A","date":"2018-04-19T03:23:00.000Z","volume":8000,"label":"Y","price":3.67},{"type":"A","date":"2018-04-19T03:23:00.000Z","volume":4000,"label":"Y","price":3.67},{"type":"A","date":"2018-04-19T03:23:01.000Z","volume":4000,"label":" ","price":3.67},{"type":"A","date":"2018-04-19T03:23:01.000Z","volume":2000,"label":"Y","price":3.67},{"type":"A","date":"2018-04-19T03:23:01.000Z","volume":4000,"label":" ","price":3.67},{"type":"A","date":"2018-04-19T03:23:02.000Z","volume":2000,"label":"Y","price":3.67},{"type":"A","date":"2018-04-19T03:23:02.000Z","volume":2000,"label":" ","price":3.67},{"type":"A","date":"2018-04-19T03:23:03.000Z","volume":2000,"label":" ","price":3.67},{"type":"B","date":"2018-04-19T03:23:10.000Z","volume":2000,"label":" ","price":3.66},{"type":"B","date":"2018-04-19T03:23:13.000Z","volume":2000,"label":" ","price":3.66},{"type":"B","date":"2018-04-19T03:23:20.000Z","volume":12000,"label":"Y","price":3.66},{"type":"A","date":"2018-04-19T03:23:20.000Z","volume":2000,"label":"Y","price":3.67},{"type":"A","date":"2018-04-19T03:23:20.000Z","volume":2000,"label":"Y","price":3.67},{"type":"A","date":"2018-04-19T03:23:20.000Z","volume":6000,"label":" ","price":3.67},{"type":"A","date":"2018-04-19T03:23:20.000Z","volume":2000,"label":" ","price":3.67},{"type":"A","date":"2018-04-19T03:23:20.000Z","volume":2000,"label":"Y","price":3.67},{"type":"A","date":"2018-04-19T03:23:20.000Z","volume":2000,"label":"Y","price":3.67},{"type":"B","date":"2018-04-19T03:23:21.000Z","volume":2000,"label":" ","price":3.66},{"type":"A","date":"2018-04-19T03:23:21.000Z","volume":4000,"label":" ","price":3.67},{"type":"A","date":"2018-04-19T03:23:21.000Z","volume":2000,"label":"Y","price":3.67},{"type":"A","date":"2018-04-19T03:23:21.000Z","volume":2000,"label":"Y","price":3.67},{"type":"U","date":"2018-04-19T03:23:22.000Z","volume":10000,"label":"X","price":3.67},{"type":"A","date":"2018-04-19T03:23:25.000Z","volume":2000,"label":" ","price":3.67},{"type":"A","date":"2018-04-19T03:23:25.000Z","volume":2000,"label":"Y","price":3.67},{"type":"A","date":"2018-04-19T03:23:26.000Z","volume":2000,"label":" ","price":3.67},{"type":"B","date":"2018-04-19T03:23:32.000Z","volume":2000,"label":" ","price":3.66},{"type":"A","date":"2018-04-19T03:23:32.000Z","volume":2000,"label":"Y","price":3.67},{"type":"A","date":"2018-04-19T03:23:35.000Z","volume":2000,"label":" ","price":3.67},{"type":"B","date":"2018-04-19T03:23:38.000Z","volume":10000,"label":"Y","price":3.66},{"type":"A","date":"2018-04-19T03:23:38.000Z","volume":2000,"label":"Y","price":3.67},{"type":"A","date":"2018-04-19T03:23:38.000Z","volume":2000,"label":" ","price":3.67},{"type":"A","date":"2018-04-19T03:23:39.000Z","volume":2000,"label":"Y","price":3.67}