[{"type":"A","date":"2018-03-16T05:37:12.000Z","volume":4200000,"price":0.061,"category":"ubbull"},{"type":"A","date":"2018-03-16T05:06:43.000Z","volume":2000000,"price":0.061,"category":"ubbull"},{"type":"A","date":"2018-03-16T05:06:43.000Z","volume":1000000,"price":0.061,"category":"bbull"},{"type":"A","date":"2018-03-16T03:11:31.000Z","volume":800000,"price":0.062,"category":"bbull"},{"type":"A","date":"2018-03-16T02:47:54.000Z","volume":1000000,"price":0.061,"category":"bbull"},{"type":"A","date":"2018-03-16T01:40:51.000Z","volume":565000,"price":0.062,"category":"bbull"},{"type":"A","date":"2018-03-16T07:59:37.000Z","volume":20000,"price":0.061,"category":"rbull"},{"type":"A","date":"2018-03-16T07:59:36.000Z","volume":15000,"price":0.061,"category":"rbull"},{"type":"A","date":"2018-03-16T07:59:30.000Z","volume":20000,"price":0.061,"category":"rbull"},{"type":"A","date":"2018-03-16T07:59:15.000Z","volume":25000,"price":0.061,"category":"rbull"},{"type":"A","date":"2018-03-16T07:59:00.000Z","volume":15000,"price":0.061,"category":"rbull"},{"type":"A","date":"2018-03-16T07:49:10.000Z","volume":5000,"price":0.061,"category":"rbull"},{"type":"A","date":"2018-03-16T07:44:00.000Z","volume":20000,"price":0.061,"category":"rbull"},{"type":"A","date":"2018-03-16T07:32:40.000Z","volume":5000,"price":0.061,"category":"rbull"},{"type":"A","date":"2018-03-16T07:19:32.000Z","volume":5000,"price":0.061,"category":"rbull"},{"type":"A","date":"2018-03-16T07:09:10.000Z","volume":5000,"price":0.061,"category":"rbull"},{"type":"A","date":"2018-03-16T06:11:00.000Z","volume":5000,"price":0.062,"category":"rbull"},{"type":"A","date":"2018-03-16T05:35:00.000Z","volume":5000,"price":0.061,"category":"rbull"},{"type":"A","date":"2018-03-16T05:00:06.000Z","volume":5000,"price":0.061,"category":"rbull"},{"type":"A","date":"2018-03-16T03:59:00.000Z","volume":5000,"price":0.061,"category":"rbull"},{"type":"A","date":"2018-03-16T03:23:00.000Z","volume":5000,"price":0.062,"category":"rbull"},{"type":"A","date":"2018-03-16T02:50:41.000Z","volume":25000,"price":0.061,"category":"rbull"},{"type":"A","date":"2018-03-16T02:41:00.000Z","volume":5000,"price":0.061,"category":"rbull"},{"type":"A","date":"2018-03-16T01:36:13.000Z","volume":20000,"price":0.061,"category":"rbull"},{"type":"A","date":"2018-03-16T01:35:00.000Z","volume":5000,"price":0.061,"category":"rbull"},{"type":"B","date":"2018-03-16T07:46:36.000Z","volume":25000,"price":0.06,"category":"rbear"},{"type":"B","date":"2018-03-16T07:09:06.000Z","volume":25000,"price":0.06,"category":"rbear"},{"type":"B","date":"2018-03-16T06:28:56.000Z","volume":5000,"price":0.06,"category":"rbear"},{"type":"B","date":"2018-03-16T03:42:19.000Z","volume":5000,"price":0.061,"category":"rbear"},{"type":"B","date":"2018-03-16T03:36:26.000Z","volume":25000,"price":0.061,"category":"rbear"},{"type":"B","date":"2018-03-16T03:11:31.000Z","volume":30000,"price":0.061,"category":"rbear"},{"type":"B","date":"2018-03-16T02:50:41.000Z","volume":5000,"price":0.061,"category":"rbear"},{"type":"B","date":"2018-03-16T02:16:35.000Z","volume":10000,"price":0.06,"category":"rbear"},{"type":"B","date":"2018-03-16T02:02:56.000Z","volume":15000,"price":0.061,"category":"rbear"},{"type":"B","date":"2018-03-16T02:02:17.000Z","volume":10000,"price":0.061,"category":"rbear"},{"type":"B","date":"2018-03-16T01:57:57.000Z","volume":5000,"price":0.061,"category":"rbear"},{"type":"B","date":"2018-03-16T01:36:13.000Z","volume":5000,"price":0.061,"category":"rbear"},{"type":"B","date":"2018-03-16T07:59:50.000Z","volume":505000,"price":0.06,"category":"bbear"},{"type":"B","date":"2018-03-16T06:15:11.000Z","volume":810000,"price":0.061,"category":"bbear"},{"type":"B","date":"2018-03-16T02:32:25.000Z","volume":1000000,"price":0.06,"category":"bbear"},{"type":"B","date":"2018-03-16T01:55:24.000Z","volume":500000,"price":0.061,"category":"bbear"},{"type":"B","date":"2018-03-16T07:59:50.000Z","volume":1170000,"price":0.06,"category":"ubbear"},{"type":"B","date":"2018-03-16T07:59:05.000Z","volume":1170000,"price":0.06,"category":"ubbear"},{"type":"B","date":"2018-03-16T07:11:39.000Z","volume":3000000,"price":0.06,"category":"ubbear"},{"type":"B","date":"2018-03-16T02:23:38.000Z","volume":2000000,"price":0.06,"category":"ubbear"},{"type":"B","date":"2018-03-16T02:23:16.000Z","volume":2005000,"price":0.06,"category":"ubbear"},{"type":"B","date":"2018-03-16T01:53:32.000Z","volume":5300000,"price":0.061,"category":"ubbear"}]