[{"type":"A","date":"2018-03-26T01:33:52.000Z","volume":220000,"label":" ","price":0.057},{"type":"B","date":"2018-03-26T01:34:34.000Z","volume":280000,"label":"Y","price":0.057},{"type":"A","date":"2018-03-26T01:36:29.000Z","volume":5000,"label":" ","price":0.057},{"type":"A","date":"2018-03-26T01:41:40.000Z","volume":150000,"label":" ","price":0.057},{"type":"A","date":"2018-03-26T01:48:29.000Z","volume":25000,"label":" ","price":0.057},{"type":"A","date":"2018-03-26T02:04:51.000Z","volume":100000,"label":" ","price":0.057},{"type":"B","date":"2018-03-26T02:04:56.000Z","volume":40000,"label":" ","price":0.056},{"type":"B","date":"2018-03-26T02:20:58.000Z","volume":230000,"label":" ","price":0.056},{"type":"B","date":"2018-03-26T02:25:53.000Z","volume":300000,"label":" ","price":0.056},{"type":"A","date":"2018-03-26T02:26:00.000Z","volume":20000,"label":" ","price":0.057},{"type":"A","date":"2018-03-26T02:30:46.000Z","volume":500000,"label":" ","price":0.057},{"type":"A","date":"2018-03-26T02:31:14.000Z","volume":40000,"label":" ","price":0.057},{"type":"B","date":"2018-03-26T02:31:21.000Z","volume":40000,"label":" ","price":0.057},{"type":"B","date":"2018-03-26T02:34:50.000Z","volume":25000,"label":" ","price":0.056},{"type":"A","date":"2018-03-26T02:50:31.000Z","volume":15000,"label":" ","price":0.058},{"type":"B","date":"2018-03-26T03:07:45.000Z","volume":15000,"label":" ","price":0.056},{"type":"B","date":"2018-03-26T03:12:58.000Z","volume":1000000,"label":" ","price":0.056},{"type":"A","date":"2018-03-26T03:20:02.000Z","volume":15000,"label":" ","price":0.057},{"type":"A","date":"2018-03-26T03:27:32.000Z","volume":10000,"label":" ","price":0.057},{"type":"A","date":"2018-03-26T03:47:02.000Z","volume":15000,"label":" ","price":0.057},{"type":"B","date":"2018-03-26T05:00:14.000Z","volume":100000,"label":" ","price":0.056},{"type":"A","date":"2018-03-26T05:14:33.000Z","volume":2400000,"label":" ","price":0.057},{"type":"A","date":"2018-03-26T05:14:34.000Z","volume":30000,"label":" ","price":0.057},{"type":"B","date":"2018-03-26T05:14:42.000Z","volume":500000,"label":" ","price":0.056},{"type":"B","date":"2018-03-26T05:28:33.000Z","volume":5000,"label":" ","price":0.056},{"type":"A","date":"2018-03-26T05:28:46.000Z","volume":1000000,"label":" ","price":0.057},{"type":"A","date":"2018-03-26T05:29:05.000Z","volume":30000,"label":" ","price":0.057},{"type":"A","date":"2018-03-26T05:32:35.000Z","volume":35000,"label":" ","price":0.057},{"type":"A","date":"2018-03-26T05:43:31.000Z","volume":900000,"label":" ","price":0.057},{"type":"A","date":"2018-03-26T05:43:35.000Z","volume":45000,"label":" ","price":0.057},{"type":"A","date":"2018-03-26T05:43:46.000Z","volume":1000000,"label":" ","price":0.057},{"type":"A","date":"2018-03-26T05:44:00.000Z","volume":800000,"label":" ","price":0.057},{"type":"A","date":"2018-03-26T05:44:00.000Z","volume":220000,"label":" ","price":0.057},{"type":"A","date":"2018-03-26T05:44:24.000Z","volume":900000,"label":" ","price":0.057},{"type":"A","date":"2018-03-26T05:44:34.000Z","volume":800000,"label":" ","price":0.057},{"type":"A","date":"2018-03-26T05:44:44.000Z","volume":1000000,"label":" ","price":0.057},{"type":"A","date":"2018-03-26T05:44:44.000Z","volume":650000,"label":" ","price":0.057},{"type":"A","date":"2018-03-26T05:45:02.000Z","volume":650000,"label":" ","price":0.057},{"type":"B","date":"2018-03-26T05:45:34.000Z","volume":1000000,"label":" ","price":0.057},{"type":"B","date":"2018-03-26T05:45:43.000Z","volume":600000,"label":" ","price":0.057},{"type":"B","date":"2018-03-26T05:45:52.000Z","volume":1400000,"label":" ","price":0.057},{"type":"B","date":"2018-03-26T05:45:59.000Z","volume":85000,"label":" ","price":0.057},{"type":"A","date":"2018-03-26T05:46:04.000Z","volume":30000,"label":" ","price":0.057},{"type":"B","date":"2018-03-26T05:46:10.000Z","volume":800000,"label":" ","price":0.057},{"type":"B","date":"2018-03-26T05:46:19.000Z","volume":1800000,"label":" ","price":0.057},{"type":"B","date":"2018-03-26T05:46:30.000Z","volume":500000,"label":" ","price":0.057},{"type":"B","date":"2018-03-26T05:46:44.000Z","volume":980000,"label":" ","price":0.057},{"type":"B","date":"2018-03-26T05:47:00.000Z","volume":700000,"label":" ","price":0.057},{"type":"B","date":"2018-03-26T05:47:12.000Z","volume":500000,"label":" ","price":0.057},{"type":"B","date":"2018-03-26T05:47:20.000Z","volume":900000,"label":" ","price":0.057},{"type":"B","date":"2018-03-26T05:47:25.000Z","volume":900000,"label":" ","price":0.057},{"type":"B","date":"2018-03-26T05:47:46.000Z","volume":800000,"label":" ","price":0.057},{"type":"B","date":"2018-03-26T05:47:54.000Z","volume":700000,"label":" ","price":0.057},{"type":"B","date":"2018-03-26T05:48:01.000Z","volume":600000,"label":" ","price":0.057},{"type":"B","date":"2018-03-26T05:48:09.000Z","volume":550000,"label":" ","price":0.057},{"type":"B","date":"2018-03-26T05:48:18.000Z","volume":1350000,"label":" ","price":0.057},{"type":"B","date":"2018-03-26T05:49:53.000Z","volume":850000,"label":" ","price":0.057},{"type":"B","date":"2018-03-26T05:50:01.000Z","volume":650000,"label":" ","price":0.057},{"type":"A","date":"2018-03-26T05:50:27.000Z","volume":600000,"label":" ","price":0.058},{"type":"A","date":"2018-03-26T05:50:42.000Z","volume":400000,"label":" ","price":0.058},{"type":"B","date":"2018-03-26T06:05:09.000Z","volume":300000,"label":" ","price":0.056},{"type":"A","date":"2018-03-26T06:06:06.000Z","volume":90000,"label":" ","price":0.057},{"type":"A","date":"2018-03-26T06:14:36.000Z","volume":15000,"label":" ","price":0.057},{"type":"A","date":"2018-03-26T06:15:37.000Z","volume":35000,"label":" ","price":0.058},{"type":"A","date":"2018-03-26T06:18:07.000Z","volume":40000,"label":" ","price":0.058},{"type":"A","date":"2018-03-26T06:20:37.000Z","volume":45000,"label":" ","price":0.058},{"type":"A","date":"2018-03-26T06:23:37.000Z","volume":45000,"label":" ","price":0.058},{"type":"A","date":"2018-03-26T06:26:37.000Z","volume":35000,"label":" ","price":0.058},{"type":"A","date":"2018-03-26T06:27:07.000Z","volume":200000,"label":" ","price":0.057},{"type":"A","date":"2018-03-26T06:27:54.000Z","volume":50000,"label":" ","price":0.057},{"type":"B","date":"2018-03-26T07:18:04.000Z","volume":5000,"label":" ","price":0.057},{"type":"B","date":"2018-03-26T07:20:11.000Z","volume":85000,"label":" ","price":0.057},{"type":"A","date":"2018-03-26T07:39:37.000Z","volume":35000,"label":" ","price":0.057},{"type":"A","date":"2018-03-26T07:47:49.000Z","volume":5000,"label":" ","price":0.058},{"type":"A","date":"2018-03-26T07:48:05.000Z","volume":5000,"label":" ","price":0.058},{"type":"A","date":"2018-03-26T07:48:49.000Z","volume":5000,"label":" ","price":0.058},{"type":"A","date":"2018-03-26T07:49:05.000Z","volume":5000,"label":" ","price":0.058},{"type":"A","date":"2018-03-26T07:49:19.000Z","volume":5000,"label":" ","price":0.058},{"type":"A","date":"2018-03-26T07:49:49.000Z","volume":5000,"label":" ","price":0.058},{"type":"A","date":"2018-03-26T07:50:05.000Z","volume":5000,"label":" ","price":0.058},{"type":"A","date":"2018-03-26T07:50:19.000Z","volume":5000,"label":" ","price":0.058},{"type":"A","date":"2018-03-26T07:50:35.000Z","volume":5000,"label":" ","price":0.058},{"type":"A","date":"2018-03-26T07:50:49.000Z","volume":5000,"label":" ","price":0.058},{"type":"A","date":"2018-03-26T07:51:05.000Z","volume":5000,"label":" ","price":0.058},{"type":"A","date":"2018-03-26T07:51:19.000Z","volume":5000,"label":" ","price":0.058},{"type":"A","date":"2018-03-26T07:51:35.000Z","volume":5000,"label":" ","price":0.058},{"type":"A","date":"2018-03-26T07:51:49.000Z","volume":5000,"label":" ","price":0.058},{"type":"A","date":"2018-03-26T07:52:05.000Z","volume":5000,"label":" ","price":0.058},{"type":"A","date":"2018-03-26T07:52:19.000Z","volume":5000,"label":" ","price":0.058},{"type":"A","date":"2018-03-26T07:52:49.000Z","volume":5000,"label":" ","price":0.058},{"type":"A","date":"2018-03-26T07:53:05.000Z","volume":5000,"label":" ","price":0.058},{"type":"A","date":"2018-03-26T07:53:19.000Z","volume":5000,"label":" ","price":0.058},{"type":"A","date":"2018-03-26T07:53:35.000Z","volume":5000,"label":" ","price":0.058},{"type":"A","date":"2018-03-26T07:53:50.000Z","volume":5000,"label":" ","price":0.058},{"type":"A","date":"2018-03-26T07:54:05.000Z","volume":5000,"label":" ","price":0.058},{"type":"A","date":"2018-03-26T07:54:20.000Z","volume":5000,"label":" ","price":0.058},{"type":"A","date":"2018-03-26T07:54:35.000Z","volume":5000,"label":" ","price":0.058},{"type":"A","date":"2018-03-26T07:54:50.000Z","volume":5000,"label":" ","price":0.058},{"type":"A","date":"2018-03-26T07:55:00.000Z","volume":5000,"label":" ","price":0.058},{"type":"A","date":"2018-03-26T07:55:00.000Z","volume":5000,"label":" ","price":0.058},{"type":"A","date":"2018-03-26T07:55:35.000Z","volume":5000,"label":" ","price":0.058},{"type":"A","date":"2018-03-26T07:55:50.000Z","volume":10000,"label":" ","price":0.058},{"type":"A","date":"2018-03-26T07:56:05.000Z","volume":5000,"label":" ","price":0.058},{"type":"A","date":"2018-03-26T07:56:20.000Z","volume":5000,"label":" ","price":0.058},{"type":"A","date":"2018-03-26T07:56:35.000Z","volume":10000,"label":" ","price":0.058},{"type":"A","date":"2018-03-26T07:56:50.000Z","volume":10000,"label":" ","price":0.058},{"type":"A","date":"2018-03-26T07:57:05.000Z","volume":5000,"label":" ","price":0.058},{"type":"A","date":"2018-03-26T07:57:20.000Z","volume":10000,"label":" ","price":0.058},{"type":"A","date":"2018-03-26T07:57:35.000Z","volume":5000,"label":" ","price":0.058},{"type":"A","date":"2018-03-26T07:57:50.000Z","volume":5000,"label":" ","price":0.058},{"type":"A","date":"2018-03-26T07:58:05.000Z","volume":10000,"label":" ","price":0.058},{"type":"A","date":"2018-03-26T07:58:20.000Z","volume":10000,"label":" ","price":0.058},{"type":"A","date":"2018-03-26T07:58:35.000Z","volume":5000,"label":" ","price":0.058},{"type":"A","date":"2018-03-26T07:58:50.000Z","volume":10000,"label":" ","price":0.058},{"type":"A","date":"2018-03-26T07:59:05.000Z","volume":10000,"label":" ","price":0.058},{"type":"B","date":"2018-03-26T07:59:07.000Z","volume":5000,"label":" ","price":0.057},{"type":"A","date":"2018-03-26T07:59:20.000Z","volume":15000,"label":" ","price":0.058},{"type":"A","date":"2018-03-26T07:59:30.000Z","volume":10000,"label":" ","price":0.058},{"type":"A","date":"2018-03-26T07:59:30.000Z","volume":5000,"label":" ","price":0.058},{"type":"A","date":"2018-03-26T07:59:55.000Z","volume":15000,"label":" ","price":0.058},{"type":"A","date":"2018-03-26T07:59:55.000Z","volume":15000,"label":" ","price":0.058}]