[{"type":"U","date":"2018-04-12T01:20:00.000Z","volume":32000,"label":"U","price":0.42},{"type":"B","date":"2018-04-12T01:30:26.000Z","volume":6000,"label":" ","price":0.42},{"type":"A","date":"2018-04-12T01:30:55.000Z","volume":180000,"label":" ","price":0.42},{"type":"B","date":"2018-04-12T01:30:55.000Z","volume":4000,"label":" ","price":0.415},{"type":"A","date":"2018-04-12T01:31:48.000Z","volume":6000,"label":" ","price":0.42},{"type":"B","date":"2018-04-12T01:31:49.000Z","volume":2000,"label":" ","price":0.415},{"type":"B","date":"2018-04-12T01:31:49.000Z","volume":2000,"label":" ","price":0.415},{"type":"A","date":"2018-04-12T01:33:46.000Z","volume":8000,"label":" ","price":0.42},{"type":"A","date":"2018-04-12T01:35:34.000Z","volume":4000,"label":" ","price":0.42},{"type":"A","date":"2018-04-12T01:35:50.000Z","volume":190000,"label":" ","price":0.42},{"type":"A","date":"2018-04-12T01:35:50.000Z","volume":6000,"label":" ","price":0.42},{"type":"A","date":"2018-04-12T01:35:50.000Z","volume":20000,"label":" ","price":0.425},{"type":"A","date":"2018-04-12T01:36:09.000Z","volume":2000,"label":" ","price":0.425},{"type":"B","date":"2018-04-12T01:36:47.000Z","volume":2000,"label":" ","price":0.42},{"type":"B","date":"2018-04-12T01:37:35.000Z","volume":2000,"label":" ","price":0.42},{"type":"B","date":"2018-04-12T01:38:23.000Z","volume":2000,"label":" ","price":0.42},{"type":"B","date":"2018-04-12T01:39:09.000Z","volume":2000,"label":" ","price":0.42},{"type":"B","date":"2018-04-12T01:39:55.000Z","volume":2000,"label":" ","price":0.42},{"type":"B","date":"2018-04-12T01:41:02.000Z","volume":2000,"label":" ","price":0.42},{"type":"B","date":"2018-04-12T01:42:02.000Z","volume":2000,"label":" ","price":0.42},{"type":"B","date":"2018-04-12T01:42:36.000Z","volume":2000,"label":" ","price":0.42},{"type":"B","date":"2018-04-12T01:43:46.000Z","volume":50000,"label":" ","price":0.42},{"type":"B","date":"2018-04-12T01:43:47.000Z","volume":464000,"label":" ","price":0.42},{"type":"B","date":"2018-04-12T01:43:50.000Z","volume":2000,"label":" ","price":0.415},{"type":"B","date":"2018-04-12T01:44:07.000Z","volume":22000,"label":" ","price":0.415},{"type":"B","date":"2018-04-12T01:44:07.000Z","volume":2000,"label":" ","price":0.415},{"type":"A","date":"2018-04-12T01:44:34.000Z","volume":264000,"label":" ","price":0.42},{"type":"A","date":"2018-04-12T01:44:36.000Z","volume":14000,"label":" ","price":0.425},{"type":"B","date":"2018-04-12T01:45:08.000Z","volume":8000,"label":" ","price":0.42},{"type":"B","date":"2018-04-12T01:45:19.000Z","volume":228000,"label":"Y","price":0.42},{"type":"B","date":"2018-04-12T01:45:19.000Z","volume":28000,"label":" ","price":0.42},{"type":"B","date":"2018-04-12T01:45:19.000Z","volume":14000,"label":" ","price":0.42},{"type":"B","date":"2018-04-12T01:46:08.000Z","volume":12000,"label":" ","price":0.42},{"type":"A","date":"2018-04-12T01:46:49.000Z","volume":38000,"label":" ","price":0.425},{"type":"B","date":"2018-04-12T01:47:30.000Z","volume":32000,"label":" ","price":0.42},{"type":"A","date":"2018-04-12T01:49:30.000Z","volume":50000,"label":" ","price":0.42},{"type":"A","date":"2018-04-12T01:49:31.000Z","volume":8000,"label":" ","price":0.42},{"type":"A","date":"2018-04-12T01:53:25.000Z","volume":4000,"label":" ","price":0.42},{"type":"A","date":"2018-04-12T01:53:29.000Z","volume":4000,"label":" ","price":0.42},{"type":"A","date":"2018-04-12T01:56:51.000Z","volume":28000,"label":" ","price":0.42},{"type":"A","date":"2018-04-12T01:59:11.000Z","volume":74000,"label":" ","price":0.42},{"type":"A","date":"2018-04-12T01:59:39.000Z","volume":100000,"label":" ","price":0.42},{"type":"A","date":"2018-04-12T01:59:44.000Z","volume":10000,"label":" ","price":0.42},{"type":"A","date":"2018-04-12T02:01:48.000Z","volume":60000,"label":" ","price":0.42},{"type":"A","date":"2018-04-12T02:02:49.000Z","volume":100000,"label":" ","price":0.42},{"type":"A","date":"2018-04-12T02:03:03.000Z","volume":8000,"label":" ","price":0.42},{"type":"A","date":"2018-04-12T02:03:47.000Z","volume":100000,"label":" ","price":0.42},{"type":"A","date":"2018-04-12T02:04:07.000Z","volume":100000,"label":" ","price":0.42},{"type":"A","date":"2018-04-12T02:04:07.000Z","volume":6000,"label":"Y","price":0.42},{"type":"A","date":"2018-04-12T02:04:07.000Z","volume":6000,"label":" ","price":0.42},{"type":"A","date":"2018-04-12T02:04:15.000Z","volume":12000,"label":" ","price":0.42},{"type":"B","date":"2018-04-12T02:04:22.000Z","volume":102000,"label":" ","price":0.42},{"type":"A","date":"2018-04-12T02:04:36.000Z","volume":12000,"label":" ","price":0.42},{"type":"A","date":"2018-04-12T02:05:13.000Z","volume":40000,"label":" ","price":0.42},{"type":"A","date":"2018-04-12T02:05:17.000Z","volume":8000,"label":" ","price":0.42},{"type":"A","date":"2018-04-12T02:05:45.000Z","volume":10000,"label":" ","price":0.42},{"type":"A","date":"2018-04-12T02:08:32.000Z","volume":26000,"label":" ","price":0.42},{"type":"A","date":"2018-04-12T02:08:52.000Z","volume":500000,"label":" ","price":0.42},{"type":"A","date":"2018-04-12T02:08:52.000Z","volume":8000,"label":"Y","price":0.42},{"type":"A","date":"2018-04-12T02:08:52.000Z","volume":20000,"label":" ","price":0.42},{"type":"A","date":"2018-04-12T02:10:06.000Z","volume":24000,"label":" ","price":0.42},{"type":"A","date":"2018-04-12T02:10:47.000Z","volume":2000,"label":" ","price":0.42},{"type":"A","date":"2018-04-12T02:12:53.000Z","volume":34000,"label":" ","price":0.42},{"type":"B","date":"2018-04-12T02:13:49.000Z","volume":100000,"label":" ","price":0.42},{"type":"B","date":"2018-04-12T02:13:49.000Z","volume":44000,"label":" ","price":0.42},{"type":"A","date":"2018-04-12T02:14:09.000Z","volume":12000,"label":" ","price":0.42},{"type":"A","date":"2018-04-12T02:14:10.000Z","volume":6000,"label":" ","price":0.425},{"type":"B","date":"2018-04-12T02:15:54.000Z","volume":18000,"label":" ","price":0.42},{"type":"A","date":"2018-04-12T02:17:09.000Z","volume":72000,"label":" ","price":0.42},{"type":"A","date":"2018-04-12T02:20:34.000Z","volume":20000,"label":" ","price":0.42},{"type":"A","date":"2018-04-12T02:27:27.000Z","volume":124000,"label":" ","price":0.42},{"type":"A","date":"2018-04-12T02:28:21.000Z","volume":120000,"label":" ","price":0.42},{"type":"A","date":"2018-04-12T02:28:25.000Z","volume":10000,"label":"Y","price":0.42},{"type":"A","date":"2018-04-12T02:28:25.000Z","volume":8000,"label":" ","price":0.42},{"type":"A","date":"2018-04-12T02:32:55.000Z","volume":12000,"label":"Y","price":0.42},{"type":"A","date":"2018-04-12T02:33:05.000Z","volume":100000,"label":" ","price":0.42},{"type":"A","date":"2018-04-12T02:33:05.000Z","volume":6000,"label":" ","price":0.42},{"type":"A","date":"2018-04-12T02:37:39.000Z","volume":100000,"label":" ","price":0.42},{"type":"A","date":"2018-04-12T02:37:51.000Z","volume":6000,"label":" ","price":0.42},{"type":"A","date":"2018-04-12T02:46:56.000Z","volume":100000,"label":" ","price":0.42},{"type":"A","date":"2018-04-12T02:46:58.000Z","volume":10000,"label":" ","price":0.42},{"type":"A","date":"2018-04-12T02:54:31.000Z","volume":16000,"label":"Y","price":0.42},{"type":"A","date":"2018-04-12T02:55:42.000Z","volume":18000,"label":" ","price":0.42},{"type":"A","date":"2018-04-12T02:58:59.000Z","volume":6000,"label":"Y","price":0.42},{"type":"A","date":"2018-04-12T03:02:19.000Z","volume":2000,"label":"Y","price":0.42},{"type":"A","date":"2018-04-12T03:02:34.000Z","volume":18000,"label":"Y","price":0.42},{"type":"A","date":"2018-04-12T03:02:34.000Z","volume":22000,"label":" ","price":0.42},{"type":"A","date":"2018-04-12T03:04:54.000Z","volume":10000,"label":" ","price":0.42},{"type":"A","date":"2018-04-12T03:05:02.000Z","volume":20000,"label":" ","price":0.42},{"type":"A","date":"2018-04-12T03:10:32.000Z","volume":2000,"label":" ","price":0.42},{"type":"A","date":"2018-04-12T03:14:19.000Z","volume":200000,"label":" ","price":0.42},{"type":"A","date":"2018-04-12T03:14:19.000Z","volume":150000,"label":" ","price":0.42},{"type":"A","date":"2018-04-12T03:14:19.000Z","volume":8000,"label":"Y","price":0.42},{"type":"A","date":"2018-04-12T03:14:19.000Z","volume":16000,"label":" ","price":0.42},{"type":"A","date":"2018-04-12T03:26:43.000Z","volume":30000,"label":" ","price":0.42},{"type":"A","date":"2018-04-12T03:31:32.000Z","volume":80000,"label":" ","price":0.42},{"type":"B","date":"2018-04-12T03:33:19.000Z","volume":10000,"label":" ","price":0.415},{"type":"A","date":"2018-04-12T03:38:28.000Z","volume":4000,"label":" ","price":0.42},{"type":"A","date":"2018-04-12T03:52:56.000Z","volume":100000,"label":" ","price":0.42},{"type":"A","date":"2018-04-12T03:52:56.000Z","volume":12000,"label":" ","price":0.42},{"type":"A","date":"2018-04-12T05:00:06.000Z","volume":100000,"label":" ","price":0.42},{"type":"A","date":"2018-04-12T05:00:08.000Z","volume":6000,"label":" ","price":0.42},{"type":"B","date":"2018-04-12T05:15:24.000Z","volume":44000,"label":"Y","price":0.415},{"type":"B","date":"2018-04-12T05:15:24.000Z","volume":156000,"label":" ","price":0.415},{"type":"A","date":"2018-04-12T05:15:25.000Z","volume":10000,"label":" ","price":0.42},{"type":"A","date":"2018-04-12T05:34:13.000Z","volume":10000,"label":" ","price":0.42},{"type":"B","date":"2018-04-12T05:34:15.000Z","volume":68000,"label":" ","price":0.415},{"type":"A","date":"2018-04-12T05:37:40.000Z","volume":50000,"label":" ","price":0.42},{"type":"A","date":"2018-04-12T05:38:52.000Z","volume":52000,"label":" ","price":0.42},{"type":"A","date":"2018-04-12T05:38:56.000Z","volume":10000,"label":" ","price":0.42},{"type":"A","date":"2018-04-12T05:43:06.000Z","volume":10000,"label":" ","price":0.42},{"type":"A","date":"2018-04-12T06:02:39.000Z","volume":14000,"label":" ","price":0.42},{"type":"A","date":"2018-04-12T06:04:19.000Z","volume":4000,"label":" ","price":0.42},{"type":"B","date":"2018-04-12T06:17:14.000Z","volume":50000,"label":" ","price":0.415},{"type":"B","date":"2018-04-12T06:17:14.000Z","volume":2000,"label":" ","price":0.415},{"type":"B","date":"2018-04-12T06:30:22.000Z","volume":4046000,"label":" ","price":0.415},{"type":"B","date":"2018-04-12T06:30:22.000Z","volume":2000,"label":" ","price":0.41},{"type":"B","date":"2018-04-12T06:33:45.000Z","volume":50000,"label":" ","price":0.41},{"type":"B","date":"2018-04-12T06:33:46.000Z","volume":2000,"label":" ","price":0.41},{"type":"A","date":"2018-04-12T06:34:23.000Z","volume":30000,"label":" ","price":0.415},{"type":"A","date":"2018-04-12T06:34:42.000Z","volume":12000,"label":" ","price":0.415},{"type":"A","date":"2018-04-12T06:36:43.000Z","volume":490000,"label":" ","price":0.415},{"type":"B","date":"2018-04-12T06:36:43.000Z","volume":22000,"label":" ","price":0.41},{"type":"A","date":"2018-04-12T06:36:43.000Z","volume":24000,"label":" ","price":0.415},{"type":"A","date":"2018-04-12T06:38:05.000Z","volume":100000,"label":" ","price":0.415},{"type":"A","date":"2018-04-12T06:38:08.000Z","volume":6000,"label":" ","price":0.415},{"type":"A","date":"2018-04-12T06:40:35.000Z","volume":300000,"label":" ","price":0.415},{"type":"A","date":"2018-04-12T06:40:35.000Z","volume":14000,"label":" ","price":0.415},{"type":"B","date":"2018-04-12T06:40:38.000Z","volume":4000,"label":" ","price":0.41},{"type":"B","date":"2018-04-12T06:40:43.000Z","volume":14000,"label":" ","price":0.41},{"type":"A","date":"2018-04-12T06:45:40.000Z","volume":2000,"label":" ","price":0.415},{"type":"A","date":"2018-04-12T06:48:17.000Z","volume":14000,"label":" ","price":0.415},{"type":"A","date":"2018-04-12T06:49:17.000Z","volume":4000,"label":" ","price":0.415},{"type":"B","date":"2018-04-12T06:49:34.000Z","volume":50000,"label":" ","price":0.41},{"type":"B","date":"2018-04-12T06:49:34.000Z","volume":2000,"label":" ","price":0.41},{"type":"A","date":"2018-04-12T06:49:36.000Z","volume":6000,"label":" ","price":0.415},{"type":"A","date":"2018-04-12T06:49:43.000Z","volume":6000,"label":" ","price":0.415},{"type":"B","date":"2018-04-12T06:49:43.000Z","volume":2000,"label":" ","price":0.41},{"type":"A","date":"2018-04-12T06:51:21.000Z","volume":2000,"label":" ","price":0.415},{"type":"A","date":"2018-04-12T06:52:05.000Z","volume":4000,"label":" ","price":0.415},{"type":"A","date":"2018-04-12T06:53:31.000Z","volume":20000,"label":" ","price":0.415},{"type":"B","date":"2018-04-12T06:55:42.000Z","volume":100000,"label":" ","price":0.41},{"type":"B","date":"2018-04-12T06:55:42.000Z","volume":2000,"label":" ","price":0.41},{"type":"A","date":"2018-04-12T06:55:44.000Z","volume":6000,"label":" ","price":0.415},{"type":"A","date":"2018-04-12T07:12:29.000Z","volume":30000,"label":" ","price":0.415},{"type":"A","date":"2018-04-12T07:13:02.000Z","volume":4000,"label":" ","price":0.415},{"type":"A","date":"2018-04-12T07:15:59.000Z","volume":4000,"label":" ","price":0.415},{"type":"A","date":"2018-04-12T07:22:16.000Z","volume":10000,"label":" ","price":0.415},{"type":"B","date":"2018-04-12T07:22:16.000Z","volume":2000,"label":" ","price":0.41},{"type":"A","date":"2018-04-12T07:22:18.000Z","volume":4000,"label":" ","price":0.415},{"type":"A","date":"2018-04-12T07:22:25.000Z","volume":4000,"label":" ","price":0.415},{"type":"A","date":"2018-04-12T07:27:20.000Z","volume":4000,"label":" ","price":0.415},{"type":"A","date":"2018-04-12T07:36:28.000Z","volume":50000,"label":" ","price":0.415},{"type":"B","date":"2018-04-12T07:36:28.000Z","volume":2000,"label":" ","price":0.41},{"type":"A","date":"2018-04-12T07:37:47.000Z","volume":200000,"label":" ","price":0.415},{"type":"B","date":"2018-04-12T07:37:47.000Z","volume":8000,"label":" ","price":0.41},{"type":"A","date":"2018-04-12T07:37:49.000Z","volume":14000,"label":" ","price":0.415},{"type":"A","date":"2018-04-12T07:41:03.000Z","volume":300000,"label":" ","price":0.415},{"type":"B","date":"2018-04-12T07:41:03.000Z","volume":14000,"label":" ","price":0.41},{"type":"A","date":"2018-04-12T07:41:06.000Z","volume":16000,"label":" ","price":0.415},{"type":"A","date":"2018-04-12T07:41:38.000Z","volume":100000,"label":" ","price":0.415},{"type":"A","date":"2018-04-12T07:41:40.000Z","volume":6000,"label":" ","price":0.415},{"type":"A","date":"2018-04-12T07:44:10.000Z","volume":10000,"label":" ","price":0.415},{"type":"B","date":"2018-04-12T07:46:04.000Z","volume":44000,"label":" ","price":0.41},{"type":"A","date":"2018-04-12T07:48:54.000Z","volume":10000,"label":" ","price":0.415},{"type":"A","date":"2018-04-12T07:48:57.000Z","volume":108000,"label":" ","price":0.415},{"type":"A","date":"2018-04-12T07:48:58.000Z","volume":8000,"label":" ","price":0.415},{"type":"B","date":"2018-04-12T07:49:19.000Z","volume":8000,"label":" ","price":0.41},{"type":"B","date":"2018-04-12T07:49:31.000Z","volume":18000,"label":" ","price":0.41},{"type":"A","date":"2018-04-12T07:49:47.000Z","volume":4000,"label":" ","price":0.415},{"type":"A","date":"2018-04-12T07:49:59.000Z","volume":4000,"label":" ","price":0.415},{"type":"A","date":"2018-04-12T07:50:07.000Z","volume":4000,"label":" ","price":0.415},{"type":"A","date":"2018-04-12T07:50:18.000Z","volume":4000,"label":" ","price":0.415},{"type":"A","date":"2018-04-12T07:50:28.000Z","volume":30000,"label":" ","price":0.415},{"type":"A","date":"2018-04-12T07:50:36.000Z","volume":8000,"label":" ","price":0.415},{"type":"A","date":"2018-04-12T07:52:51.000Z","volume":50000,"label":" ","price":0.415},{"type":"A","date":"2018-04-12T07:52:54.000Z","volume":8000,"label":" ","price":0.415},{"type":"A","date":"2018-04-12T07:54:14.000Z","volume":10000,"label":" ","price":0.415},{"type":"A","date":"2018-04-12T07:56:01.000Z","volume":100000,"label":" ","price":0.415},{"type":"A","date":"2018-04-12T07:56:04.000Z","volume":6000,"label":" ","price":0.415},{"type":"B","date":"2018-04-12T07:56:17.000Z","volume":8000,"label":" ","price":0.41},{"type":"B","date":"2018-04-12T07:57:45.000Z","volume":100000,"label":" ","price":0.41},{"type":"A","date":"2018-04-12T07:58:57.000Z","volume":4000,"label":" ","price":0.415},{"type":"A","date":"2018-04-12T07:59:19.000Z","volume":22000,"label":" ","price":0.415},{"type":"A","date":"2018-04-12T07:59:22.000Z","volume":2000,"label":" ","price":0.415},{"type":"B","date":"2018-04-12T07:59:22.000Z","volume":6000,"label":" ","price":0.41},{"type":"B","date":"2018-04-12T07:59:27.000Z","volume":6000,"label":" ","price":0.41},{"type":"A","date":"2018-04-12T07:59:55.000Z","volume":2000,"label":" ","price":0.415},{"type":"U","date":"2018-04-12T08:08:38.000Z","volume":162000,"label":"U","price":0.415}]