[{"type":"B","date":"2018-04-20T02:12:13.000Z","volume":4500,"label":" ","price":3.81},{"type":"B","date":"2018-04-20T02:12:13.000Z","volume":15000,"label":"Y","price":3.8},{"type":"B","date":"2018-04-20T02:12:13.000Z","volume":500,"label":" ","price":3.8},{"type":"A","date":"2018-04-20T02:12:17.000Z","volume":500,"label":" ","price":3.84},{"type":"A","date":"2018-04-20T02:23:57.000Z","volume":500,"label":" ","price":3.84},{"type":"A","date":"2018-04-20T02:29:00.000Z","volume":36500,"label":" ","price":3.84},{"type":"B","date":"2018-04-20T02:29:00.000Z","volume":23500,"label":" ","price":3.84},{"type":"B","date":"2018-04-20T02:55:03.000Z","volume":4000,"label":" ","price":3.83},{"type":"B","date":"2018-04-20T02:58:42.000Z","volume":6000,"label":" ","price":3.83},{"type":"B","date":"2018-04-20T02:59:01.000Z","volume":10000,"label":" ","price":3.83},{"type":"B","date":"2018-04-20T02:59:56.000Z","volume":4500,"label":" ","price":3.83},{"type":"A","date":"2018-04-20T03:07:57.000Z","volume":500,"label":" ","price":3.84},{"type":"A","date":"2018-04-20T03:11:12.000Z","volume":1500,"label":" ","price":3.84},{"type":"B","date":"2018-04-20T03:20:09.000Z","volume":4500,"label":" ","price":3.8},{"type":"B","date":"2018-04-20T03:30:47.000Z","volume":1500,"label":" ","price":3.8},{"type":"B","date":"2018-04-20T03:58:53.000Z","volume":500,"label":" ","price":3.78},{"type":"B","date":"2018-04-20T05:00:00.000Z","volume":1000,"label":" ","price":3.78},{"type":"A","date":"2018-04-20T05:07:28.000Z","volume":500,"label":" ","price":3.78},{"type":"B","date":"2018-04-20T05:22:04.000Z","volume":5500,"label":" ","price":3.76},{"type":"B","date":"2018-04-20T05:22:04.000Z","volume":4500,"label":" ","price":3.75},{"type":"A","date":"2018-04-20T05:29:14.000Z","volume":500,"label":" ","price":3.8},{"type":"B","date":"2018-04-20T06:13:06.000Z","volume":1500,"label":" ","price":3.78},{"type":"A","date":"2018-04-20T06:23:04.000Z","volume":500,"label":" ","price":3.8},{"type":"A","date":"2018-04-20T06:32:34.000Z","volume":5000,"label":" ","price":3.79},{"type":"A","date":"2018-04-20T06:33:39.000Z","volume":500,"label":" ","price":3.79},{"type":"A","date":"2018-04-20T06:35:32.000Z","volume":500,"label":" ","price":3.79},{"type":"A","date":"2018-04-20T06:35:43.000Z","volume":10000,"label":" ","price":3.79},{"type":"B","date":"2018-04-20T07:13:33.000Z","volume":3000,"label":" ","price":3.77},{"type":"B","date":"2018-04-20T07:44:03.000Z","volume":1500,"label":" ","price":3.78},{"type":"B","date":"2018-04-20T07:58:50.000Z","volume":1000,"label":" ","price":3.77},{"type":"A","date":"2018-04-20T07:59:17.000Z","volume":500,"label":" ","price":3.78},{"type":"A","date":"2018-04-20T07:59:20.000Z","volume":500,"label":" ","price":3.78}]