[{"type":"U","date":"2018-04-18T01:20:00.000Z","volume":150000,"label":"U","price":0.57},{"type":"A","date":"2018-04-18T01:30:30.000Z","volume":10000,"label":" ","price":0.57},{"type":"B","date":"2018-04-18T01:36:40.000Z","volume":100000,"label":" ","price":0.57},{"type":"B","date":"2018-04-18T01:38:16.000Z","volume":40000,"label":" ","price":0.57},{"type":"A","date":"2018-04-18T01:49:47.000Z","volume":30000,"label":" ","price":0.58},{"type":"A","date":"2018-04-18T02:09:08.000Z","volume":40000,"label":" ","price":0.58},{"type":"A","date":"2018-04-18T02:26:33.000Z","volume":2000,"label":" ","price":0.58},{"type":"B","date":"2018-04-18T02:27:51.000Z","volume":100000,"label":" ","price":0.57},{"type":"B","date":"2018-04-18T02:28:36.000Z","volume":100000,"label":" ","price":0.57},{"type":"B","date":"2018-04-18T02:28:49.000Z","volume":120000,"label":" ","price":0.57},{"type":"A","date":"2018-04-18T02:28:50.000Z","volume":200000,"label":" ","price":0.58},{"type":"B","date":"2018-04-18T02:47:48.000Z","volume":282000,"label":" ","price":0.57},{"type":"A","date":"2018-04-18T02:58:40.000Z","volume":186000,"label":" ","price":0.57},{"type":"B","date":"2018-04-18T02:58:40.000Z","volume":14000,"label":" ","price":0.57},{"type":"B","date":"2018-04-18T03:05:21.000Z","volume":240000,"label":" ","price":0.57},{"type":"B","date":"2018-04-18T03:26:58.000Z","volume":40000,"label":" ","price":0.57},{"type":"B","date":"2018-04-18T03:28:43.000Z","volume":8000,"label":" ","price":0.57},{"type":"A","date":"2018-04-18T03:41:16.000Z","volume":80000,"label":" ","price":0.58},{"type":"B","date":"2018-04-18T03:42:06.000Z","volume":100000,"label":" ","price":0.57},{"type":"B","date":"2018-04-18T03:46:42.000Z","volume":76000,"label":" ","price":0.57},{"type":"B","date":"2018-04-18T05:20:50.000Z","volume":248000,"label":" ","price":0.57},{"type":"U","date":"2018-04-18T05:21:59.000Z","volume":423,"label":"D","price":0.55},{"type":"A","date":"2018-04-18T05:30:15.000Z","volume":2000,"label":" ","price":0.58},{"type":"B","date":"2018-04-18T05:33:40.000Z","volume":12000,"label":" ","price":0.57},{"type":"A","date":"2018-04-18T05:46:43.000Z","volume":100000,"label":" ","price":0.58},{"type":"A","date":"2018-04-18T06:16:13.000Z","volume":2000,"label":" ","price":0.58},{"type":"U","date":"2018-04-18T06:32:13.000Z","volume":1000,"label":"D","price":0.54},{"type":"B","date":"2018-04-18T06:37:34.000Z","volume":2000,"label":" ","price":0.57},{"type":"U","date":"2018-04-18T06:57:36.000Z","volume":200,"label":"D","price":0.54},{"type":"A","date":"2018-04-18T07:03:52.000Z","volume":2000,"label":" ","price":0.58},{"type":"A","date":"2018-04-18T07:19:03.000Z","volume":12000,"label":" ","price":0.58},{"type":"B","date":"2018-04-18T07:28:14.000Z","volume":6000,"label":" ","price":0.57},{"type":"U","date":"2018-04-18T07:28:23.000Z","volume":400,"label":"D","price":0.53},{"type":"A","date":"2018-04-18T07:43:58.000Z","volume":100000,"label":" ","price":0.58}]