[{"type":"B","date":"2018-04-10T02:10:49.000Z","volume":16000,"label":" ","price":0.66},{"type":"B","date":"2018-04-10T05:54:01.000Z","volume":24000,"label":" ","price":0.66},{"type":"A","date":"2018-04-10T06:05:20.000Z","volume":4000,"label":" ","price":0.67},{"type":"A","date":"2018-04-10T06:49:11.000Z","volume":16000,"label":" ","price":0.67},{"type":"A","date":"2018-04-10T07:39:37.000Z","volume":500000,"label":" ","price":0.67},{"type":"A","date":"2018-04-10T07:41:40.000Z","volume":368000,"label":" ","price":0.67},{"type":"A","date":"2018-04-10T07:50:17.000Z","volume":500000,"label":" ","price":0.68},{"type":"A","date":"2018-04-10T07:54:46.000Z","volume":500000,"label":" ","price":0.68},{"type":"B","date":"2018-04-10T07:59:02.000Z","volume":8000,"label":" ","price":0.67},{"type":"B","date":"2018-04-10T07:59:05.000Z","volume":4000,"label":" ","price":0.67},{"type":"B","date":"2018-04-10T07:59:05.000Z","volume":12000,"label":" ","price":0.67},{"type":"B","date":"2018-04-10T07:59:07.000Z","volume":4000,"label":" ","price":0.67},{"type":"B","date":"2018-04-10T07:59:07.000Z","volume":12000,"label":" ","price":0.67},{"type":"B","date":"2018-04-10T07:59:10.000Z","volume":4000,"label":" ","price":0.67},{"type":"B","date":"2018-04-10T07:59:10.000Z","volume":12000,"label":" ","price":0.67},{"type":"B","date":"2018-04-10T07:59:12.000Z","volume":4000,"label":" ","price":0.67},{"type":"B","date":"2018-04-10T07:59:12.000Z","volume":8000,"label":" ","price":0.67},{"type":"B","date":"2018-04-10T07:59:15.000Z","volume":4000,"label":" ","price":0.67},{"type":"B","date":"2018-04-10T07:59:15.000Z","volume":12000,"label":" ","price":0.67},{"type":"B","date":"2018-04-10T07:59:17.000Z","volume":4000,"label":" ","price":0.67},{"type":"B","date":"2018-04-10T07:59:17.000Z","volume":12000,"label":" ","price":0.67},{"type":"A","date":"2018-04-10T07:59:20.000Z","volume":24000,"label":" ","price":0.68},{"type":"B","date":"2018-04-10T07:59:20.000Z","volume":4000,"label":" ","price":0.67},{"type":"B","date":"2018-04-10T07:59:20.000Z","volume":12000,"label":" ","price":0.67},{"type":"B","date":"2018-04-10T07:59:22.000Z","volume":8000,"label":" ","price":0.67},{"type":"B","date":"2018-04-10T07:59:25.000Z","volume":4000,"label":" ","price":0.67},{"type":"B","date":"2018-04-10T07:59:25.000Z","volume":12000,"label":" ","price":0.67},{"type":"B","date":"2018-04-10T07:59:27.000Z","volume":4000,"label":" ","price":0.67},{"type":"B","date":"2018-04-10T07:59:27.000Z","volume":12000,"label":" ","price":0.67},{"type":"B","date":"2018-04-10T07:59:30.000Z","volume":4000,"label":" ","price":0.67},{"type":"B","date":"2018-04-10T07:59:30.000Z","volume":12000,"label":" ","price":0.67},{"type":"A","date":"2018-04-10T07:59:31.000Z","volume":4000,"label":" ","price":0.68},{"type":"B","date":"2018-04-10T07:59:32.000Z","volume":4000,"label":" ","price":0.67},{"type":"B","date":"2018-04-10T07:59:32.000Z","volume":8000,"label":" ","price":0.67},{"type":"B","date":"2018-04-10T07:59:35.000Z","volume":4000,"label":" ","price":0.67},{"type":"B","date":"2018-04-10T07:59:35.000Z","volume":12000,"label":" ","price":0.67},{"type":"B","date":"2018-04-10T07:59:37.000Z","volume":4000,"label":" ","price":0.67},{"type":"B","date":"2018-04-10T07:59:37.000Z","volume":12000,"label":" ","price":0.67},{"type":"B","date":"2018-04-10T07:59:40.000Z","volume":4000,"label":" ","price":0.67},{"type":"B","date":"2018-04-10T07:59:40.000Z","volume":12000,"label":" ","price":0.67},{"type":"B","date":"2018-04-10T07:59:42.000Z","volume":8000,"label":" ","price":0.67},{"type":"A","date":"2018-04-10T07:59:44.000Z","volume":4000,"label":" ","price":0.68},{"type":"B","date":"2018-04-10T07:59:45.000Z","volume":4000,"label":" ","price":0.67},{"type":"B","date":"2018-04-10T07:59:45.000Z","volume":12000,"label":" ","price":0.67},{"type":"B","date":"2018-04-10T07:59:47.000Z","volume":12000,"label":" ","price":0.67},{"type":"B","date":"2018-04-10T07:59:47.000Z","volume":4000,"label":" ","price":0.67},{"type":"B","date":"2018-04-10T07:59:55.000Z","volume":20000,"label":" ","price":0.67},{"type":"B","date":"2018-04-10T07:59:55.000Z","volume":56000,"label":" ","price":0.67},{"type":"A","date":"2018-04-10T07:59:55.000Z","volume":4000,"label":" ","price":0.68}]