[{"type":"U","date":"2018-03-27T01:20:00.000Z","volume":4000,"label":"U","price":3},{"type":"B","date":"2018-03-27T01:45:43.000Z","volume":6000,"label":"Y","price":3.01},{"type":"B","date":"2018-03-27T01:45:43.000Z","volume":14000,"label":" ","price":3.01},{"type":"B","date":"2018-03-27T01:45:43.000Z","volume":24000,"label":" ","price":3},{"type":"B","date":"2018-03-27T01:45:43.000Z","volume":2000,"label":" ","price":3},{"type":"A","date":"2018-03-27T01:45:43.000Z","volume":2000,"label":" ","price":3},{"type":"A","date":"2018-03-27T01:45:44.000Z","volume":2000,"label":" ","price":3},{"type":"B","date":"2018-03-27T01:45:54.000Z","volume":2000,"label":" ","price":2.99},{"type":"B","date":"2018-03-27T01:45:54.000Z","volume":2000,"label":" ","price":2.99},{"type":"B","date":"2018-03-27T01:45:54.000Z","volume":2000,"label":" ","price":2.99},{"type":"U","date":"2018-03-27T01:45:54.000Z","volume":172000,"label":"X","price":2.995},{"type":"U","date":"2018-03-27T01:45:55.000Z","volume":2000,"label":"X","price":2.995},{"type":"U","date":"2018-03-27T01:47:49.000Z","volume":2000,"label":"X","price":2.99},{"type":"A","date":"2018-03-27T01:55:51.000Z","volume":6000,"label":" ","price":3},{"type":"A","date":"2018-03-27T01:55:52.000Z","volume":2000,"label":" ","price":3},{"type":"U","date":"2018-03-27T01:56:19.000Z","volume":2000,"label":"X","price":2.99},{"type":"U","date":"2018-03-27T02:02:54.000Z","volume":2000,"label":"X","price":2.99},{"type":"B","date":"2018-03-27T02:05:32.000Z","volume":6000,"label":" ","price":2.98},{"type":"B","date":"2018-03-27T02:05:32.000Z","volume":8000,"label":" ","price":2.97},{"type":"A","date":"2018-03-27T02:05:33.000Z","volume":2000,"label":" ","price":2.99},{"type":"U","date":"2018-03-27T02:07:17.000Z","volume":735,"label":"D","price":2.93},{"type":"B","date":"2018-03-27T02:10:22.000Z","volume":2000,"label":" ","price":2.97},{"type":"U","date":"2018-03-27T02:10:23.000Z","volume":10000,"label":"X","price":2.97},{"type":"U","date":"2018-03-27T02:10:25.000Z","volume":2000,"label":"X","price":2.97},{"type":"U","date":"2018-03-27T02:10:25.000Z","volume":8000,"label":"X","price":2.97},{"type":"U","date":"2018-03-27T02:10:30.000Z","volume":6000,"label":"X","price":2.97},{"type":"U","date":"2018-03-27T02:11:24.000Z","volume":2000,"label":"X","price":2.97},{"type":"A","date":"2018-03-27T02:14:10.000Z","volume":4000,"label":" ","price":2.98},{"type":"A","date":"2018-03-27T02:14:10.000Z","volume":6000,"label":" ","price":2.99},{"type":"A","date":"2018-03-27T02:14:11.000Z","volume":2000,"label":" ","price":2.99},{"type":"U","date":"2018-03-27T02:27:54.000Z","volume":2000,"label":"X","price":2.975},{"type":"A","date":"2018-03-27T02:35:48.000Z","volume":2000,"label":"Y","price":2.99},{"type":"U","date":"2018-03-27T02:35:55.000Z","volume":2000,"label":"X","price":2.98},{"type":"U","date":"2018-03-27T02:39:09.000Z","volume":2000,"label":"X","price":2.985},{"type":"A","date":"2018-03-27T02:41:18.000Z","volume":2000,"label":"Y","price":2.99},{"type":"A","date":"2018-03-27T02:41:43.000Z","volume":2000,"label":" ","price":2.99},{"type":"A","date":"2018-03-27T02:41:44.000Z","volume":2000,"label":" ","price":2.99},{"type":"U","date":"2018-03-27T02:41:50.000Z","volume":2000,"label":"X","price":2.985},{"type":"A","date":"2018-03-27T02:46:18.000Z","volume":2000,"label":"Y","price":2.99},{"type":"U","date":"2018-03-27T02:49:55.000Z","volume":2000,"label":"X","price":2.985},{"type":"A","date":"2018-03-27T02:52:18.000Z","volume":2000,"label":"Y","price":2.99},{"type":"B","date":"2018-03-27T02:56:25.000Z","volume":10000,"label":"Y","price":2.98},{"type":"B","date":"2018-03-27T02:56:25.000Z","volume":10000,"label":" ","price":2.98},{"type":"U","date":"2018-03-27T02:57:55.000Z","volume":2000,"label":"X","price":2.975},{"type":"B","date":"2018-03-27T03:03:15.000Z","volume":2000,"label":" ","price":2.97},{"type":"U","date":"2018-03-27T03:05:55.000Z","volume":2000,"label":"X","price":2.975},{"type":"A","date":"2018-03-27T03:07:37.000Z","volume":4000,"label":" ","price":2.98},{"type":"U","date":"2018-03-27T03:13:59.000Z","volume":2000,"label":"X","price":2.975},{"type":"U","date":"2018-03-27T03:19:40.000Z","volume":2000,"label":"X","price":2.975},{"type":"A","date":"2018-03-27T03:21:38.000Z","volume":8000,"label":" ","price":2.98},{"type":"A","date":"2018-03-27T03:21:39.000Z","volume":2000,"label":" ","price":2.98},{"type":"U","date":"2018-03-27T03:30:05.000Z","volume":2000,"label":"X","price":2.975},{"type":"A","date":"2018-03-27T03:31:50.000Z","volume":2000,"label":"Y","price":2.98},{"type":"A","date":"2018-03-27T03:38:50.000Z","volume":2000,"label":"Y","price":2.98},{"type":"A","date":"2018-03-27T03:44:17.000Z","volume":2000,"label":"Y","price":2.98},{"type":"A","date":"2018-03-27T03:46:51.000Z","volume":2000,"label":"Y","price":2.98},{"type":"A","date":"2018-03-27T03:47:09.000Z","volume":2000,"label":" ","price":2.98},{"type":"U","date":"2018-03-27T03:52:29.000Z","volume":2000,"label":"X","price":2.975},{"type":"A","date":"2018-03-27T03:54:51.000Z","volume":2000,"label":"Y","price":2.98},{"type":"A","date":"2018-03-27T05:00:03.000Z","volume":50000,"label":" ","price":2.98},{"type":"A","date":"2018-03-27T05:00:03.000Z","volume":26000,"label":" ","price":2.98},{"type":"A","date":"2018-03-27T05:00:04.000Z","volume":10000,"label":" ","price":3},{"type":"A","date":"2018-03-27T05:00:04.000Z","volume":6000,"label":" ","price":3.03},{"type":"A","date":"2018-03-27T05:00:06.000Z","volume":2000,"label":" ","price":3.03},{"type":"U","date":"2018-03-27T05:00:16.000Z","volume":6000,"label":"X","price":2.975},{"type":"A","date":"2018-03-27T05:06:23.000Z","volume":2000,"label":" ","price":3.02},{"type":"U","date":"2018-03-27T05:14:02.000Z","volume":2000,"label":"X","price":3.01},{"type":"A","date":"2018-03-27T05:21:24.000Z","volume":2000,"label":" ","price":3.02},{"type":"A","date":"2018-03-27T05:21:47.000Z","volume":2000,"label":" ","price":3.02},{"type":"U","date":"2018-03-27T05:21:47.000Z","volume":2000,"label":"X","price":3.015},{"type":"U","date":"2018-03-27T05:22:17.000Z","volume":2000,"label":"X","price":3.015},{"type":"A","date":"2018-03-27T05:29:55.000Z","volume":2000,"label":" ","price":3.02},{"type":"U","date":"2018-03-27T05:30:32.000Z","volume":2000,"label":"X","price":3.015},{"type":"A","date":"2018-03-27T05:31:19.000Z","volume":2000,"label":" ","price":3.02},{"type":"A","date":"2018-03-27T05:31:32.000Z","volume":2000,"label":" ","price":3.02},{"type":"U","date":"2018-03-27T05:35:27.000Z","volume":2000,"label":"X","price":3.015},{"type":"A","date":"2018-03-27T05:38:25.000Z","volume":2000,"label":" ","price":3.02},{"type":"U","date":"2018-03-27T05:43:52.000Z","volume":2000,"label":"X","price":3.02},{"type":"A","date":"2018-03-27T05:47:27.000Z","volume":2000,"label":" ","price":3.03},{"type":"U","date":"2018-03-27T05:52:22.000Z","volume":2000,"label":"X","price":3.02},{"type":"A","date":"2018-03-27T05:56:27.000Z","volume":2000,"label":" ","price":3.03},{"type":"U","date":"2018-03-27T06:00:47.000Z","volume":2000,"label":"X","price":3.02},{"type":"A","date":"2018-03-27T06:04:57.000Z","volume":2000,"label":" ","price":3.03},{"type":"U","date":"2018-03-27T06:09:12.000Z","volume":2000,"label":"X","price":3.02},{"type":"U","date":"2018-03-27T06:13:32.000Z","volume":2000,"label":"X","price":3.02},{"type":"A","date":"2018-03-27T06:13:58.000Z","volume":2000,"label":" ","price":3.03},{"type":"A","date":"2018-03-27T06:18:21.000Z","volume":2000,"label":" ","price":3.02},{"type":"U","date":"2018-03-27T06:22:17.000Z","volume":2000,"label":"X","price":3.02},{"type":"A","date":"2018-03-27T06:22:28.000Z","volume":2000,"label":" ","price":3.03},{"type":"A","date":"2018-03-27T06:22:32.000Z","volume":2000,"label":" ","price":3.03},{"type":"U","date":"2018-03-27T06:31:02.000Z","volume":2000,"label":"X","price":3.02},{"type":"A","date":"2018-03-27T06:31:29.000Z","volume":2000,"label":" ","price":3.03},{"type":"U","date":"2018-03-27T06:39:53.000Z","volume":2000,"label":"X","price":3.02},{"type":"A","date":"2018-03-27T06:40:59.000Z","volume":2000,"label":" ","price":3.03},{"type":"U","date":"2018-03-27T06:49:48.000Z","volume":2000,"label":"X","price":3.025},{"type":"A","date":"2018-03-27T06:50:00.000Z","volume":2000,"label":" ","price":3.03},{"type":"U","date":"2018-03-27T06:51:48.000Z","volume":2000,"label":"X","price":3.025},{"type":"A","date":"2018-03-27T06:59:00.000Z","volume":2000,"label":" ","price":3.03},{"type":"U","date":"2018-03-27T07:01:23.000Z","volume":2000,"label":"X","price":3.025},{"type":"A","date":"2018-03-27T07:03:34.000Z","volume":2000,"label":" ","price":3.03},{"type":"A","date":"2018-03-27T07:06:53.000Z","volume":2000,"label":"Y","price":3.03},{"type":"A","date":"2018-03-27T07:08:01.000Z","volume":2000,"label":"Y","price":3.03},{"type":"U","date":"2018-03-27T07:11:53.000Z","volume":2000,"label":"X","price":3.025},{"type":"A","date":"2018-03-27T07:17:02.000Z","volume":2000,"label":"Y","price":3.03},{"type":"A","date":"2018-03-27T07:17:02.000Z","volume":2000,"label":" ","price":3.03},{"type":"U","date":"2018-03-27T07:23:33.000Z","volume":2000,"label":"X","price":3.025},{"type":"A","date":"2018-03-27T07:24:02.000Z","volume":2000,"label":"Y","price":3.03},{"type":"A","date":"2018-03-27T07:30:32.000Z","volume":2000,"label":"Y","price":3.03},{"type":"U","date":"2018-03-27T07:35:13.000Z","volume":2000,"label":"X","price":3.025},{"type":"A","date":"2018-03-27T07:39:03.000Z","volume":2000,"label":"Y","price":3.03},{"type":"A","date":"2018-03-27T07:39:24.000Z","volume":2000,"label":"Y","price":3.03},{"type":"A","date":"2018-03-27T07:44:33.000Z","volume":2000,"label":"Y","price":3.03},{"type":"U","date":"2018-03-27T07:47:08.000Z","volume":2000,"label":"X","price":3.025},{"type":"A","date":"2018-03-27T07:49:04.000Z","volume":2000,"label":"Y","price":3.03},{"type":"A","date":"2018-03-27T07:53:34.000Z","volume":2000,"label":"Y","price":3.03},{"type":"A","date":"2018-03-27T07:53:47.000Z","volume":2000,"label":" ","price":3.03},{"type":"A","date":"2018-03-27T07:56:04.000Z","volume":2000,"label":"Y","price":3.03},{"type":"B","date":"2018-03-27T07:59:01.000Z","volume":2000,"label":" ","price":3.02},{"type":"B","date":"2018-03-27T07:59:16.000Z","volume":2000,"label":" ","price":3.02},{"type":"A","date":"2018-03-27T07:59:25.000Z","volume":2000,"label":"Y","price":3.03},{"type":"A","date":"2018-03-27T07:59:26.000Z","volume":2000,"label":" ","price":3.03},{"type":"A","date":"2018-03-27T07:59:30.000Z","volume":2000,"label":"Y","price":3.03}]