[{"type":"A","date":"2018-05-04T01:31:35.000Z","volume":700000,"label":" ","price":0.285},{"type":"A","date":"2018-05-04T01:31:36.000Z","volume":60000,"label":" ","price":0.285},{"type":"B","date":"2018-05-04T01:36:41.000Z","volume":10000,"label":" ","price":0.28},{"type":"A","date":"2018-05-04T01:40:59.000Z","volume":490000,"label":" ","price":0.285},{"type":"A","date":"2018-05-04T01:40:59.000Z","volume":10000,"label":" ","price":0.29},{"type":"U","date":"2018-05-04T01:41:00.000Z","volume":30000,"label":"Y","price":0.285},{"type":"B","date":"2018-05-04T01:59:09.000Z","volume":720000,"label":" ","price":0.28},{"type":"B","date":"2018-05-04T01:59:09.000Z","volume":270000,"label":" ","price":0.28},{"type":"B","date":"2018-05-04T01:59:09.000Z","volume":170000,"label":" ","price":0.28},{"type":"U","date":"2018-05-04T02:02:00.000Z","volume":20000,"label":" ","price":0.28},{"type":"B","date":"2018-05-04T02:04:05.000Z","volume":190000,"label":" ","price":0.28},{"type":"B","date":"2018-05-04T02:04:05.000Z","volume":10000,"label":" ","price":0.275},{"type":"A","date":"2018-05-04T02:04:20.000Z","volume":10000,"label":" ","price":0.28},{"type":"A","date":"2018-05-04T02:23:52.000Z","volume":1000000,"label":" ","price":0.28},{"type":"A","date":"2018-05-04T02:48:02.000Z","volume":690000,"label":" ","price":0.28},{"type":"A","date":"2018-05-04T02:48:02.000Z","volume":110000,"label":" ","price":0.285},{"type":"B","date":"2018-05-04T02:58:55.000Z","volume":30000,"label":" ","price":0.28},{"type":"B","date":"2018-05-04T03:01:31.000Z","volume":30000,"label":" ","price":0.28},{"type":"B","date":"2018-05-04T03:21:42.000Z","volume":290000,"label":" ","price":0.28},{"type":"B","date":"2018-05-04T03:21:42.000Z","volume":10000,"label":" ","price":0.275},{"type":"A","date":"2018-05-04T03:39:35.000Z","volume":10000,"label":" ","price":0.28},{"type":"B","date":"2018-05-04T03:40:23.000Z","volume":40000,"label":" ","price":0.28},{"type":"A","date":"2018-05-04T03:44:42.000Z","volume":300000,"label":" ","price":0.28},{"type":"A","date":"2018-05-04T03:46:19.000Z","volume":160000,"label":" ","price":0.28},{"type":"B","date":"2018-05-04T03:52:11.000Z","volume":30000,"label":" ","price":0.28},{"type":"B","date":"2018-05-04T03:54:29.000Z","volume":30000,"label":" ","price":0.28},{"type":"B","date":"2018-05-04T03:57:53.000Z","volume":30000,"label":" ","price":0.28},{"type":"A","date":"2018-05-04T05:03:21.000Z","volume":200000,"label":" ","price":0.285},{"type":"A","date":"2018-05-04T05:09:01.000Z","volume":50000,"label":" ","price":0.285},{"type":"A","date":"2018-05-04T05:25:36.000Z","volume":40000,"label":" ","price":0.285},{"type":"B","date":"2018-05-04T05:30:17.000Z","volume":250000,"label":" ","price":0.28},{"type":"A","date":"2018-05-04T05:38:56.000Z","volume":50000,"label":" ","price":0.28},{"type":"B","date":"2018-05-04T05:47:05.000Z","volume":90000,"label":" ","price":0.28},{"type":"A","date":"2018-05-04T05:49:37.000Z","volume":10000,"label":" ","price":0.28},{"type":"A","date":"2018-05-04T05:52:03.000Z","volume":300000,"label":" ","price":0.285},{"type":"U","date":"2018-05-04T05:53:11.000Z","volume":2400,"label":"D","price":0.26},{"type":"B","date":"2018-05-04T05:54:26.000Z","volume":60000,"label":" ","price":0.28},{"type":"A","date":"2018-05-04T05:59:27.000Z","volume":40000,"label":" ","price":0.28},{"type":"B","date":"2018-05-04T06:07:12.000Z","volume":10000,"label":" ","price":0.28},{"type":"B","date":"2018-05-04T06:08:23.000Z","volume":50000,"label":" ","price":0.28},{"type":"A","date":"2018-05-04T06:08:53.000Z","volume":50000,"label":" ","price":0.28},{"type":"A","date":"2018-05-04T06:08:53.000Z","volume":50000,"label":" ","price":0.285},{"type":"A","date":"2018-05-04T06:25:16.000Z","volume":200000,"label":" ","price":0.28},{"type":"B","date":"2018-05-04T07:28:49.000Z","volume":50000,"label":" ","price":0.28},{"type":"A","date":"2018-05-04T07:39:34.000Z","volume":50000,"label":" ","price":0.285},{"type":"B","date":"2018-05-04T07:59:42.000Z","volume":30000,"label":" ","price":0.28}]