[{"type":"B","date":"2018-04-04T02:27:03.000Z","volume":1422000,"label":" ","price":0.29},{"type":"B","date":"2018-04-04T02:27:12.000Z","volume":18000,"label":"Y","price":0.285},{"type":"B","date":"2018-04-04T02:27:12.000Z","volume":260000,"label":" ","price":0.285},{"type":"B","date":"2018-04-04T02:27:13.000Z","volume":16000,"label":" ","price":0.28},{"type":"B","date":"2018-04-04T02:27:13.000Z","volume":24000,"label":" ","price":0.28},{"type":"B","date":"2018-04-04T02:27:14.000Z","volume":56000,"label":" ","price":0.28},{"type":"B","date":"2018-04-04T02:27:18.000Z","volume":80000,"label":" ","price":0.28},{"type":"A","date":"2018-04-04T02:27:39.000Z","volume":10000,"label":" ","price":0.285},{"type":"A","date":"2018-04-04T02:27:54.000Z","volume":48000,"label":" ","price":0.285},{"type":"A","date":"2018-04-04T02:28:07.000Z","volume":2000,"label":" ","price":0.29},{"type":"A","date":"2018-04-04T02:28:17.000Z","volume":2000,"label":" ","price":0.29},{"type":"B","date":"2018-04-04T02:36:53.000Z","volume":2000,"label":" ","price":0.285},{"type":"A","date":"2018-04-04T02:37:07.000Z","volume":2000,"label":" ","price":0.29},{"type":"B","date":"2018-04-04T02:39:42.000Z","volume":100000,"label":" ","price":0.285},{"type":"A","date":"2018-04-04T02:39:50.000Z","volume":2000,"label":" ","price":0.29},{"type":"A","date":"2018-04-04T02:41:01.000Z","volume":4000,"label":" ","price":0.285},{"type":"A","date":"2018-04-04T02:41:49.000Z","volume":76000,"label":" ","price":0.285},{"type":"A","date":"2018-04-04T02:41:49.000Z","volume":24000,"label":" ","price":0.29},{"type":"A","date":"2018-04-04T02:45:50.000Z","volume":20000,"label":" ","price":0.285},{"type":"A","date":"2018-04-04T02:48:03.000Z","volume":10000,"label":" ","price":0.285},{"type":"A","date":"2018-04-04T02:48:09.000Z","volume":22000,"label":" ","price":0.285},{"type":"A","date":"2018-04-04T02:48:14.000Z","volume":2000,"label":" ","price":0.29},{"type":"A","date":"2018-04-04T02:54:32.000Z","volume":800000,"label":" ","price":0.29},{"type":"A","date":"2018-04-04T02:54:38.000Z","volume":8000,"label":" ","price":0.29},{"type":"A","date":"2018-04-04T02:55:42.000Z","volume":2000,"label":" ","price":0.295},{"type":"B","date":"2018-04-04T03:02:47.000Z","volume":2000,"label":" ","price":0.29},{"type":"A","date":"2018-04-04T03:02:55.000Z","volume":2000,"label":" ","price":0.295},{"type":"B","date":"2018-04-04T03:09:48.000Z","volume":2000,"label":" ","price":0.285},{"type":"A","date":"2018-04-04T03:11:19.000Z","volume":2000,"label":" ","price":0.295},{"type":"B","date":"2018-04-04T03:17:09.000Z","volume":2000,"label":" ","price":0.285},{"type":"A","date":"2018-04-04T03:17:14.000Z","volume":2000,"label":" ","price":0.295},{"type":"B","date":"2018-04-04T03:24:39.000Z","volume":2000,"label":" ","price":0.285},{"type":"A","date":"2018-04-04T03:26:09.000Z","volume":2000,"label":" ","price":0.295},{"type":"B","date":"2018-04-04T03:32:41.000Z","volume":2000,"label":" ","price":0.285},{"type":"B","date":"2018-04-04T03:36:51.000Z","volume":2000,"label":" ","price":0.285},{"type":"B","date":"2018-04-04T03:46:12.000Z","volume":2000,"label":" ","price":0.285},{"type":"A","date":"2018-04-04T03:47:31.000Z","volume":4000,"label":" ","price":0.29},{"type":"A","date":"2018-04-04T05:00:00.000Z","volume":2000,"label":" ","price":0.295},{"type":"A","date":"2018-04-04T05:08:27.000Z","volume":680000,"label":" ","price":0.295},{"type":"A","date":"2018-04-04T05:08:51.000Z","volume":658000,"label":" ","price":0.295},{"type":"B","date":"2018-04-04T05:12:51.000Z","volume":2000,"label":" ","price":0.29},{"type":"A","date":"2018-04-04T05:13:07.000Z","volume":2000,"label":" ","price":0.3},{"type":"B","date":"2018-04-04T05:21:22.000Z","volume":2000,"label":" ","price":0.29},{"type":"A","date":"2018-04-04T05:22:46.000Z","volume":2000,"label":" ","price":0.3},{"type":"B","date":"2018-04-04T05:29:32.000Z","volume":2000,"label":" ","price":0.29},{"type":"A","date":"2018-04-04T05:30:52.000Z","volume":2000,"label":" ","price":0.3},{"type":"A","date":"2018-04-04T05:31:21.000Z","volume":470000,"label":" ","price":0.3},{"type":"B","date":"2018-04-04T05:37:24.000Z","volume":2000,"label":" ","price":0.295},{"type":"A","date":"2018-04-04T05:39:15.000Z","volume":2000,"label":" ","price":0.3},{"type":"B","date":"2018-04-04T05:45:04.000Z","volume":2000,"label":" ","price":0.295},{"type":"A","date":"2018-04-04T05:48:01.000Z","volume":2000,"label":" ","price":0.3},{"type":"B","date":"2018-04-04T05:52:45.000Z","volume":2000,"label":" ","price":0.295},{"type":"B","date":"2018-04-04T06:00:10.000Z","volume":96000,"label":" ","price":0.295},{"type":"B","date":"2018-04-04T06:00:10.000Z","volume":204000,"label":" ","price":0.295},{"type":"B","date":"2018-04-04T06:00:16.000Z","volume":2000,"label":" ","price":0.29},{"type":"A","date":"2018-04-04T06:00:16.000Z","volume":204000,"label":" ","price":0.295},{"type":"A","date":"2018-04-04T06:00:26.000Z","volume":4000,"label":" ","price":0.295},{"type":"B","date":"2018-04-04T06:04:51.000Z","volume":1500000,"label":"Y","price":0.295},{"type":"B","date":"2018-04-04T06:07:36.000Z","volume":2000,"label":" ","price":0.29},{"type":"A","date":"2018-04-04T06:09:47.000Z","volume":82000,"label":" ","price":0.295},{"type":"A","date":"2018-04-04T06:09:47.000Z","volume":88000,"label":" ","price":0.3},{"type":"A","date":"2018-04-04T06:15:42.000Z","volume":150000,"label":" ","price":0.3},{"type":"A","date":"2018-04-04T06:16:46.000Z","volume":36000,"label":"Y","price":0.3},{"type":"A","date":"2018-04-04T06:16:46.000Z","volume":84000,"label":" ","price":0.3},{"type":"A","date":"2018-04-04T06:16:57.000Z","volume":150000,"label":"Y","price":0.3},{"type":"A","date":"2018-04-04T06:18:59.000Z","volume":2000,"label":" ","price":0.3},{"type":"A","date":"2018-04-04T06:19:05.000Z","volume":2000,"label":" ","price":0.3},{"type":"B","date":"2018-04-04T06:21:37.000Z","volume":2000,"label":" ","price":0.295},{"type":"A","date":"2018-04-04T06:21:42.000Z","volume":2000,"label":" ","price":0.3},{"type":"B","date":"2018-04-04T06:28:28.000Z","volume":2000,"label":" ","price":0.295},{"type":"A","date":"2018-04-04T06:28:42.000Z","volume":2000,"label":" ","price":0.3},{"type":"A","date":"2018-04-04T06:35:08.000Z","volume":2000,"label":" ","price":0.3},{"type":"B","date":"2018-04-04T06:35:09.000Z","volume":2000,"label":" ","price":0.295},{"type":"B","date":"2018-04-04T06:37:49.000Z","volume":100000,"label":" ","price":0.295},{"type":"A","date":"2018-04-04T06:38:10.000Z","volume":2000,"label":" ","price":0.3},{"type":"B","date":"2018-04-04T06:41:59.000Z","volume":2000,"label":" ","price":0.29},{"type":"A","date":"2018-04-04T06:42:38.000Z","volume":2000,"label":" ","price":0.3},{"type":"B","date":"2018-04-04T06:48:50.000Z","volume":2000,"label":" ","price":0.29},{"type":"A","date":"2018-04-04T06:49:20.000Z","volume":2000,"label":" ","price":0.3},{"type":"B","date":"2018-04-04T06:55:41.000Z","volume":2000,"label":" ","price":0.29},{"type":"A","date":"2018-04-04T06:55:44.000Z","volume":2000,"label":" ","price":0.3},{"type":"B","date":"2018-04-04T07:02:32.000Z","volume":2000,"label":" ","price":0.29},{"type":"A","date":"2018-04-04T07:02:40.000Z","volume":2000,"label":" ","price":0.3},{"type":"A","date":"2018-04-04T07:02:41.000Z","volume":1378000,"label":" ","price":0.3},{"type":"A","date":"2018-04-04T07:02:52.000Z","volume":2000,"label":" ","price":0.305},{"type":"A","date":"2018-04-04T07:02:57.000Z","volume":10000,"label":" ","price":0.305},{"type":"B","date":"2018-04-04T07:14:57.000Z","volume":800000,"label":" ","price":0.3},{"type":"A","date":"2018-04-04T07:15:23.000Z","volume":2000,"label":" ","price":0.305},{"type":"B","date":"2018-04-04T07:15:25.000Z","volume":200000,"label":" ","price":0.3},{"type":"A","date":"2018-04-04T07:15:32.000Z","volume":2000,"label":" ","price":0.305},{"type":"B","date":"2018-04-04T07:15:33.000Z","volume":2000,"label":" ","price":0.3},{"type":"A","date":"2018-04-04T07:15:55.000Z","volume":2000,"label":" ","price":0.305},{"type":"B","date":"2018-04-04T07:20:14.000Z","volume":30000,"label":" ","price":0.3},{"type":"B","date":"2018-04-04T07:21:34.000Z","volume":2000,"label":" ","price":0.3},{"type":"B","date":"2018-04-04T07:24:04.000Z","volume":2000,"label":" ","price":0.3},{"type":"B","date":"2018-04-04T07:24:04.000Z","volume":136000,"label":" ","price":0.3},{"type":"A","date":"2018-04-04T07:27:25.000Z","volume":2100000,"label":" ","price":0.3},{"type":"B","date":"2018-04-04T07:28:55.000Z","volume":2000,"label":" ","price":0.29},{"type":"A","date":"2018-04-04T07:31:10.000Z","volume":2000,"label":" ","price":0.3},{"type":"B","date":"2018-04-04T07:32:09.000Z","volume":832000,"label":" ","price":0.29},{"type":"A","date":"2018-04-04T07:34:09.000Z","volume":788000,"label":" ","price":0.295},{"type":"A","date":"2018-04-04T07:34:35.000Z","volume":2000,"label":" ","price":0.3},{"type":"B","date":"2018-04-04T07:39:16.000Z","volume":2000,"label":" ","price":0.295},{"type":"A","date":"2018-04-04T07:40:46.000Z","volume":2000,"label":" ","price":0.3},{"type":"B","date":"2018-04-04T07:43:57.000Z","volume":2000,"label":" ","price":0.295},{"type":"A","date":"2018-04-04T07:45:27.000Z","volume":708000,"label":" ","price":0.3},{"type":"B","date":"2018-04-04T07:48:07.000Z","volume":2000,"label":" ","price":0.29},{"type":"A","date":"2018-04-04T07:48:17.000Z","volume":2000,"label":" ","price":0.3},{"type":"B","date":"2018-04-04T07:51:49.000Z","volume":2000,"label":" ","price":0.29},{"type":"A","date":"2018-04-04T07:54:35.000Z","volume":2000,"label":" ","price":0.3},{"type":"B","date":"2018-04-04T07:54:59.000Z","volume":2000,"label":" ","price":0.29},{"type":"A","date":"2018-04-04T07:55:02.000Z","volume":2000,"label":" ","price":0.3},{"type":"B","date":"2018-04-04T07:56:37.000Z","volume":1174000,"label":" ","price":0.29},{"type":"B","date":"2018-04-04T07:57:39.000Z","volume":2000,"label":" ","price":0.285},{"type":"A","date":"2018-04-04T07:57:42.000Z","volume":2000,"label":" ","price":0.29},{"type":"A","date":"2018-04-04T07:57:46.000Z","volume":2000,"label":" ","price":0.295},{"type":"A","date":"2018-04-04T07:58:34.000Z","volume":500000,"label":" ","price":0.29},{"type":"A","date":"2018-04-04T07:58:49.000Z","volume":500000,"label":" ","price":0.29},{"type":"A","date":"2018-04-04T07:59:14.000Z","volume":272000,"label":" ","price":0.29},{"type":"A","date":"2018-04-04T07:59:30.000Z","volume":604000,"label":" ","price":0.29},{"type":"A","date":"2018-04-04T07:59:32.000Z","volume":10000,"label":" ","price":0.295},{"type":"A","date":"2018-04-04T07:59:35.000Z","volume":2000,"label":" ","price":0.295},{"type":"A","date":"2018-04-04T07:59:54.000Z","volume":10000,"label":" ","price":0.295},{"type":"B","date":"2018-04-04T07:59:55.000Z","volume":2000,"label":" ","price":0.285},{"type":"A","date":"2018-04-04T07:59:57.000Z","volume":2000,"label":" ","price":0.29},{"type":"A","date":"2018-04-04T07:59:57.000Z","volume":8000,"label":" ","price":0.295}]