[{"type":"U","date":"2018-03-23T01:20:00.000Z","volume":2770000,"label":"U","price":0.285},{"type":"A","date":"2018-03-23T01:30:00.000Z","volume":800000,"label":" ","price":0.285},{"type":"B","date":"2018-03-23T01:30:00.000Z","volume":80000,"label":" ","price":0.28},{"type":"A","date":"2018-03-23T01:30:01.000Z","volume":15000,"label":" ","price":0.285},{"type":"A","date":"2018-03-23T01:30:02.000Z","volume":100000,"label":" ","price":0.285},{"type":"B","date":"2018-03-23T01:30:02.000Z","volume":505000,"label":" ","price":0.28},{"type":"B","date":"2018-03-23T01:30:02.000Z","volume":5000,"label":" ","price":0.28},{"type":"A","date":"2018-03-23T01:30:03.000Z","volume":50000,"label":" ","price":0.28},{"type":"B","date":"2018-03-23T01:30:04.000Z","volume":145000,"label":" ","price":0.275},{"type":"A","date":"2018-03-23T01:30:04.000Z","volume":50000,"label":" ","price":0.28},{"type":"A","date":"2018-03-23T01:30:06.000Z","volume":300000,"label":" ","price":0.28},{"type":"A","date":"2018-03-23T01:30:07.000Z","volume":100000,"label":" ","price":0.28},{"type":"A","date":"2018-03-23T01:30:07.000Z","volume":20000,"label":" ","price":0.28},{"type":"A","date":"2018-03-23T01:30:07.000Z","volume":15000,"label":" ","price":0.28},{"type":"A","date":"2018-03-23T01:30:08.000Z","volume":70000,"label":" ","price":0.28},{"type":"A","date":"2018-03-23T01:30:09.000Z","volume":20000,"label":" ","price":0.28},{"type":"A","date":"2018-03-23T01:30:14.000Z","volume":300000,"label":" ","price":0.28},{"type":"A","date":"2018-03-23T01:30:14.000Z","volume":100000,"label":" ","price":0.28},{"type":"A","date":"2018-03-23T01:30:15.000Z","volume":100000,"label":" ","price":0.28},{"type":"A","date":"2018-03-23T01:30:15.000Z","volume":35000,"label":" ","price":0.28},{"type":"A","date":"2018-03-23T01:30:16.000Z","volume":10000,"label":" ","price":0.28},{"type":"A","date":"2018-03-23T01:30:16.000Z","volume":115000,"label":" ","price":0.28},{"type":"A","date":"2018-03-23T01:30:17.000Z","volume":110000,"label":" ","price":0.285},{"type":"B","date":"2018-03-23T01:30:19.000Z","volume":115000,"label":" ","price":0.28},{"type":"A","date":"2018-03-23T01:30:20.000Z","volume":100000,"label":" ","price":0.28},{"type":"A","date":"2018-03-23T01:30:20.000Z","volume":40000,"label":" ","price":0.28},{"type":"A","date":"2018-03-23T01:30:20.000Z","volume":50000,"label":" ","price":0.28},{"type":"A","date":"2018-03-23T01:30:20.000Z","volume":100000,"label":" ","price":0.28},{"type":"A","date":"2018-03-23T01:30:20.000Z","volume":120000,"label":" ","price":0.28},{"type":"A","date":"2018-03-23T01:30:21.000Z","volume":100000,"label":" ","price":0.28},{"type":"A","date":"2018-03-23T01:30:21.000Z","volume":65000,"label":" ","price":0.28},{"type":"A","date":"2018-03-23T01:30:22.000Z","volume":50000,"label":" ","price":0.28},{"type":"A","date":"2018-03-23T01:30:23.000Z","volume":35000,"label":" ","price":0.28},{"type":"A","date":"2018-03-23T01:30:37.000Z","volume":150000,"label":" ","price":0.28},{"type":"A","date":"2018-03-23T01:30:39.000Z","volume":25000,"label":" ","price":0.28},{"type":"A","date":"2018-03-23T01:30:47.000Z","volume":10000,"label":" ","price":0.28},{"type":"A","date":"2018-03-23T01:31:11.000Z","volume":10000,"label":" ","price":0.28},{"type":"A","date":"2018-03-23T01:31:11.000Z","volume":435000,"label":" ","price":0.28},{"type":"A","date":"2018-03-23T01:31:12.000Z","volume":35000,"label":" ","price":0.28},{"type":"A","date":"2018-03-23T01:31:15.000Z","volume":100000,"label":" ","price":0.28},{"type":"A","date":"2018-03-23T01:31:16.000Z","volume":25000,"label":" ","price":0.28},{"type":"A","date":"2018-03-23T01:31:25.000Z","volume":60000,"label":" ","price":0.28},{"type":"B","date":"2018-03-23T01:31:28.000Z","volume":155000,"label":" ","price":0.28},{"type":"A","date":"2018-03-23T01:31:29.000Z","volume":15000,"label":" ","price":0.28},{"type":"A","date":"2018-03-23T01:32:44.000Z","volume":60000,"label":" ","price":0.28},{"type":"A","date":"2018-03-23T01:32:45.000Z","volume":10000,"label":" ","price":0.28},{"type":"B","date":"2018-03-23T01:33:13.000Z","volume":100000,"label":" ","price":0.275},{"type":"A","date":"2018-03-23T01:33:14.000Z","volume":15000,"label":" ","price":0.28},{"type":"B","date":"2018-03-23T01:33:23.000Z","volume":2250000,"label":" ","price":0.275},{"type":"A","date":"2018-03-23T01:33:23.000Z","volume":60000,"label":" ","price":0.28},{"type":"A","date":"2018-03-23T01:33:25.000Z","volume":120000,"label":" ","price":0.28},{"type":"A","date":"2018-03-23T01:34:00.000Z","volume":100000,"label":" ","price":0.28},{"type":"A","date":"2018-03-23T01:34:00.000Z","volume":45000,"label":" ","price":0.28},{"type":"A","date":"2018-03-23T01:34:07.000Z","volume":10000,"label":" ","price":0.28},{"type":"A","date":"2018-03-23T01:34:11.000Z","volume":290000,"label":" ","price":0.28},{"type":"A","date":"2018-03-23T01:34:11.000Z","volume":30000,"label":" ","price":0.28},{"type":"A","date":"2018-03-23T01:34:13.000Z","volume":25000,"label":" ","price":0.28},{"type":"A","date":"2018-03-23T01:34:58.000Z","volume":100000,"label":" ","price":0.28},{"type":"A","date":"2018-03-23T01:34:58.000Z","volume":20000,"label":" ","price":0.28},{"type":"A","date":"2018-03-23T01:36:04.000Z","volume":35000,"label":" ","price":0.28},{"type":"A","date":"2018-03-23T01:36:13.000Z","volume":100000,"label":" ","price":0.28},{"type":"A","date":"2018-03-23T01:36:13.000Z","volume":15000,"label":" ","price":0.28},{"type":"A","date":"2018-03-23T01:39:08.000Z","volume":50000,"label":" ","price":0.28},{"type":"A","date":"2018-03-23T01:40:39.000Z","volume":10000,"label":" ","price":0.28},{"type":"A","date":"2018-03-23T01:40:39.000Z","volume":10000,"label":" ","price":0.28},{"type":"B","date":"2018-03-23T01:40:49.000Z","volume":50000,"label":" ","price":0.275},{"type":"B","date":"2018-03-23T01:40:52.000Z","volume":1200000,"label":" ","price":0.275},{"type":"A","date":"2018-03-23T01:40:53.000Z","volume":75000,"label":" ","price":0.28},{"type":"B","date":"2018-03-23T01:40:58.000Z","volume":100000,"label":" ","price":0.275},{"type":"B","date":"2018-03-23T01:41:28.000Z","volume":1135000,"label":" ","price":0.275},{"type":"A","date":"2018-03-23T01:42:13.000Z","volume":100000,"label":" ","price":0.28},{"type":"A","date":"2018-03-23T01:43:41.000Z","volume":130000,"label":" ","price":0.28},{"type":"A","date":"2018-03-23T01:44:43.000Z","volume":35000,"label":" ","price":0.28},{"type":"A","date":"2018-03-23T01:51:43.000Z","volume":90000,"label":" ","price":0.275},{"type":"A","date":"2018-03-23T01:51:43.000Z","volume":15000,"label":" ","price":0.275},{"type":"A","date":"2018-03-23T01:52:09.000Z","volume":100000,"label":" ","price":0.275},{"type":"A","date":"2018-03-23T01:52:09.000Z","volume":10000,"label":" ","price":0.275},{"type":"A","date":"2018-03-23T01:52:16.000Z","volume":30000,"label":" ","price":0.275},{"type":"A","date":"2018-03-23T01:52:16.000Z","volume":165000,"label":" ","price":0.275},{"type":"A","date":"2018-03-23T01:52:17.000Z","volume":60000,"label":" ","price":0.275},{"type":"A","date":"2018-03-23T01:52:17.000Z","volume":100000,"label":" ","price":0.275},{"type":"A","date":"2018-03-23T01:52:18.000Z","volume":25000,"label":" ","price":0.275},{"type":"A","date":"2018-03-23T01:52:18.000Z","volume":200000,"label":"Y","price":0.275},{"type":"A","date":"2018-03-23T01:52:18.000Z","volume":250000,"label":" ","price":0.275},{"type":"A","date":"2018-03-23T01:53:01.000Z","volume":100000,"label":" ","price":0.28},{"type":"A","date":"2018-03-23T01:54:11.000Z","volume":100000,"label":" ","price":0.28},{"type":"B","date":"2018-03-23T01:54:14.000Z","volume":420000,"label":" ","price":0.275},{"type":"B","date":"2018-03-23T01:55:32.000Z","volume":215000,"label":" ","price":0.275},{"type":"A","date":"2018-03-23T01:55:34.000Z","volume":60000,"label":" ","price":0.275},{"type":"A","date":"2018-03-23T01:56:34.000Z","volume":20000,"label":" ","price":0.275},{"type":"A","date":"2018-03-23T01:57:14.000Z","volume":880000,"label":" ","price":0.275},{"type":"A","date":"2018-03-23T01:57:14.000Z","volume":70000,"label":"Y","price":0.275},{"type":"A","date":"2018-03-23T01:57:16.000Z","volume":25000,"label":"Y","price":0.275},{"type":"A","date":"2018-03-23T01:57:16.000Z","volume":20000,"label":" ","price":0.275},{"type":"A","date":"2018-03-23T01:57:48.000Z","volume":30000,"label":" ","price":0.275},{"type":"B","date":"2018-03-23T01:58:49.000Z","volume":20000,"label":" ","price":0.27},{"type":"A","date":"2018-03-23T01:59:01.000Z","volume":135000,"label":" ","price":0.275},{"type":"B","date":"2018-03-23T02:00:03.000Z","volume":90000,"label":" ","price":0.275},{"type":"B","date":"2018-03-23T02:01:21.000Z","volume":310000,"label":" ","price":0.275},{"type":"B","date":"2018-03-23T02:04:47.000Z","volume":180000,"label":" ","price":0.275},{"type":"B","date":"2018-03-23T02:05:56.000Z","volume":25000,"label":" ","price":0.275},{"type":"B","date":"2018-03-23T02:07:02.000Z","volume":1000000,"label":" ","price":0.275},{"type":"B","date":"2018-03-23T02:09:29.000Z","volume":300000,"label":" ","price":0.275},{"type":"B","date":"2018-03-23T02:11:05.000Z","volume":100000,"label":" ","price":0.275},{"type":"B","date":"2018-03-23T02:11:09.000Z","volume":80000,"label":"Y","price":0.275},{"type":"B","date":"2018-03-23T02:11:09.000Z","volume":220000,"label":" ","price":0.275},{"type":"B","date":"2018-03-23T02:11:33.000Z","volume":50000,"label":" ","price":0.275},{"type":"B","date":"2018-03-23T02:11:55.000Z","volume":50000,"label":" ","price":0.275},{"type":"B","date":"2018-03-23T02:14:58.000Z","volume":270000,"label":" ","price":0.275},{"type":"B","date":"2018-03-23T02:21:21.000Z","volume":20000,"label":" ","price":0.275},{"type":"A","date":"2018-03-23T02:21:31.000Z","volume":5000,"label":"Y","price":0.28},{"type":"B","date":"2018-03-23T02:24:09.000Z","volume":500000,"label":" ","price":0.275},{"type":"A","date":"2018-03-23T02:24:16.000Z","volume":250000,"label":"Y","price":0.28},{"type":"A","date":"2018-03-23T02:24:16.000Z","volume":150000,"label":" ","price":0.28},{"type":"A","date":"2018-03-23T02:25:06.000Z","volume":100000,"label":"Y","price":0.28},{"type":"A","date":"2018-03-23T02:25:06.000Z","volume":3900000,"label":" ","price":0.28},{"type":"A","date":"2018-03-23T02:25:32.000Z","volume":100000,"label":" ","price":0.28},{"type":"A","date":"2018-03-23T02:25:37.000Z","volume":100000,"label":" ","price":0.28},{"type":"A","date":"2018-03-23T02:25:37.000Z","volume":435000,"label":" ","price":0.28},{"type":"A","date":"2018-03-23T02:26:14.000Z","volume":40000,"label":" ","price":0.28},{"type":"B","date":"2018-03-23T02:26:54.000Z","volume":15000,"label":" ","price":0.275},{"type":"A","date":"2018-03-23T02:29:41.000Z","volume":220000,"label":" ","price":0.28},{"type":"B","date":"2018-03-23T02:31:35.000Z","volume":60000,"label":" ","price":0.275},{"type":"A","date":"2018-03-23T02:32:36.000Z","volume":30000,"label":" ","price":0.28},{"type":"B","date":"2018-03-23T02:38:46.000Z","volume":35000,"label":"Y","price":0.275},{"type":"B","date":"2018-03-23T02:38:46.000Z","volume":265000,"label":" ","price":0.275},{"type":"B","date":"2018-03-23T02:39:07.000Z","volume":1200000,"label":" ","price":0.275},{"type":"A","date":"2018-03-23T02:39:08.000Z","volume":110000,"label":" ","price":0.28},{"type":"A","date":"2018-03-23T02:43:35.000Z","volume":40000,"label":" ","price":0.28},{"type":"A","date":"2018-03-23T02:44:17.000Z","volume":10000,"label":" ","price":0.28},{"type":"A","date":"2018-03-23T02:50:17.000Z","volume":50000,"label":" ","price":0.28},{"type":"B","date":"2018-03-23T02:50:20.000Z","volume":20000,"label":"Y","price":0.275},{"type":"B","date":"2018-03-23T02:54:02.000Z","volume":100000,"label":" ","price":0.275},{"type":"A","date":"2018-03-23T02:54:24.000Z","volume":10000,"label":" ","price":0.28},{"type":"A","date":"2018-03-23T02:57:26.000Z","volume":10000,"label":" ","price":0.28},{"type":"A","date":"2018-03-23T02:59:14.000Z","volume":100000,"label":" ","price":0.28},{"type":"A","date":"2018-03-23T02:59:58.000Z","volume":70000,"label":" ","price":0.28},{"type":"B","date":"2018-03-23T03:00:46.000Z","volume":100000,"label":"Y","price":0.275},{"type":"B","date":"2018-03-23T03:00:46.000Z","volume":100000,"label":" ","price":0.275},{"type":"B","date":"2018-03-23T03:01:41.000Z","volume":150000,"label":" ","price":0.275},{"type":"B","date":"2018-03-23T03:04:12.000Z","volume":100000,"label":" ","price":0.275},{"type":"B","date":"2018-03-23T03:04:33.000Z","volume":200000,"label":" ","price":0.275},{"type":"A","date":"2018-03-23T03:09:28.000Z","volume":125000,"label":" ","price":0.28},{"type":"A","date":"2018-03-23T03:10:27.000Z","volume":200000,"label":" ","price":0.28},{"type":"A","date":"2018-03-23T03:11:28.000Z","volume":500000,"label":" ","price":0.28},{"type":"A","date":"2018-03-23T03:11:30.000Z","volume":115000,"label":" ","price":0.28},{"type":"B","date":"2018-03-23T03:19:44.000Z","volume":270000,"label":"Y","price":0.275},{"type":"B","date":"2018-03-23T03:19:44.000Z","volume":6415000,"label":" ","price":0.275},{"type":"A","date":"2018-03-23T03:19:46.000Z","volume":290000,"label":" ","price":0.275},{"type":"A","date":"2018-03-23T03:21:46.000Z","volume":10000,"label":" ","price":0.275},{"type":"A","date":"2018-03-23T03:23:08.000Z","volume":100000,"label":" ","price":0.275},{"type":"A","date":"2018-03-23T03:23:09.000Z","volume":200000,"label":" ","price":0.275},{"type":"A","date":"2018-03-23T03:23:10.000Z","volume":165000,"label":" ","price":0.275},{"type":"A","date":"2018-03-23T03:23:47.000Z","volume":100000,"label":" ","price":0.275},{"type":"A","date":"2018-03-23T03:23:47.000Z","volume":90000,"label":" ","price":0.275},{"type":"A","date":"2018-03-23T03:23:57.000Z","volume":255000,"label":"Y","price":0.275},{"type":"A","date":"2018-03-23T03:23:57.000Z","volume":160000,"label":" ","price":0.275},{"type":"A","date":"2018-03-23T03:23:57.000Z","volume":55000,"label":"Y","price":0.275},{"type":"A","date":"2018-03-23T03:23:59.000Z","volume":40000,"label":"Y","price":0.275},{"type":"A","date":"2018-03-23T03:24:45.000Z","volume":185000,"label":" ","price":0.275},{"type":"B","date":"2018-03-23T03:27:16.000Z","volume":300000,"label":" ","price":0.275},{"type":"A","date":"2018-03-23T03:28:17.000Z","volume":100000,"label":" ","price":0.28},{"type":"A","date":"2018-03-23T03:31:27.000Z","volume":100000,"label":"Y","price":0.28},{"type":"A","date":"2018-03-23T03:31:38.000Z","volume":100000,"label":" ","price":0.28},{"type":"A","date":"2018-03-23T03:36:47.000Z","volume":80000,"label":" ","price":0.28},{"type":"B","date":"2018-03-23T03:38:25.000Z","volume":800000,"label":" ","price":0.275},{"type":"A","date":"2018-03-23T03:43:36.000Z","volume":50000,"label":" ","price":0.28},{"type":"A","date":"2018-03-23T03:52:22.000Z","volume":10000,"label":" ","price":0.28},{"type":"A","date":"2018-03-23T03:58:08.000Z","volume":100000,"label":" ","price":0.28},{"type":"A","date":"2018-03-23T03:59:46.000Z","volume":100000,"label":" ","price":0.28},{"type":"B","date":"2018-03-23T05:00:06.000Z","volume":10000,"label":" ","price":0.275},{"type":"A","date":"2018-03-23T05:00:21.000Z","volume":100000,"label":" ","price":0.28},{"type":"B","date":"2018-03-23T05:01:31.000Z","volume":80000,"label":" ","price":0.275},{"type":"A","date":"2018-03-23T05:02:45.000Z","volume":20000,"label":" ","price":0.28},{"type":"A","date":"2018-03-23T05:03:30.000Z","volume":5000,"label":" ","price":0.28},{"type":"B","date":"2018-03-23T05:03:34.000Z","volume":15000,"label":" ","price":0.275},{"type":"B","date":"2018-03-23T05:04:29.000Z","volume":100000,"label":" ","price":0.275},{"type":"B","date":"2018-03-23T05:05:47.000Z","volume":60000,"label":" ","price":0.275},{"type":"B","date":"2018-03-23T05:07:25.000Z","volume":30000,"label":" ","price":0.275},{"type":"A","date":"2018-03-23T05:07:49.000Z","volume":80000,"label":" ","price":0.28},{"type":"B","date":"2018-03-23T05:08:38.000Z","volume":10000,"label":" ","price":0.275},{"type":"B","date":"2018-03-23T05:09:07.000Z","volume":50000,"label":" ","price":0.275},{"type":"B","date":"2018-03-23T05:09:24.000Z","volume":100000,"label":" ","price":0.275},{"type":"A","date":"2018-03-23T05:10:14.000Z","volume":100000,"label":" ","price":0.28},{"type":"A","date":"2018-03-23T05:11:17.000Z","volume":50000,"label":" ","price":0.28},{"type":"B","date":"2018-03-23T05:12:11.000Z","volume":10000,"label":" ","price":0.275},{"type":"A","date":"2018-03-23T05:13:07.000Z","volume":35000,"label":" ","price":0.28},{"type":"B","date":"2018-03-23T05:15:44.000Z","volume":10000,"label":" ","price":0.275},{"type":"A","date":"2018-03-23T05:16:44.000Z","volume":5000,"label":" ","price":0.28},{"type":"B","date":"2018-03-23T05:19:17.000Z","volume":15000,"label":" ","price":0.275},{"type":"A","date":"2018-03-23T05:21:40.000Z","volume":210000,"label":" ","price":0.28},{"type":"A","date":"2018-03-23T05:23:17.000Z","volume":5000,"label":" ","price":0.28},{"type":"B","date":"2018-03-23T05:24:22.000Z","volume":15000,"label":" ","price":0.275},{"type":"B","date":"2018-03-23T05:29:24.000Z","volume":110000,"label":" ","price":0.275},{"type":"B","date":"2018-03-23T05:29:26.000Z","volume":10000,"label":" ","price":0.275},{"type":"A","date":"2018-03-23T05:31:03.000Z","volume":10000,"label":"Y","price":0.28},{"type":"A","date":"2018-03-23T05:31:54.000Z","volume":80000,"label":" ","price":0.28},{"type":"A","date":"2018-03-23T05:32:02.000Z","volume":5000,"label":" ","price":0.28},{"type":"A","date":"2018-03-23T05:32:22.000Z","volume":5000,"label":" ","price":0.28},{"type":"B","date":"2018-03-23T05:32:29.000Z","volume":10000,"label":" ","price":0.275},{"type":"B","date":"2018-03-23T05:36:02.000Z","volume":10000,"label":" ","price":0.275},{"type":"B","date":"2018-03-23T05:38:16.000Z","volume":30000,"label":" ","price":0.275},{"type":"B","date":"2018-03-23T05:39:35.000Z","volume":10000,"label":" ","price":0.275},{"type":"A","date":"2018-03-23T05:40:22.000Z","volume":100000,"label":" ","price":0.28},{"type":"B","date":"2018-03-23T05:41:18.000Z","volume":50000,"label":" ","price":0.275},{"type":"B","date":"2018-03-23T05:42:37.000Z","volume":10000,"label":" ","price":0.275},{"type":"B","date":"2018-03-23T05:46:10.000Z","volume":10000,"label":" ","price":0.275},{"type":"B","date":"2018-03-23T05:49:43.000Z","volume":15000,"label":" ","price":0.275},{"type":"B","date":"2018-03-23T05:54:48.000Z","volume":15000,"label":" ","price":0.275},{"type":"A","date":"2018-03-23T05:55:11.000Z","volume":10000,"label":" ","price":0.28},{"type":"B","date":"2018-03-23T05:55:21.000Z","volume":100000,"label":" ","price":0.275},{"type":"B","date":"2018-03-23T05:59:21.000Z","volume":10000,"label":" ","price":0.275},{"type":"B","date":"2018-03-23T06:01:21.000Z","volume":150000,"label":" ","price":0.275},{"type":"B","date":"2018-03-23T06:02:24.000Z","volume":10000,"label":" ","price":0.275},{"type":"A","date":"2018-03-23T06:04:00.000Z","volume":20000,"label":" ","price":0.28},{"type":"B","date":"2018-03-23T06:05:57.000Z","volume":15000,"label":" ","price":0.275},{"type":"A","date":"2018-03-23T06:06:36.000Z","volume":5000000,"label":" ","price":0.28},{"type":"A","date":"2018-03-23T06:06:47.000Z","volume":2070000,"label":" ","price":0.28},{"type":"A","date":"2018-03-23T06:06:47.000Z","volume":270000,"label":" ","price":0.28},{"type":"A","date":"2018-03-23T06:06:47.000Z","volume":375000,"label":" ","price":0.28},{"type":"A","date":"2018-03-23T06:06:52.000Z","volume":70000,"label":" ","price":0.28},{"type":"A","date":"2018-03-23T06:08:51.000Z","volume":100000,"label":" ","price":0.28},{"type":"A","date":"2018-03-23T06:12:31.000Z","volume":10000,"label":" ","price":0.28},{"type":"B","date":"2018-03-23T06:13:33.000Z","volume":25000,"label":" ","price":0.275},{"type":"A","date":"2018-03-23T06:13:33.000Z","volume":390000,"label":" ","price":0.28},{"type":"A","date":"2018-03-23T06:18:34.000Z","volume":100000,"label":"Y","price":0.28},{"type":"B","date":"2018-03-23T06:20:39.000Z","volume":20000,"label":" ","price":0.275},{"type":"B","date":"2018-03-23T06:22:37.000Z","volume":100000,"label":" ","price":0.275},{"type":"B","date":"2018-03-23T06:22:55.000Z","volume":100000,"label":" ","price":0.275},{"type":"B","date":"2018-03-23T06:25:07.000Z","volume":100000,"label":" ","price":0.275},{"type":"B","date":"2018-03-23T06:26:15.000Z","volume":20000,"label":" ","price":0.275},{"type":"A","date":"2018-03-23T06:29:53.000Z","volume":15000,"label":" ","price":0.28},{"type":"A","date":"2018-03-23T06:30:45.000Z","volume":5000,"label":" ","price":0.28},{"type":"B","date":"2018-03-23T06:32:19.000Z","volume":20000,"label":" ","price":0.275},{"type":"B","date":"2018-03-23T06:33:32.000Z","volume":500000,"label":" ","price":0.275},{"type":"B","date":"2018-03-23T06:34:09.000Z","volume":135000,"label":" ","price":0.275},{"type":"A","date":"2018-03-23T06:34:37.000Z","volume":300000,"label":" ","price":0.28},{"type":"A","date":"2018-03-23T06:35:42.000Z","volume":20000,"label":" ","price":0.28},{"type":"B","date":"2018-03-23T06:39:16.000Z","volume":100000,"label":"Y","price":0.275},{"type":"B","date":"2018-03-23T06:39:16.000Z","volume":3900000,"label":" ","price":0.275},{"type":"B","date":"2018-03-23T06:42:28.000Z","volume":15000,"label":" ","price":0.275},{"type":"A","date":"2018-03-23T06:43:34.000Z","volume":5000,"label":" ","price":0.28},{"type":"B","date":"2018-03-23T06:43:44.000Z","volume":170000,"label":" ","price":0.275},{"type":"A","date":"2018-03-23T06:45:27.000Z","volume":5000,"label":" ","price":0.28},{"type":"B","date":"2018-03-23T06:47:02.000Z","volume":15000,"label":" ","price":0.275},{"type":"B","date":"2018-03-23T06:51:05.000Z","volume":10000,"label":" ","price":0.275},{"type":"A","date":"2018-03-23T06:53:34.000Z","volume":1000000,"label":" ","price":0.28},{"type":"A","date":"2018-03-23T06:55:50.000Z","volume":485000,"label":" ","price":0.28},{"type":"B","date":"2018-03-23T06:59:12.000Z","volume":20000,"label":" ","price":0.275},{"type":"A","date":"2018-03-23T07:02:49.000Z","volume":400000,"label":" ","price":0.28},{"type":"B","date":"2018-03-23T07:04:47.000Z","volume":20000,"label":" ","price":0.275},{"type":"B","date":"2018-03-23T07:06:23.000Z","volume":50000,"label":" ","price":0.275},{"type":"B","date":"2018-03-23T07:06:42.000Z","volume":3000000,"label":" ","price":0.275},{"type":"B","date":"2018-03-23T07:06:48.000Z","volume":650000,"label":" ","price":0.275},{"type":"A","date":"2018-03-23T07:06:51.000Z","volume":5000,"label":" ","price":0.28},{"type":"B","date":"2018-03-23T07:08:19.000Z","volume":10000,"label":" ","price":0.275},{"type":"A","date":"2018-03-23T07:08:48.000Z","volume":10000,"label":" ","price":0.28},{"type":"B","date":"2018-03-23T07:10:06.000Z","volume":500000,"label":" ","price":0.275},{"type":"B","date":"2018-03-23T07:10:06.000Z","volume":5000,"label":" ","price":0.275},{"type":"B","date":"2018-03-23T07:11:22.000Z","volume":5000,"label":" ","price":0.275},{"type":"B","date":"2018-03-23T07:11:36.000Z","volume":95000,"label":"Y","price":0.275},{"type":"B","date":"2018-03-23T07:11:36.000Z","volume":265000,"label":" ","price":0.275},{"type":"B","date":"2018-03-23T07:12:53.000Z","volume":5000,"label":" ","price":0.275},{"type":"B","date":"2018-03-23T07:14:24.000Z","volume":5000,"label":" ","price":0.275},{"type":"B","date":"2018-03-23T07:14:47.000Z","volume":80000,"label":" ","price":0.275},{"type":"B","date":"2018-03-23T07:15:56.000Z","volume":5000,"label":" ","price":0.275},{"type":"U","date":"2018-03-23T07:16:22.000Z","volume":65,"label":"D","price":0.255},{"type":"B","date":"2018-03-23T07:17:27.000Z","volume":5000,"label":" ","price":0.275},{"type":"B","date":"2018-03-23T07:18:58.000Z","volume":5000,"label":" ","price":0.275},{"type":"B","date":"2018-03-23T07:20:29.000Z","volume":5000,"label":" ","price":0.275},{"type":"B","date":"2018-03-23T07:21:59.000Z","volume":5000,"label":" ","price":0.275},{"type":"B","date":"2018-03-23T07:22:21.000Z","volume":500000,"label":" ","price":0.275},{"type":"B","date":"2018-03-23T07:22:21.000Z","volume":5000,"label":" ","price":0.275},{"type":"B","date":"2018-03-23T07:23:32.000Z","volume":5000,"label":" ","price":0.275},{"type":"A","date":"2018-03-23T07:23:49.000Z","volume":200000,"label":" ","price":0.28},{"type":"A","date":"2018-03-23T07:25:10.000Z","volume":60000,"label":" ","price":0.28},{"type":"B","date":"2018-03-23T07:26:04.000Z","volume":10000,"label":" ","price":0.275},{"type":"B","date":"2018-03-23T07:29:07.000Z","volume":10000,"label":" ","price":0.275},{"type":"B","date":"2018-03-23T07:31:38.000Z","volume":120000,"label":" ","price":0.275},{"type":"B","date":"2018-03-23T07:33:10.000Z","volume":15000,"label":" ","price":0.275},{"type":"A","date":"2018-03-23T07:34:16.000Z","volume":100000,"label":" ","price":0.28},{"type":"B","date":"2018-03-23T07:36:43.000Z","volume":15000,"label":" ","price":0.275},{"type":"A","date":"2018-03-23T07:36:46.000Z","volume":5000,"label":" ","price":0.28},{"type":"B","date":"2018-03-23T07:40:16.000Z","volume":15000,"label":" ","price":0.275},{"type":"A","date":"2018-03-23T07:41:37.000Z","volume":5000,"label":" ","price":0.28},{"type":"B","date":"2018-03-23T07:43:19.000Z","volume":15000,"label":" ","price":0.275},{"type":"B","date":"2018-03-23T07:46:21.000Z","volume":20000,"label":" ","price":0.275},{"type":"A","date":"2018-03-23T07:46:44.000Z","volume":15000,"label":" ","price":0.28},{"type":"A","date":"2018-03-23T07:47:17.000Z","volume":50000,"label":" ","price":0.28},{"type":"A","date":"2018-03-23T07:47:20.000Z","volume":100000,"label":" ","price":0.28},{"type":"B","date":"2018-03-23T07:49:24.000Z","volume":15000,"label":" ","price":0.275},{"type":"A","date":"2018-03-23T07:51:19.000Z","volume":200000,"label":" ","price":0.28},{"type":"B","date":"2018-03-23T07:51:26.000Z","volume":15000,"label":" ","price":0.275},{"type":"A","date":"2018-03-23T07:51:50.000Z","volume":50000,"label":" ","price":0.28},{"type":"B","date":"2018-03-23T07:52:53.000Z","volume":5000,"label":" ","price":0.275},{"type":"A","date":"2018-03-23T07:53:06.000Z","volume":20000,"label":" ","price":0.28},{"type":"B","date":"2018-03-23T07:53:27.000Z","volume":15000,"label":" ","price":0.275},{"type":"B","date":"2018-03-23T07:53:38.000Z","volume":10000,"label":" ","price":0.275},{"type":"B","date":"2018-03-23T07:55:29.000Z","volume":15000,"label":" ","price":0.275},{"type":"B","date":"2018-03-23T07:55:35.000Z","volume":70000,"label":" ","price":0.275},{"type":"A","date":"2018-03-23T07:56:22.000Z","volume":20000,"label":" ","price":0.28},{"type":"B","date":"2018-03-23T07:57:00.000Z","volume":15000,"label":" ","price":0.275},{"type":"B","date":"2018-03-23T07:58:01.000Z","volume":25000,"label":" ","price":0.275},{"type":"A","date":"2018-03-23T07:58:54.000Z","volume":200000,"label":" ","price":0.28},{"type":"U","date":"2018-03-23T08:08:12.000Z","volume":1540000,"label":"U","price":0.275}]