[{"type":"A","date":"2018-03-13T07:52:14.000Z","volume":785000,"price":0.305,"category":"ubbull"},{"type":"A","date":"2018-03-13T07:56:21.000Z","volume":130000,"price":0.305,"category":"bbull"},{"type":"A","date":"2018-03-13T07:52:14.000Z","volume":215000,"price":0.305,"category":"bbull"},{"type":"A","date":"2018-03-13T07:43:51.000Z","volume":120000,"price":0.305,"category":"bbull"},{"type":"A","date":"2018-03-13T07:39:03.000Z","volume":235000,"price":0.305,"category":"bbull"},{"type":"A","date":"2018-03-13T07:35:43.000Z","volume":135000,"price":0.305,"category":"bbull"},{"type":"A","date":"2018-03-13T07:35:00.000Z","volume":200000,"price":0.305,"category":"bbull"},{"type":"A","date":"2018-03-13T07:26:39.000Z","volume":135000,"price":0.305,"category":"bbull"},{"type":"A","date":"2018-03-13T07:16:19.000Z","volume":210000,"price":0.305,"category":"bbull"},{"type":"A","date":"2018-03-13T07:08:45.000Z","volume":280000,"price":0.305,"category":"bbull"},{"type":"A","date":"2018-03-13T06:55:58.000Z","volume":230000,"price":0.305,"category":"bbull"},{"type":"A","date":"2018-03-13T06:41:46.000Z","volume":220000,"price":0.305,"category":"bbull"},{"type":"A","date":"2018-03-13T06:29:28.000Z","volume":200000,"price":0.305,"category":"bbull"},{"type":"A","date":"2018-03-13T06:16:41.000Z","volume":135000,"price":0.305,"category":"bbull"},{"type":"A","date":"2018-03-13T06:12:54.000Z","volume":200000,"price":0.305,"category":"bbull"},{"type":"A","date":"2018-03-13T06:06:14.000Z","volume":205000,"price":0.305,"category":"bbull"},{"type":"A","date":"2018-03-13T05:56:20.000Z","volume":180000,"price":0.305,"category":"bbull"},{"type":"A","date":"2018-03-13T05:40:43.000Z","volume":200000,"price":0.305,"category":"bbull"},{"type":"A","date":"2018-03-13T05:35:50.000Z","volume":220000,"price":0.305,"category":"bbull"},{"type":"A","date":"2018-03-13T05:34:21.000Z","volume":280000,"price":0.305,"category":"bbull"},{"type":"A","date":"2018-03-13T03:28:26.000Z","volume":190000,"price":0.305,"category":"bbull"},{"type":"A","date":"2018-03-13T02:45:22.000Z","volume":245000,"price":0.305,"category":"bbull"},{"type":"A","date":"2018-03-13T02:34:57.000Z","volume":325000,"price":0.305,"category":"bbull"},{"type":"A","date":"2018-03-13T02:26:26.000Z","volume":375000,"price":0.305,"category":"bbull"},{"type":"A","date":"2018-03-13T01:56:42.000Z","volume":430000,"price":0.305,"category":"bbull"},{"type":"A","date":"2018-03-13T07:59:55.000Z","volume":10000,"price":0.305,"category":"rbull"},{"type":"A","date":"2018-03-13T07:59:30.000Z","volume":10000,"price":0.305,"category":"rbull"},{"type":"A","date":"2018-03-13T07:59:30.000Z","volume":10000,"price":0.305,"category":"rbull"},{"type":"A","date":"2018-03-13T07:59:01.000Z","volume":5000,"price":0.305,"category":"rbull"},{"type":"A","date":"2018-03-13T07:58:37.000Z","volume":10000,"price":0.305,"category":"rbull"},{"type":"A","date":"2018-03-13T07:58:31.000Z","volume":5000,"price":0.305,"category":"rbull"},{"type":"A","date":"2018-03-13T07:58:07.000Z","volume":10000,"price":0.305,"category":"rbull"},{"type":"A","date":"2018-03-13T07:58:01.000Z","volume":5000,"price":0.305,"category":"rbull"},{"type":"A","date":"2018-03-13T07:57:37.000Z","volume":10000,"price":0.305,"category":"rbull"},{"type":"A","date":"2018-03-13T07:57:31.000Z","volume":5000,"price":0.305,"category":"rbull"},{"type":"A","date":"2018-03-13T07:57:07.000Z","volume":10000,"price":0.305,"category":"rbull"},{"type":"A","date":"2018-03-13T07:57:01.000Z","volume":5000,"price":0.305,"category":"rbull"},{"type":"A","date":"2018-03-13T07:56:37.000Z","volume":10000,"price":0.305,"category":"rbull"},{"type":"A","date":"2018-03-13T07:56:31.000Z","volume":10000,"price":0.305,"category":"rbull"},{"type":"A","date":"2018-03-13T07:56:29.000Z","volume":5000,"price":0.305,"category":"rbull"},{"type":"A","date":"2018-03-13T07:56:07.000Z","volume":10000,"price":0.305,"category":"rbull"},{"type":"A","date":"2018-03-13T07:56:01.000Z","volume":5000,"price":0.305,"category":"rbull"},{"type":"A","date":"2018-03-13T07:55:37.000Z","volume":10000,"price":0.305,"category":"rbull"},{"type":"A","date":"2018-03-13T07:55:00.000Z","volume":10000,"price":0.305,"category":"rbull"},{"type":"A","date":"2018-03-13T07:55:00.000Z","volume":5000,"price":0.305,"category":"rbull"},{"type":"A","date":"2018-03-13T07:54:30.000Z","volume":5000,"price":0.305,"category":"rbull"},{"type":"A","date":"2018-03-13T07:54:27.000Z","volume":10000,"price":0.305,"category":"rbull"},{"type":"A","date":"2018-03-13T07:54:27.000Z","volume":5000,"price":0.305,"category":"rbull"},{"type":"A","date":"2018-03-13T07:54:27.000Z","volume":5000,"price":0.305,"category":"rbull"},{"type":"A","date":"2018-03-13T07:54:27.000Z","volume":10000,"price":0.305,"category":"rbull"},{"type":"A","date":"2018-03-13T07:54:27.000Z","volume":5000,"price":0.305,"category":"rbull"},{"type":"A","date":"2018-03-13T07:54:07.000Z","volume":10000,"price":0.305,"category":"rbull"},{"type":"A","date":"2018-03-13T07:54:00.000Z","volume":5000,"price":0.305,"category":"rbull"},{"type":"A","date":"2018-03-13T07:53:37.000Z","volume":10000,"price":0.305,"category":"rbull"},{"type":"A","date":"2018-03-13T07:53:30.000Z","volume":5000,"price":0.305,"category":"rbull"},{"type":"A","date":"2018-03-13T07:53:07.000Z","volume":10000,"price":0.305,"category":"rbull"},{"type":"A","date":"2018-03-13T07:53:00.000Z","volume":5000,"price":0.305,"category":"rbull"},{"type":"A","date":"2018-03-13T07:52:37.000Z","volume":10000,"price":0.305,"category":"rbull"},{"type":"A","date":"2018-03-13T07:52:00.000Z","volume":5000,"price":0.305,"category":"rbull"},{"type":"A","date":"2018-03-13T07:51:37.000Z","volume":10000,"price":0.305,"category":"rbull"},{"type":"A","date":"2018-03-13T07:51:30.000Z","volume":5000,"price":0.305,"category":"rbull"},{"type":"A","date":"2018-03-13T07:51:07.000Z","volume":10000,"price":0.305,"category":"rbull"},{"type":"A","date":"2018-03-13T07:51:00.000Z","volume":5000,"price":0.305,"category":"rbull"},{"type":"A","date":"2018-03-13T07:50:37.000Z","volume":10000,"price":0.305,"category":"rbull"},{"type":"A","date":"2018-03-13T07:50:30.000Z","volume":5000,"price":0.305,"category":"rbull"},{"type":"A","date":"2018-03-13T07:50:23.000Z","volume":10000,"price":0.305,"category":"rbull"},{"type":"A","date":"2018-03-13T07:49:37.000Z","volume":10000,"price":0.305,"category":"rbull"},{"type":"A","date":"2018-03-13T07:49:30.000Z","volume":5000,"price":0.305,"category":"rbull"},{"type":"A","date":"2018-03-13T07:49:07.000Z","volume":10000,"price":0.305,"category":"rbull"},{"type":"A","date":"2018-03-13T07:49:00.000Z","volume":5000,"price":0.305,"category":"rbull"},{"type":"A","date":"2018-03-13T07:48:07.000Z","volume":10000,"price":0.305,"category":"rbull"},{"type":"A","date":"2018-03-13T07:48:00.000Z","volume":5000,"price":0.305,"category":"rbull"},{"type":"A","date":"2018-03-13T07:47:07.000Z","volume":10000,"price":0.305,"category":"rbull"},{"type":"A","date":"2018-03-13T07:47:00.000Z","volume":5000,"price":0.305,"category":"rbull"},{"type":"A","date":"2018-03-13T07:46:07.000Z","volume":10000,"price":0.305,"category":"rbull"},{"type":"A","date":"2018-03-13T07:46:00.000Z","volume":5000,"price":0.305,"category":"rbull"},{"type":"A","date":"2018-03-13T07:45:00.000Z","volume":5000,"price":0.305,"category":"rbull"},{"type":"A","date":"2018-03-13T07:44:37.000Z","volume":10000,"price":0.305,"category":"rbull"},{"type":"A","date":"2018-03-13T07:43:30.000Z","volume":5000,"price":0.305,"category":"rbull"},{"type":"A","date":"2018-03-13T07:43:07.000Z","volume":10000,"price":0.305,"category":"rbull"},{"type":"A","date":"2018-03-13T07:42:30.000Z","volume":5000,"price":0.305,"category":"rbull"},{"type":"A","date":"2018-03-13T07:42:07.000Z","volume":10000,"price":0.305,"category":"rbull"},{"type":"A","date":"2018-03-13T07:41:00.000Z","volume":5000,"price":0.305,"category":"rbull"},{"type":"A","date":"2018-03-13T07:40:37.000Z","volume":10000,"price":0.305,"category":"rbull"},{"type":"A","date":"2018-03-13T07:40:00.000Z","volume":5000,"price":0.305,"category":"rbull"},{"type":"A","date":"2018-03-13T07:39:07.000Z","volume":10000,"price":0.305,"category":"rbull"},{"type":"A","date":"2018-03-13T07:38:30.000Z","volume":5000,"price":0.305,"category":"rbull"},{"type":"A","date":"2018-03-13T07:38:07.000Z","volume":10000,"price":0.305,"category":"rbull"},{"type":"A","date":"2018-03-13T07:37:30.000Z","volume":5000,"price":0.305,"category":"rbull"},{"type":"A","date":"2018-03-13T07:36:37.000Z","volume":10000,"price":0.305,"category":"rbull"},{"type":"A","date":"2018-03-13T07:36:00.000Z","volume":5000,"price":0.305,"category":"rbull"},{"type":"A","date":"2018-03-13T07:13:35.000Z","volume":5000,"price":0.305,"category":"rbull"},{"type":"A","date":"2018-03-13T07:04:33.000Z","volume":5000,"price":0.305,"category":"rbull"},{"type":"A","date":"2018-03-13T06:46:00.000Z","volume":5000,"price":0.305,"category":"rbull"},{"type":"A","date":"2018-03-13T06:22:40.000Z","volume":10000,"price":0.305,"category":"rbull"},{"type":"A","date":"2018-03-13T05:54:08.000Z","volume":5000,"price":0.305,"category":"rbull"},{"type":"A","date":"2018-03-13T05:38:53.000Z","volume":10000,"price":0.305,"category":"rbull"},{"type":"A","date":"2018-03-13T05:20:33.000Z","volume":10000,"price":0.305,"category":"rbull"},{"type":"A","date":"2018-03-13T05:02:09.000Z","volume":5000,"price":0.305,"category":"rbull"},{"type":"A","date":"2018-03-13T03:58:10.000Z","volume":10000,"price":0.305,"category":"rbull"},{"type":"A","date":"2018-03-13T03:51:19.000Z","volume":5000,"price":0.305,"category":"rbull"},{"type":"A","date":"2018-03-13T03:26:02.000Z","volume":5000,"price":0.305,"category":"rbull"},{"type":"A","date":"2018-03-13T02:59:04.000Z","volume":5000,"price":0.305,"category":"rbull"},{"type":"A","date":"2018-03-13T02:58:15.000Z","volume":5000,"price":0.305,"category":"rbull"},{"type":"A","date":"2018-03-13T02:57:45.000Z","volume":5000,"price":0.305,"category":"rbull"},{"type":"A","date":"2018-03-13T02:56:00.000Z","volume":5000,"price":0.305,"category":"rbull"},{"type":"A","date":"2018-03-13T02:56:00.000Z","volume":5000,"price":0.305,"category":"rbull"},{"type":"A","date":"2018-03-13T02:54:45.000Z","volume":5000,"price":0.305,"category":"rbull"},{"type":"A","date":"2018-03-13T02:54:45.000Z","volume":5000,"price":0.305,"category":"rbull"},{"type":"A","date":"2018-03-13T02:53:30.000Z","volume":5000,"price":0.305,"category":"rbull"},{"type":"A","date":"2018-03-13T02:52:30.000Z","volume":5000,"price":0.305,"category":"rbull"},{"type":"A","date":"2018-03-13T02:52:30.000Z","volume":5000,"price":0.305,"category":"rbull"},{"type":"A","date":"2018-03-13T02:51:45.000Z","volume":5000,"price":0.305,"category":"rbull"},{"type":"A","date":"2018-03-13T02:51:00.000Z","volume":5000,"price":0.305,"category":"rbull"},{"type":"A","date":"2018-03-13T02:50:00.000Z","volume":5000,"price":0.305,"category":"rbull"},{"type":"A","date":"2018-03-13T02:49:15.000Z","volume":5000,"price":0.305,"category":"rbull"},{"type":"A","date":"2018-03-13T02:48:30.000Z","volume":5000,"price":0.305,"category":"rbull"},{"type":"A","date":"2018-03-13T02:47:15.000Z","volume":5000,"price":0.305,"category":"rbull"},{"type":"A","date":"2018-03-13T02:47:15.000Z","volume":5000,"price":0.305,"category":"rbull"},{"type":"A","date":"2018-03-13T02:46:00.000Z","volume":5000,"price":0.305,"category":"rbull"},{"type":"A","date":"2018-03-13T02:46:00.000Z","volume":5000,"price":0.305,"category":"rbull"},{"type":"A","date":"2018-03-13T02:44:30.000Z","volume":5000,"price":0.305,"category":"rbull"},{"type":"A","date":"2018-03-13T02:44:30.000Z","volume":5000,"price":0.305,"category":"rbull"},{"type":"A","date":"2018-03-13T02:42:15.000Z","volume":5000,"price":0.305,"category":"rbull"},{"type":"A","date":"2018-03-13T02:42:15.000Z","volume":5000,"price":0.305,"category":"rbull"},{"type":"A","date":"2018-03-13T02:41:30.000Z","volume":5000,"price":0.305,"category":"rbull"},{"type":"A","date":"2018-03-13T02:40:45.000Z","volume":5000,"price":0.305,"category":"rbull"},{"type":"A","date":"2018-03-13T02:39:45.000Z","volume":5000,"price":0.305,"category":"rbull"},{"type":"A","date":"2018-03-13T02:39:00.000Z","volume":5000,"price":0.305,"category":"rbull"},{"type":"A","date":"2018-03-13T02:38:00.000Z","volume":5000,"price":0.305,"category":"rbull"},{"type":"A","date":"2018-03-13T02:37:00.000Z","volume":5000,"price":0.305,"category":"rbull"},{"type":"A","date":"2018-03-13T02:35:30.000Z","volume":5000,"price":0.305,"category":"rbull"},{"type":"A","date":"2018-03-13T02:35:30.000Z","volume":5000,"price":0.305,"category":"rbull"},{"type":"A","date":"2018-03-13T02:32:45.000Z","volume":5000,"price":0.305,"category":"rbull"},{"type":"A","date":"2018-03-13T02:32:45.000Z","volume":5000,"price":0.305,"category":"rbull"},{"type":"A","date":"2018-03-13T02:30:15.000Z","volume":5000,"price":0.305,"category":"rbull"},{"type":"A","date":"2018-03-13T02:30:15.000Z","volume":5000,"price":0.305,"category":"rbull"},{"type":"A","date":"2018-03-13T02:28:00.000Z","volume":5000,"price":0.305,"category":"rbull"},{"type":"A","date":"2018-03-13T02:25:45.000Z","volume":5000,"price":0.305,"category":"rbull"},{"type":"A","date":"2018-03-13T02:24:00.000Z","volume":5000,"price":0.305,"category":"rbull"},{"type":"A","date":"2018-03-13T02:22:45.000Z","volume":5000,"price":0.305,"category":"rbull"},{"type":"A","date":"2018-03-13T02:20:45.000Z","volume":5000,"price":0.305,"category":"rbull"},{"type":"A","date":"2018-03-13T02:20:45.000Z","volume":5000,"price":0.305,"category":"rbull"},{"type":"A","date":"2018-03-13T02:18:30.000Z","volume":5000,"price":0.305,"category":"rbull"},{"type":"A","date":"2018-03-13T02:18:30.000Z","volume":5000,"price":0.305,"category":"rbull"},{"type":"A","date":"2018-03-13T02:15:45.000Z","volume":5000,"price":0.305,"category":"rbull"},{"type":"A","date":"2018-03-13T02:15:45.000Z","volume":5000,"price":0.305,"category":"rbull"},{"type":"A","date":"2018-03-13T02:15:45.000Z","volume":5000,"price":0.305,"category":"rbull"},{"type":"A","date":"2018-03-13T02:10:15.000Z","volume":5000,"price":0.305,"category":"rbull"},{"type":"A","date":"2018-03-13T02:10:15.000Z","volume":5000,"price":0.305,"category":"rbull"},{"type":"A","date":"2018-03-13T02:07:45.000Z","volume":5000,"price":0.305,"category":"rbull"},{"type":"A","date":"2018-03-13T02:07:45.000Z","volume":5000,"price":0.305,"category":"rbull"},{"type":"A","date":"2018-03-13T02:05:45.000Z","volume":5000,"price":0.305,"category":"rbull"},{"type":"A","date":"2018-03-13T02:05:45.000Z","volume":5000,"price":0.305,"category":"rbull"},{"type":"A","date":"2018-03-13T01:30:01.000Z","volume":5000,"price":0.305,"category":"rbull"},{"type":"B","date":"2018-03-13T07:59:34.000Z","volume":10000,"price":0.3,"category":"rbear"},{"type":"B","date":"2018-03-13T07:59:11.000Z","volume":10000,"price":0.3,"category":"rbear"},{"type":"B","date":"2018-03-13T07:58:43.000Z","volume":10000,"price":0.3,"category":"rbear"},{"type":"B","date":"2018-03-13T07:58:37.000Z","volume":10000,"price":0.3,"category":"rbear"},{"type":"B","date":"2018-03-13T07:58:32.000Z","volume":10000,"price":0.3,"category":"rbear"},{"type":"B","date":"2018-03-13T07:58:25.000Z","volume":10000,"price":0.3,"category":"rbear"},{"type":"B","date":"2018-03-13T07:58:14.000Z","volume":10000,"price":0.3,"category":"rbear"},{"type":"B","date":"2018-03-13T07:58:06.000Z","volume":10000,"price":0.3,"category":"rbear"},{"type":"B","date":"2018-03-13T07:58:02.000Z","volume":10000,"price":0.3,"category":"rbear"},{"type":"B","date":"2018-03-13T07:57:48.000Z","volume":10000,"price":0.3,"category":"rbear"},{"type":"B","date":"2018-03-13T07:32:41.000Z","volume":10000,"price":0.3,"category":"rbear"},{"type":"B","date":"2018-03-13T07:55:35.000Z","volume":150000,"price":0.3,"category":"bbear"},{"type":"B","date":"2018-03-13T07:46:40.000Z","volume":150000,"price":0.3,"category":"bbear"},{"type":"B","date":"2018-03-13T06:00:31.000Z","volume":300000,"price":0.3,"category":"bbear"},{"type":"B","date":"2018-03-13T05:41:09.000Z","volume":300000,"price":0.3,"category":"bbear"},{"type":"B","date":"2018-03-13T05:33:36.000Z","volume":200000,"price":0.3,"category":"bbear"},{"type":"B","date":"2018-03-13T05:22:28.000Z","volume":300000,"price":0.3,"category":"bbear"},{"type":"B","date":"2018-03-13T03:31:00.000Z","volume":235000,"price":0.3,"category":"bbear"},{"type":"B","date":"2018-03-13T03:27:10.000Z","volume":300000,"price":0.3,"category":"bbear"},{"type":"B","date":"2018-03-13T03:23:02.000Z","volume":300000,"price":0.3,"category":"bbear"},{"type":"B","date":"2018-03-13T03:04:25.000Z","volume":200000,"price":0.3,"category":"bbear"},{"type":"B","date":"2018-03-13T03:04:18.000Z","volume":200000,"price":0.3,"category":"bbear"},{"type":"B","date":"2018-03-13T02:54:38.000Z","volume":200000,"price":0.3,"category":"bbear"},{"type":"B","date":"2018-03-13T02:49:10.000Z","volume":200000,"price":0.3,"category":"bbear"},{"type":"B","date":"2018-03-13T02:40:00.000Z","volume":200000,"price":0.3,"category":"bbear"},{"type":"B","date":"2018-03-13T02:30:01.000Z","volume":340000,"price":0.3,"category":"bbear"},{"type":"B","date":"2018-03-13T02:14:24.000Z","volume":200000,"price":0.3,"category":"bbear"},{"type":"B","date":"2018-03-13T02:08:10.000Z","volume":300000,"price":0.3,"category":"bbear"},{"type":"B","date":"2018-03-13T02:07:27.000Z","volume":110000,"price":0.3,"category":"bbear"},{"type":"B","date":"2018-03-13T02:06:52.000Z","volume":400000,"price":0.3,"category":"bbear"},{"type":"B","date":"2018-03-13T01:57:30.000Z","volume":250000,"price":0.3,"category":"bbear"},{"type":"B","date":"2018-03-13T07:59:42.000Z","volume":1000000,"price":0.3,"category":"ubbear"},{"type":"B","date":"2018-03-13T07:59:31.000Z","volume":1000000,"price":0.3,"category":"ubbear"},{"type":"B","date":"2018-03-13T07:59:11.000Z","volume":1500000,"price":0.3,"category":"ubbear"},{"type":"B","date":"2018-03-13T07:46:16.000Z","volume":500000,"price":0.3,"category":"ubbear"},{"type":"B","date":"2018-03-13T07:39:45.000Z","volume":500000,"price":0.3,"category":"ubbear"},{"type":"B","date":"2018-03-13T07:23:02.000Z","volume":500000,"price":0.3,"category":"ubbear"},{"type":"B","date":"2018-03-13T07:14:56.000Z","volume":620000,"price":0.3,"category":"ubbear"},{"type":"B","date":"2018-03-13T06:48:06.000Z","volume":500000,"price":0.3,"category":"ubbear"},{"type":"B","date":"2018-03-13T06:22:09.000Z","volume":500000,"price":0.3,"category":"ubbear"},{"type":"B","date":"2018-03-13T05:21:45.000Z","volume":2000000,"price":0.3,"category":"ubbear"},{"type":"B","date":"2018-03-13T05:00:04.000Z","volume":475000,"price":0.3,"category":"ubbear"},{"type":"B","date":"2018-03-13T03:58:21.000Z","volume":500000,"price":0.3,"category":"ubbear"},{"type":"B","date":"2018-03-13T03:37:21.000Z","volume":1000000,"price":0.3,"category":"ubbear"},{"type":"B","date":"2018-03-13T03:37:08.000Z","volume":500000,"price":0.3,"category":"ubbear"},{"type":"B","date":"2018-03-13T03:31:00.000Z","volume":480000,"price":0.3,"category":"ubbear"},{"type":"B","date":"2018-03-13T03:24:27.000Z","volume":500000,"price":0.3,"category":"ubbear"},{"type":"B","date":"2018-03-13T02:24:21.000Z","volume":500000,"price":0.3,"category":"ubbear"},{"type":"B","date":"2018-03-13T02:08:16.000Z","volume":500000,"price":0.3,"category":"ubbear"},{"type":"B","date":"2018-03-13T01:54:46.000Z","volume":500000,"price":0.3,"category":"ubbear"},{"type":"B","date":"2018-03-13T01:53:06.000Z","volume":500000,"price":0.3,"category":"ubbear"},{"type":"B","date":"2018-03-13T01:46:47.000Z","volume":1300000,"price":0.3,"category":"ubbear"},{"type":"B","date":"2018-03-13T01:40:11.000Z","volume":500000,"price":0.3,"category":"ubbear"}]