[{"type":"U","date":"2018-03-26T01:20:00.000Z","volume":200000,"label":"U","price":1.76},{"type":"B","date":"2018-03-26T01:30:14.000Z","volume":60000,"label":" ","price":1.76},{"type":"B","date":"2018-03-26T01:30:22.000Z","volume":12000,"label":" ","price":1.76},{"type":"A","date":"2018-03-26T01:30:41.000Z","volume":60000,"label":" ","price":1.76},{"type":"A","date":"2018-03-26T01:30:41.000Z","volume":32000,"label":" ","price":1.76},{"type":"A","date":"2018-03-26T01:30:42.000Z","volume":4000,"label":" ","price":1.76},{"type":"B","date":"2018-03-26T01:31:05.000Z","volume":24000,"label":" ","price":1.76},{"type":"B","date":"2018-03-26T01:32:16.000Z","volume":40000,"label":" ","price":1.76},{"type":"A","date":"2018-03-26T01:32:50.000Z","volume":4000,"label":" ","price":1.78},{"type":"B","date":"2018-03-26T01:35:54.000Z","volume":8000,"label":" ","price":1.76},{"type":"B","date":"2018-03-26T01:36:26.000Z","volume":4000,"label":" ","price":1.76},{"type":"B","date":"2018-03-26T01:36:55.000Z","volume":40000,"label":" ","price":1.76},{"type":"B","date":"2018-03-26T01:37:19.000Z","volume":64000,"label":" ","price":1.76},{"type":"B","date":"2018-03-26T01:39:33.000Z","volume":80000,"label":" ","price":1.75},{"type":"B","date":"2018-03-26T01:39:33.000Z","volume":48000,"label":" ","price":1.75},{"type":"B","date":"2018-03-26T01:40:20.000Z","volume":80000,"label":" ","price":1.75},{"type":"B","date":"2018-03-26T01:42:51.000Z","volume":80000,"label":" ","price":1.75},{"type":"B","date":"2018-03-26T01:43:45.000Z","volume":80000,"label":" ","price":1.75},{"type":"B","date":"2018-03-26T01:43:47.000Z","volume":32000,"label":" ","price":1.75},{"type":"B","date":"2018-03-26T01:44:41.000Z","volume":12000,"label":" ","price":1.75},{"type":"B","date":"2018-03-26T01:44:58.000Z","volume":80000,"label":" ","price":1.75},{"type":"B","date":"2018-03-26T01:46:46.000Z","volume":36000,"label":" ","price":1.75},{"type":"B","date":"2018-03-26T01:50:39.000Z","volume":40000,"label":" ","price":1.75},{"type":"B","date":"2018-03-26T01:50:46.000Z","volume":8000,"label":" ","price":1.75},{"type":"B","date":"2018-03-26T01:53:53.000Z","volume":16000,"label":"Y","price":1.75},{"type":"A","date":"2018-03-26T01:55:44.000Z","volume":400000,"label":" ","price":1.76},{"type":"A","date":"2018-03-26T01:55:44.000Z","volume":52000,"label":" ","price":1.76},{"type":"A","date":"2018-03-26T01:55:44.000Z","volume":32000,"label":" ","price":1.76},{"type":"A","date":"2018-03-26T01:55:44.000Z","volume":60000,"label":" ","price":1.76},{"type":"A","date":"2018-03-26T01:55:44.000Z","volume":96000,"label":" ","price":1.76},{"type":"A","date":"2018-03-26T01:55:44.000Z","volume":32000,"label":" ","price":1.76},{"type":"A","date":"2018-03-26T01:55:45.000Z","volume":4000,"label":" ","price":1.77},{"type":"A","date":"2018-03-26T01:56:08.000Z","volume":20000,"label":" ","price":1.77},{"type":"A","date":"2018-03-26T01:56:08.000Z","volume":40000,"label":" ","price":1.77},{"type":"A","date":"2018-03-26T01:56:22.000Z","volume":40000,"label":" ","price":1.78},{"type":"A","date":"2018-03-26T02:01:06.000Z","volume":8000,"label":" ","price":1.78},{"type":"A","date":"2018-03-26T02:04:57.000Z","volume":76000,"label":" ","price":1.78},{"type":"A","date":"2018-03-26T02:04:57.000Z","volume":4000,"label":" ","price":1.78},{"type":"A","date":"2018-03-26T02:04:57.000Z","volume":4000,"label":" ","price":1.78},{"type":"A","date":"2018-03-26T02:04:58.000Z","volume":4000,"label":" ","price":1.79},{"type":"B","date":"2018-03-26T02:05:17.000Z","volume":40000,"label":" ","price":1.78},{"type":"U","date":"2018-03-26T02:06:51.000Z","volume":4000,"label":" ","price":1.78},{"type":"B","date":"2018-03-26T02:07:19.000Z","volume":4000,"label":" ","price":1.78},{"type":"B","date":"2018-03-26T02:07:19.000Z","volume":4000,"label":" ","price":1.78},{"type":"A","date":"2018-03-26T02:12:14.000Z","volume":20000,"label":" ","price":1.78},{"type":"A","date":"2018-03-26T02:12:54.000Z","volume":8000,"label":" ","price":1.78},{"type":"B","date":"2018-03-26T02:21:28.000Z","volume":148000,"label":" ","price":1.77},{"type":"B","date":"2018-03-26T02:25:45.000Z","volume":8000,"label":" ","price":1.76},{"type":"B","date":"2018-03-26T02:25:45.000Z","volume":12000,"label":" ","price":1.76},{"type":"B","date":"2018-03-26T02:27:50.000Z","volume":8000,"label":" ","price":1.76},{"type":"A","date":"2018-03-26T02:33:52.000Z","volume":16000,"label":" ","price":1.77},{"type":"A","date":"2018-03-26T02:39:31.000Z","volume":8000,"label":" ","price":1.77},{"type":"A","date":"2018-03-26T02:41:03.000Z","volume":4000,"label":" ","price":1.77},{"type":"B","date":"2018-03-26T02:41:14.000Z","volume":8000,"label":" ","price":1.76},{"type":"A","date":"2018-03-26T02:49:58.000Z","volume":12000,"label":" ","price":1.77},{"type":"A","date":"2018-03-26T02:52:23.000Z","volume":200000,"label":" ","price":1.77},{"type":"A","date":"2018-03-26T02:56:53.000Z","volume":4000,"label":" ","price":1.77},{"type":"A","date":"2018-03-26T02:56:53.000Z","volume":4000,"label":" ","price":1.77},{"type":"A","date":"2018-03-26T02:59:52.000Z","volume":4000,"label":" ","price":1.77},{"type":"B","date":"2018-03-26T03:00:11.000Z","volume":4000,"label":" ","price":1.76},{"type":"A","date":"2018-03-26T03:00:43.000Z","volume":4000,"label":" ","price":1.77},{"type":"A","date":"2018-03-26T03:09:37.000Z","volume":4000,"label":" ","price":1.77},{"type":"B","date":"2018-03-26T03:09:54.000Z","volume":8000,"label":" ","price":1.76},{"type":"A","date":"2018-03-26T03:10:02.000Z","volume":8000,"label":" ","price":1.77},{"type":"A","date":"2018-03-26T03:10:42.000Z","volume":4000,"label":" ","price":1.77},{"type":"B","date":"2018-03-26T03:12:28.000Z","volume":100000,"label":" ","price":1.76},{"type":"B","date":"2018-03-26T03:12:28.000Z","volume":16000,"label":" ","price":1.76},{"type":"B","date":"2018-03-26T03:17:00.000Z","volume":12000,"label":" ","price":1.76},{"type":"B","date":"2018-03-26T03:28:21.000Z","volume":28000,"label":"Y","price":1.76},{"type":"A","date":"2018-03-26T03:28:32.000Z","volume":4000,"label":" ","price":1.77},{"type":"B","date":"2018-03-26T03:29:06.000Z","volume":8000,"label":" ","price":1.76},{"type":"A","date":"2018-03-26T03:30:46.000Z","volume":4000,"label":" ","price":1.77},{"type":"B","date":"2018-03-26T03:40:11.000Z","volume":4000,"label":" ","price":1.76},{"type":"B","date":"2018-03-26T03:40:24.000Z","volume":8000,"label":" ","price":1.76},{"type":"A","date":"2018-03-26T03:40:35.000Z","volume":4000,"label":" ","price":1.77},{"type":"B","date":"2018-03-26T03:42:47.000Z","volume":4000,"label":" ","price":1.76},{"type":"A","date":"2018-03-26T03:45:30.000Z","volume":20000,"label":" ","price":1.77},{"type":"A","date":"2018-03-26T03:50:45.000Z","volume":8000,"label":" ","price":1.77},{"type":"B","date":"2018-03-26T03:55:01.000Z","volume":120000,"label":" ","price":1.76},{"type":"B","date":"2018-03-26T05:00:11.000Z","volume":12000,"label":" ","price":1.76},{"type":"A","date":"2018-03-26T05:01:34.000Z","volume":4000,"label":" ","price":1.77},{"type":"A","date":"2018-03-26T05:01:48.000Z","volume":4000,"label":" ","price":1.77},{"type":"B","date":"2018-03-26T05:04:35.000Z","volume":8000,"label":" ","price":1.76},{"type":"B","date":"2018-03-26T05:05:43.000Z","volume":8000,"label":" ","price":1.76},{"type":"A","date":"2018-03-26T05:08:54.000Z","volume":200000,"label":" ","price":1.77},{"type":"A","date":"2018-03-26T05:14:49.000Z","volume":4000,"label":" ","price":1.77},{"type":"U","date":"2018-03-26T05:14:54.000Z","volume":8000,"label":"X","price":1.765},{"type":"A","date":"2018-03-26T05:16:34.000Z","volume":4000,"label":" ","price":1.77},{"type":"A","date":"2018-03-26T05:17:27.000Z","volume":4000,"label":" ","price":1.77},{"type":"B","date":"2018-03-26T05:20:12.000Z","volume":108000,"label":" ","price":1.76},{"type":"A","date":"2018-03-26T05:20:13.000Z","volume":4000,"label":" ","price":1.77},{"type":"A","date":"2018-03-26T05:23:35.000Z","volume":4000,"label":" ","price":1.77},{"type":"A","date":"2018-03-26T05:24:42.000Z","volume":4000,"label":" ","price":1.77},{"type":"B","date":"2018-03-26T05:25:23.000Z","volume":4000,"label":" ","price":1.76},{"type":"B","date":"2018-03-26T05:26:50.000Z","volume":48000,"label":" ","price":1.76},{"type":"B","date":"2018-03-26T05:26:57.000Z","volume":4000,"label":" ","price":1.76},{"type":"B","date":"2018-03-26T05:27:53.000Z","volume":40000,"label":" ","price":1.76},{"type":"A","date":"2018-03-26T05:30:50.000Z","volume":4000,"label":" ","price":1.77},{"type":"A","date":"2018-03-26T05:34:35.000Z","volume":4000,"label":" ","price":1.77},{"type":"A","date":"2018-03-26T05:38:09.000Z","volume":4000,"label":" ","price":1.77},{"type":"B","date":"2018-03-26T05:40:22.000Z","volume":4000,"label":" ","price":1.76},{"type":"A","date":"2018-03-26T05:43:28.000Z","volume":4000,"label":" ","price":1.77},{"type":"A","date":"2018-03-26T05:43:35.000Z","volume":4000,"label":" ","price":1.77},{"type":"A","date":"2018-03-26T05:44:36.000Z","volume":100000,"label":" ","price":1.77},{"type":"A","date":"2018-03-26T05:47:34.000Z","volume":32000,"label":"Y","price":1.77},{"type":"A","date":"2018-03-26T05:47:34.000Z","volume":68000,"label":" ","price":1.77},{"type":"A","date":"2018-03-26T05:47:51.000Z","volume":40000,"label":" ","price":1.77},{"type":"A","date":"2018-03-26T05:47:51.000Z","volume":4000,"label":" ","price":1.77},{"type":"A","date":"2018-03-26T05:47:52.000Z","volume":4000,"label":" ","price":1.77},{"type":"A","date":"2018-03-26T05:47:52.000Z","volume":4000,"label":" ","price":1.78},{"type":"A","date":"2018-03-26T05:51:35.000Z","volume":4000,"label":" ","price":1.78},{"type":"A","date":"2018-03-26T05:51:38.000Z","volume":4000,"label":" ","price":1.78},{"type":"B","date":"2018-03-26T05:54:02.000Z","volume":28000,"label":" ","price":1.77},{"type":"B","date":"2018-03-26T05:55:03.000Z","volume":4000,"label":" ","price":1.77},{"type":"B","date":"2018-03-26T05:56:59.000Z","volume":24000,"label":" ","price":1.76},{"type":"A","date":"2018-03-26T06:08:38.000Z","volume":4000,"label":" ","price":1.77},{"type":"A","date":"2018-03-26T06:10:44.000Z","volume":12000,"label":" ","price":1.77},{"type":"A","date":"2018-03-26T06:10:44.000Z","volume":4000,"label":" ","price":1.77},{"type":"A","date":"2018-03-26T06:10:55.000Z","volume":4000,"label":" ","price":1.77},{"type":"B","date":"2018-03-26T06:13:40.000Z","volume":20000,"label":" ","price":1.77},{"type":"A","date":"2018-03-26T06:21:42.000Z","volume":256000,"label":" ","price":1.78},{"type":"A","date":"2018-03-26T06:22:06.000Z","volume":4000,"label":" ","price":1.79},{"type":"B","date":"2018-03-26T06:22:42.000Z","volume":8000,"label":" ","price":1.78},{"type":"A","date":"2018-03-26T06:25:11.000Z","volume":4000,"label":" ","price":1.78},{"type":"A","date":"2018-03-26T06:25:37.000Z","volume":60000,"label":" ","price":1.78},{"type":"B","date":"2018-03-26T06:25:50.000Z","volume":388000,"label":" ","price":1.77},{"type":"A","date":"2018-03-26T06:27:19.000Z","volume":140000,"label":" ","price":1.78},{"type":"B","date":"2018-03-26T06:36:02.000Z","volume":20000,"label":" ","price":1.78},{"type":"A","date":"2018-03-26T06:36:35.000Z","volume":100000,"label":" ","price":1.79},{"type":"B","date":"2018-03-26T06:36:36.000Z","volume":4000,"label":" ","price":1.78},{"type":"A","date":"2018-03-26T06:37:07.000Z","volume":4000,"label":" ","price":1.78},{"type":"A","date":"2018-03-26T06:37:37.000Z","volume":4000,"label":" ","price":1.78},{"type":"B","date":"2018-03-26T06:39:25.000Z","volume":8000,"label":" ","price":1.78},{"type":"A","date":"2018-03-26T06:40:47.000Z","volume":20000,"label":" ","price":1.79},{"type":"A","date":"2018-03-26T06:42:21.000Z","volume":40000,"label":" ","price":1.79},{"type":"A","date":"2018-03-26T06:45:53.000Z","volume":4000,"label":" ","price":1.79},{"type":"A","date":"2018-03-26T06:48:45.000Z","volume":4000,"label":" ","price":1.79},{"type":"A","date":"2018-03-26T06:49:35.000Z","volume":4000,"label":" ","price":1.79},{"type":"A","date":"2018-03-26T06:52:24.000Z","volume":4000,"label":" ","price":1.79},{"type":"A","date":"2018-03-26T06:53:02.000Z","volume":40000,"label":" ","price":1.79},{"type":"B","date":"2018-03-26T06:53:02.000Z","volume":4000,"label":" ","price":1.78},{"type":"B","date":"2018-03-26T06:53:16.000Z","volume":48000,"label":" ","price":1.78},{"type":"B","date":"2018-03-26T06:55:17.000Z","volume":4000,"label":" ","price":1.78},{"type":"A","date":"2018-03-26T06:59:07.000Z","volume":4000,"label":" ","price":1.79},{"type":"A","date":"2018-03-26T07:01:11.000Z","volume":4000,"label":" ","price":1.79},{"type":"B","date":"2018-03-26T07:01:11.000Z","volume":4000,"label":" ","price":1.78},{"type":"A","date":"2018-03-26T07:04:08.000Z","volume":4000,"label":" ","price":1.79},{"type":"B","date":"2018-03-26T07:05:17.000Z","volume":4000,"label":" ","price":1.78},{"type":"A","date":"2018-03-26T07:06:53.000Z","volume":4000,"label":" ","price":1.79},{"type":"A","date":"2018-03-26T07:09:55.000Z","volume":100000,"label":" ","price":1.79},{"type":"A","date":"2018-03-26T07:09:55.000Z","volume":4000,"label":" ","price":1.79},{"type":"A","date":"2018-03-26T07:11:47.000Z","volume":232000,"label":" ","price":1.79},{"type":"A","date":"2018-03-26T07:12:17.000Z","volume":12000,"label":" ","price":1.8},{"type":"A","date":"2018-03-26T07:12:29.000Z","volume":4000,"label":" ","price":1.8},{"type":"A","date":"2018-03-26T07:12:33.000Z","volume":40000,"label":" ","price":1.8},{"type":"A","date":"2018-03-26T07:12:36.000Z","volume":20000,"label":" ","price":1.8},{"type":"B","date":"2018-03-26T07:12:48.000Z","volume":40000,"label":" ","price":1.79},{"type":"B","date":"2018-03-26T07:13:56.000Z","volume":48000,"label":" ","price":1.79},{"type":"B","date":"2018-03-26T07:13:56.000Z","volume":4000,"label":" ","price":1.79},{"type":"A","date":"2018-03-26T07:15:28.000Z","volume":4000,"label":" ","price":1.8},{"type":"A","date":"2018-03-26T07:16:08.000Z","volume":8000,"label":" ","price":1.8},{"type":"A","date":"2018-03-26T07:18:24.000Z","volume":4000,"label":" ","price":1.8},{"type":"B","date":"2018-03-26T07:19:17.000Z","volume":100000,"label":" ","price":1.79},{"type":"B","date":"2018-03-26T07:19:17.000Z","volume":4000,"label":" ","price":1.79},{"type":"B","date":"2018-03-26T07:19:17.000Z","volume":4000,"label":" ","price":1.79},{"type":"B","date":"2018-03-26T07:19:45.000Z","volume":100000,"label":" ","price":1.79},{"type":"B","date":"2018-03-26T07:19:45.000Z","volume":4000,"label":" ","price":1.79},{"type":"A","date":"2018-03-26T07:19:46.000Z","volume":4000,"label":"Y","price":1.8},{"type":"B","date":"2018-03-26T07:20:16.000Z","volume":100000,"label":" ","price":1.79},{"type":"B","date":"2018-03-26T07:20:16.000Z","volume":4000,"label":" ","price":1.79},{"type":"B","date":"2018-03-26T07:20:51.000Z","volume":100000,"label":" ","price":1.79},{"type":"B","date":"2018-03-26T07:20:51.000Z","volume":4000,"label":" ","price":1.79},{"type":"B","date":"2018-03-26T07:20:51.000Z","volume":4000,"label":" ","price":1.79},{"type":"B","date":"2018-03-26T07:21:25.000Z","volume":20000,"label":" ","price":1.79},{"type":"B","date":"2018-03-26T07:21:25.000Z","volume":68000,"label":" ","price":1.79},{"type":"B","date":"2018-03-26T07:21:25.000Z","volume":4000,"label":" ","price":1.79},{"type":"B","date":"2018-03-26T07:21:33.000Z","volume":100000,"label":" ","price":1.79},{"type":"B","date":"2018-03-26T07:21:33.000Z","volume":20000,"label":" ","price":1.79},{"type":"B","date":"2018-03-26T07:21:33.000Z","volume":4000,"label":" ","price":1.79},{"type":"B","date":"2018-03-26T07:23:55.000Z","volume":36000,"label":" ","price":1.79},{"type":"B","date":"2018-03-26T07:23:55.000Z","volume":4000,"label":" ","price":1.78},{"type":"B","date":"2018-03-26T07:24:14.000Z","volume":40000,"label":" ","price":1.78},{"type":"A","date":"2018-03-26T07:25:33.000Z","volume":188000,"label":" ","price":1.79},{"type":"B","date":"2018-03-26T07:25:59.000Z","volume":12000,"label":" ","price":1.79},{"type":"B","date":"2018-03-26T07:29:05.000Z","volume":4000,"label":" ","price":1.79},{"type":"A","date":"2018-03-26T07:29:06.000Z","volume":4000,"label":"Y","price":1.8},{"type":"B","date":"2018-03-26T07:29:31.000Z","volume":16000,"label":" ","price":1.79},{"type":"B","date":"2018-03-26T07:30:24.000Z","volume":4000,"label":" ","price":1.78},{"type":"B","date":"2018-03-26T07:32:43.000Z","volume":20000,"label":" ","price":1.78},{"type":"A","date":"2018-03-26T07:35:01.000Z","volume":8000,"label":" ","price":1.79},{"type":"B","date":"2018-03-26T07:35:24.000Z","volume":4000,"label":" ","price":1.78},{"type":"B","date":"2018-03-26T07:35:24.000Z","volume":4000,"label":" ","price":1.78},{"type":"B","date":"2018-03-26T07:37:31.000Z","volume":44000,"label":" ","price":1.78},{"type":"B","date":"2018-03-26T07:40:30.000Z","volume":40000,"label":" ","price":1.78},{"type":"B","date":"2018-03-26T07:40:30.000Z","volume":4000,"label":" ","price":1.78},{"type":"B","date":"2018-03-26T07:42:40.000Z","volume":4000,"label":" ","price":1.78},{"type":"A","date":"2018-03-26T07:43:16.000Z","volume":4000,"label":" ","price":1.79},{"type":"A","date":"2018-03-26T07:44:26.000Z","volume":4000,"label":" ","price":1.79},{"type":"A","date":"2018-03-26T07:45:31.000Z","volume":24000,"label":" ","price":1.79},{"type":"A","date":"2018-03-26T07:46:27.000Z","volume":4000,"label":" ","price":1.79},{"type":"A","date":"2018-03-26T07:48:49.000Z","volume":4000,"label":" ","price":1.79},{"type":"A","date":"2018-03-26T07:49:05.000Z","volume":8000,"label":" ","price":1.79},{"type":"A","date":"2018-03-26T07:49:05.000Z","volume":4000,"label":" ","price":1.79},{"type":"A","date":"2018-03-26T07:49:14.000Z","volume":8000,"label":" ","price":1.79},{"type":"A","date":"2018-03-26T07:49:49.000Z","volume":12000,"label":" ","price":1.79},{"type":"B","date":"2018-03-26T07:49:49.000Z","volume":4000,"label":" ","price":1.78},{"type":"A","date":"2018-03-26T07:50:35.000Z","volume":4000,"label":" ","price":1.79},{"type":"A","date":"2018-03-26T07:51:14.000Z","volume":16000,"label":" ","price":1.79},{"type":"A","date":"2018-03-26T07:51:52.000Z","volume":4000,"label":" ","price":1.79},{"type":"A","date":"2018-03-26T07:52:21.000Z","volume":4000,"label":" ","price":1.79},{"type":"A","date":"2018-03-26T07:53:35.000Z","volume":4000,"label":" ","price":1.79},{"type":"A","date":"2018-03-26T07:53:49.000Z","volume":8000,"label":" ","price":1.79},{"type":"B","date":"2018-03-26T07:54:08.000Z","volume":4000,"label":" ","price":1.78},{"type":"A","date":"2018-03-26T07:54:35.000Z","volume":4000,"label":" ","price":1.79},{"type":"A","date":"2018-03-26T07:55:39.000Z","volume":4000,"label":" ","price":1.79},{"type":"A","date":"2018-03-26T07:55:56.000Z","volume":80000,"label":" ","price":1.79},{"type":"B","date":"2018-03-26T07:55:56.000Z","volume":4000,"label":" ","price":1.78},{"type":"A","date":"2018-03-26T07:56:05.000Z","volume":4000,"label":" ","price":1.79},{"type":"A","date":"2018-03-26T07:56:09.000Z","volume":44000,"label":" ","price":1.79},{"type":"B","date":"2018-03-26T07:56:09.000Z","volume":4000,"label":" ","price":1.79},{"type":"B","date":"2018-03-26T07:56:09.000Z","volume":4000,"label":" ","price":1.79},{"type":"A","date":"2018-03-26T07:56:19.000Z","volume":4000,"label":" ","price":1.79},{"type":"A","date":"2018-03-26T07:56:19.000Z","volume":4000,"label":" ","price":1.8},{"type":"B","date":"2018-03-26T07:56:53.000Z","volume":4000,"label":" ","price":1.79},{"type":"A","date":"2018-03-26T07:57:05.000Z","volume":4000,"label":" ","price":1.8},{"type":"A","date":"2018-03-26T07:57:49.000Z","volume":4000,"label":" ","price":1.8},{"type":"A","date":"2018-03-26T07:58:05.000Z","volume":4000,"label":" ","price":1.8},{"type":"A","date":"2018-03-26T07:58:49.000Z","volume":4000,"label":" ","price":1.8},{"type":"A","date":"2018-03-26T07:59:05.000Z","volume":4000,"label":" ","price":1.8},{"type":"B","date":"2018-03-26T07:59:10.000Z","volume":20000,"label":"Y","price":1.79},{"type":"B","date":"2018-03-26T07:59:10.000Z","volume":100000,"label":" ","price":1.79},{"type":"B","date":"2018-03-26T07:59:10.000Z","volume":4000,"label":" ","price":1.79},{"type":"A","date":"2018-03-26T07:59:30.000Z","volume":4000,"label":" ","price":1.8},{"type":"U","date":"2018-03-26T08:08:01.000Z","volume":72000,"label":"U","price":1.8}]