[{"type":"U","date":"2018-04-18T01:20:00.000Z","volume":56000,"label":"U","price":6.58},{"type":"A","date":"2018-04-18T01:30:04.000Z","volume":20000,"label":" ","price":6.56},{"type":"B","date":"2018-04-18T01:30:09.000Z","volume":4000,"label":" ","price":6.52},{"type":"B","date":"2018-04-18T01:30:32.000Z","volume":8000,"label":" ","price":6.53},{"type":"U","date":"2018-04-18T01:30:33.000Z","volume":2000,"label":"Y","price":6.52},{"type":"A","date":"2018-04-18T01:30:33.000Z","volume":2000,"label":" ","price":6.52},{"type":"A","date":"2018-04-18T01:30:33.000Z","volume":6000,"label":" ","price":6.52},{"type":"A","date":"2018-04-18T01:30:33.000Z","volume":2000,"label":" ","price":6.52},{"type":"A","date":"2018-04-18T01:30:35.000Z","volume":4000,"label":" ","price":6.53},{"type":"A","date":"2018-04-18T01:30:36.000Z","volume":4000,"label":" ","price":6.53},{"type":"A","date":"2018-04-18T01:30:40.000Z","volume":2000,"label":" ","price":6.53},{"type":"A","date":"2018-04-18T01:30:47.000Z","volume":10000,"label":" ","price":6.53},{"type":"B","date":"2018-04-18T01:30:47.000Z","volume":6000,"label":" ","price":6.52},{"type":"B","date":"2018-04-18T01:30:48.000Z","volume":2000,"label":" ","price":6.53},{"type":"A","date":"2018-04-18T01:30:49.000Z","volume":2000,"label":" ","price":6.53},{"type":"A","date":"2018-04-18T01:30:49.000Z","volume":6000,"label":" ","price":6.55},{"type":"A","date":"2018-04-18T01:30:49.000Z","volume":56000,"label":" ","price":6.56},{"type":"A","date":"2018-04-18T01:30:49.000Z","volume":6000,"label":" ","price":6.57},{"type":"A","date":"2018-04-18T01:30:49.000Z","volume":2000,"label":" ","price":6.53},{"type":"B","date":"2018-04-18T01:30:49.000Z","volume":2000,"label":"Y","price":6.52},{"type":"B","date":"2018-04-18T01:30:49.000Z","volume":8000,"label":" ","price":6.52},{"type":"B","date":"2018-04-18T01:30:49.000Z","volume":4000,"label":" ","price":6.51},{"type":"B","date":"2018-04-18T01:30:50.000Z","volume":4000,"label":" ","price":6.52},{"type":"B","date":"2018-04-18T01:30:51.000Z","volume":6000,"label":" ","price":6.52},{"type":"A","date":"2018-04-18T01:30:51.000Z","volume":16000,"label":" ","price":6.52},{"type":"A","date":"2018-04-18T01:30:51.000Z","volume":12000,"label":" ","price":6.52},{"type":"A","date":"2018-04-18T01:30:54.000Z","volume":12000,"label":" ","price":6.52},{"type":"B","date":"2018-04-18T01:30:55.000Z","volume":6000,"label":" ","price":6.51},{"type":"A","date":"2018-04-18T01:31:01.000Z","volume":4000,"label":" ","price":6.52},{"type":"B","date":"2018-04-18T01:31:08.000Z","volume":18000,"label":" ","price":6.51},{"type":"B","date":"2018-04-18T01:31:32.000Z","volume":36000,"label":" ","price":6.5},{"type":"A","date":"2018-04-18T01:31:32.000Z","volume":4000,"label":" ","price":6.52},{"type":"B","date":"2018-04-18T01:31:32.000Z","volume":6000,"label":" ","price":6.49},{"type":"B","date":"2018-04-18T01:32:02.000Z","volume":2000,"label":" ","price":6.49},{"type":"B","date":"2018-04-18T01:32:02.000Z","volume":2000,"label":" ","price":6.49},{"type":"B","date":"2018-04-18T01:32:02.000Z","volume":2000,"label":" ","price":6.46},{"type":"B","date":"2018-04-18T01:32:02.000Z","volume":8000,"label":" ","price":6.45},{"type":"A","date":"2018-04-18T01:32:11.000Z","volume":6000,"label":" ","price":6.45},{"type":"B","date":"2018-04-18T01:32:23.000Z","volume":16000,"label":" ","price":6.42},{"type":"B","date":"2018-04-18T01:32:23.000Z","volume":28000,"label":" ","price":6.42},{"type":"A","date":"2018-04-18T01:32:24.000Z","volume":16000,"label":" ","price":6.46},{"type":"B","date":"2018-04-18T01:32:25.000Z","volume":12000,"label":" ","price":6.42},{"type":"A","date":"2018-04-18T01:33:19.000Z","volume":22000,"label":" ","price":6.47},{"type":"A","date":"2018-04-18T01:33:19.000Z","volume":2000,"label":" ","price":6.47},{"type":"A","date":"2018-04-18T01:33:19.000Z","volume":4000,"label":" ","price":6.47},{"type":"A","date":"2018-04-18T01:33:24.000Z","volume":14000,"label":" ","price":6.49},{"type":"A","date":"2018-04-18T01:33:24.000Z","volume":6000,"label":" ","price":6.5},{"type":"A","date":"2018-04-18T01:33:24.000Z","volume":2000,"label":" ","price":6.49},{"type":"A","date":"2018-04-18T01:33:24.000Z","volume":2000,"label":" ","price":6.49},{"type":"B","date":"2018-04-18T01:34:25.000Z","volume":4000,"label":" ","price":6.48},{"type":"A","date":"2018-04-18T01:34:32.000Z","volume":2000,"label":" ","price":6.51},{"type":"B","date":"2018-04-18T01:34:32.000Z","volume":2000,"label":" ","price":6.47},{"type":"U","date":"2018-04-18T01:34:33.000Z","volume":2000,"label":" ","price":6.48},{"type":"U","date":"2018-04-18T01:34:57.000Z","volume":4000,"label":" ","price":6.48},{"type":"B","date":"2018-04-18T01:34:58.000Z","volume":4000,"label":" ","price":6.47},{"type":"A","date":"2018-04-18T01:35:04.000Z","volume":4000,"label":" ","price":6.48},{"type":"B","date":"2018-04-18T01:35:05.000Z","volume":2000,"label":" ","price":6.47},{"type":"B","date":"2018-04-18T01:35:13.000Z","volume":100000,"label":" ","price":6.47},{"type":"B","date":"2018-04-18T01:35:13.000Z","volume":4000,"label":" ","price":6.47},{"type":"A","date":"2018-04-18T01:35:13.000Z","volume":4000,"label":" ","price":6.48},{"type":"B","date":"2018-04-18T01:35:13.000Z","volume":2000,"label":" ","price":6.46},{"type":"B","date":"2018-04-18T01:35:13.000Z","volume":2000,"label":" ","price":6.46},{"type":"B","date":"2018-04-18T01:35:13.000Z","volume":2000,"label":" ","price":6.46},{"type":"B","date":"2018-04-18T01:35:13.000Z","volume":2000,"label":" ","price":6.46},{"type":"B","date":"2018-04-18T01:35:13.000Z","volume":2000,"label":" ","price":6.46},{"type":"B","date":"2018-04-18T01:35:13.000Z","volume":2000,"label":" ","price":6.46},{"type":"B","date":"2018-04-18T01:35:14.000Z","volume":22000,"label":" ","price":6.44},{"type":"B","date":"2018-04-18T01:35:14.000Z","volume":10000,"label":" ","price":6.43},{"type":"B","date":"2018-04-18T01:35:14.000Z","volume":2000,"label":" ","price":6.42},{"type":"B","date":"2018-04-18T01:35:14.000Z","volume":2000,"label":" ","price":6.41},{"type":"B","date":"2018-04-18T01:35:14.000Z","volume":2000,"label":" ","price":6.4},{"type":"B","date":"2018-04-18T01:35:14.000Z","volume":2000,"label":" ","price":6.4},{"type":"B","date":"2018-04-18T01:35:15.000Z","volume":2000,"label":" ","price":6.43},{"type":"B","date":"2018-04-18T01:35:16.000Z","volume":36000,"label":"Y","price":6.4},{"type":"B","date":"2018-04-18T01:35:16.000Z","volume":8000,"label":" ","price":6.4},{"type":"B","date":"2018-04-18T01:35:16.000Z","volume":6000,"label":" ","price":6.4},{"type":"U","date":"2018-04-18T01:35:16.000Z","volume":6000,"label":"X","price":6.4},{"type":"B","date":"2018-04-18T01:35:17.000Z","volume":2000,"label":"Y","price":6.4},{"type":"B","date":"2018-04-18T01:35:17.000Z","volume":2000,"label":"Y","price":6.4},{"type":"B","date":"2018-04-18T01:35:21.000Z","volume":6000,"label":" ","price":6.41},{"type":"B","date":"2018-04-18T01:35:22.000Z","volume":16000,"label":" ","price":6.41},{"type":"B","date":"2018-04-18T01:35:22.000Z","volume":16000,"label":"Y","price":6.4},{"type":"A","date":"2018-04-18T01:35:24.000Z","volume":4000,"label":" ","price":6.43},{"type":"B","date":"2018-04-18T01:35:25.000Z","volume":2000,"label":"Y","price":6.4},{"type":"B","date":"2018-04-18T01:35:45.000Z","volume":10000,"label":" ","price":6.42},{"type":"B","date":"2018-04-18T01:35:46.000Z","volume":6000,"label":" ","price":6.41},{"type":"A","date":"2018-04-18T01:36:10.000Z","volume":6000,"label":" ","price":6.42},{"type":"B","date":"2018-04-18T01:36:11.000Z","volume":2000,"label":" ","price":6.41},{"type":"A","date":"2018-04-18T01:36:13.000Z","volume":30000,"label":" ","price":6.43},{"type":"A","date":"2018-04-18T01:36:13.000Z","volume":4000,"label":" ","price":6.43},{"type":"U","date":"2018-04-18T01:36:13.000Z","volume":2000,"label":" ","price":6.42},{"type":"A","date":"2018-04-18T01:37:07.000Z","volume":2000,"label":" ","price":6.43},{"type":"A","date":"2018-04-18T01:37:07.000Z","volume":2000,"label":" ","price":6.43},{"type":"B","date":"2018-04-18T01:39:11.000Z","volume":6000,"label":" ","price":6.42},{"type":"B","date":"2018-04-18T01:39:11.000Z","volume":8000,"label":" ","price":6.42},{"type":"B","date":"2018-04-18T01:39:12.000Z","volume":8000,"label":" ","price":6.41},{"type":"A","date":"2018-04-18T01:40:01.000Z","volume":10000,"label":" ","price":6.44},{"type":"A","date":"2018-04-18T01:40:01.000Z","volume":12000,"label":" ","price":6.44},{"type":"B","date":"2018-04-18T01:40:01.000Z","volume":2000,"label":" ","price":6.41},{"type":"B","date":"2018-04-18T01:40:01.000Z","volume":2000,"label":" ","price":6.41},{"type":"B","date":"2018-04-18T01:40:01.000Z","volume":2000,"label":" ","price":6.41},{"type":"B","date":"2018-04-18T01:40:01.000Z","volume":2000,"label":" ","price":6.41},{"type":"B","date":"2018-04-18T01:40:59.000Z","volume":2000,"label":" ","price":6.41},{"type":"B","date":"2018-04-18T01:41:00.000Z","volume":2000,"label":" ","price":6.41},{"type":"A","date":"2018-04-18T01:41:07.000Z","volume":4000,"label":" ","price":6.45},{"type":"A","date":"2018-04-18T01:41:18.000Z","volume":2000,"label":" ","price":6.48},{"type":"A","date":"2018-04-18T01:43:09.000Z","volume":2000,"label":"Y","price":6.48},{"type":"A","date":"2018-04-18T01:43:09.000Z","volume":8000,"label":" ","price":6.48},{"type":"B","date":"2018-04-18T01:43:16.000Z","volume":20000,"label":" ","price":6.44},{"type":"B","date":"2018-04-18T01:43:17.000Z","volume":14000,"label":" ","price":6.44},{"type":"B","date":"2018-04-18T01:43:17.000Z","volume":4000,"label":" ","price":6.44},{"type":"B","date":"2018-04-18T01:43:17.000Z","volume":2000,"label":" ","price":6.43},{"type":"A","date":"2018-04-18T01:45:30.000Z","volume":4000,"label":" ","price":6.48},{"type":"B","date":"2018-04-18T01:46:00.000Z","volume":20000,"label":" ","price":6.44},{"type":"B","date":"2018-04-18T01:46:01.000Z","volume":4000,"label":" ","price":6.44},{"type":"B","date":"2018-04-18T01:46:01.000Z","volume":2000,"label":" ","price":6.43},{"type":"B","date":"2018-04-18T01:46:01.000Z","volume":2000,"label":" ","price":6.43},{"type":"B","date":"2018-04-18T01:46:01.000Z","volume":2000,"label":" ","price":6.43},{"type":"B","date":"2018-04-18T01:46:01.000Z","volume":2000,"label":" ","price":6.43},{"type":"B","date":"2018-04-18T01:46:01.000Z","volume":2000,"label":" ","price":6.42},{"type":"B","date":"2018-04-18T01:46:01.000Z","volume":2000,"label":" ","price":6.42},{"type":"B","date":"2018-04-18T01:46:47.000Z","volume":22000,"label":" ","price":6.45},{"type":"B","date":"2018-04-18T01:46:47.000Z","volume":4000,"label":" ","price":6.44},{"type":"B","date":"2018-04-18T01:46:47.000Z","volume":4000,"label":" ","price":6.44},{"type":"B","date":"2018-04-18T01:46:48.000Z","volume":2000,"label":" ","price":6.43},{"type":"B","date":"2018-04-18T01:46:48.000Z","volume":2000,"label":" ","price":6.42},{"type":"A","date":"2018-04-18T01:46:48.000Z","volume":6000,"label":" ","price":6.42},{"type":"A","date":"2018-04-18T01:46:48.000Z","volume":8000,"label":" ","price":6.42},{"type":"B","date":"2018-04-18T01:46:49.000Z","volume":6000,"label":" ","price":6.41},{"type":"A","date":"2018-04-18T01:46:49.000Z","volume":4000,"label":" ","price":6.42},{"type":"A","date":"2018-04-18T01:46:50.000Z","volume":18000,"label":" ","price":6.42},{"type":"B","date":"2018-04-18T01:46:50.000Z","volume":2000,"label":" ","price":6.41},{"type":"B","date":"2018-04-18T01:46:50.000Z","volume":2000,"label":" ","price":6.41},{"type":"A","date":"2018-04-18T01:46:52.000Z","volume":10000,"label":" ","price":6.43},{"type":"A","date":"2018-04-18T01:46:52.000Z","volume":2000,"label":" ","price":6.43},{"type":"A","date":"2018-04-18T01:46:52.000Z","volume":4000,"label":" ","price":6.43},{"type":"B","date":"2018-04-18T01:46:52.000Z","volume":2000,"label":" ","price":6.41},{"type":"A","date":"2018-04-18T01:48:25.000Z","volume":4000,"label":" ","price":6.45},{"type":"A","date":"2018-04-18T01:48:33.000Z","volume":2000,"label":" ","price":6.45},{"type":"A","date":"2018-04-18T01:48:33.000Z","volume":2000,"label":"Y","price":6.45},{"type":"B","date":"2018-04-18T01:49:37.000Z","volume":2000,"label":" ","price":6.41},{"type":"A","date":"2018-04-18T01:50:58.000Z","volume":12000,"label":" ","price":6.47},{"type":"B","date":"2018-04-18T01:50:58.000Z","volume":16000,"label":"Y","price":6.42},{"type":"B","date":"2018-04-18T01:50:59.000Z","volume":18000,"label":" ","price":6.42},{"type":"B","date":"2018-04-18T01:51:05.000Z","volume":14000,"label":" ","price":6.42},{"type":"B","date":"2018-04-18T01:51:05.000Z","volume":8000,"label":" ","price":6.42},{"type":"B","date":"2018-04-18T01:51:05.000Z","volume":2000,"label":" ","price":6.42},{"type":"B","date":"2018-04-18T01:51:05.000Z","volume":178000,"label":" ","price":6.41},{"type":"B","date":"2018-04-18T01:51:05.000Z","volume":38000,"label":" ","price":6.41},{"type":"A","date":"2018-04-18T01:51:05.000Z","volume":6000,"label":" ","price":6.42},{"type":"B","date":"2018-04-18T01:51:06.000Z","volume":36000,"label":"Y","price":6.4},{"type":"B","date":"2018-04-18T01:51:06.000Z","volume":30000,"label":" ","price":6.4},{"type":"B","date":"2018-04-18T01:51:06.000Z","volume":2000,"label":" ","price":6.39},{"type":"B","date":"2018-04-18T01:51:06.000Z","volume":8000,"label":" ","price":6.38},{"type":"B","date":"2018-04-18T01:51:06.000Z","volume":12000,"label":" ","price":6.37},{"type":"A","date":"2018-04-18T01:51:06.000Z","volume":2000,"label":" ","price":6.37},{"type":"A","date":"2018-04-18T01:51:10.000Z","volume":80000,"label":" ","price":6.37},{"type":"A","date":"2018-04-18T01:51:10.000Z","volume":4000,"label":" ","price":6.4},{"type":"B","date":"2018-04-18T01:51:21.000Z","volume":16000,"label":"Y","price":6.36},{"type":"B","date":"2018-04-18T01:51:21.000Z","volume":6000,"label":" ","price":6.36},{"type":"B","date":"2018-04-18T01:51:21.000Z","volume":14000,"label":" ","price":6.36},{"type":"A","date":"2018-04-18T01:51:28.000Z","volume":6000,"label":" ","price":6.38},{"type":"A","date":"2018-04-18T01:51:28.000Z","volume":4000,"label":" ","price":6.4},{"type":"A","date":"2018-04-18T01:51:32.000Z","volume":6000,"label":" ","price":6.38},{"type":"A","date":"2018-04-18T01:51:54.000Z","volume":6000,"label":" ","price":6.39},{"type":"A","date":"2018-04-18T01:52:01.000Z","volume":8000,"label":" ","price":6.39},{"type":"B","date":"2018-04-18T01:52:45.000Z","volume":10000,"label":" ","price":6.37},{"type":"B","date":"2018-04-18T01:52:45.000Z","volume":8000,"label":" ","price":6.36},{"type":"B","date":"2018-04-18T01:52:45.000Z","volume":2000,"label":"Y","price":6.35},{"type":"B","date":"2018-04-18T01:52:45.000Z","volume":28000,"label":" ","price":6.35},{"type":"B","date":"2018-04-18T01:52:45.000Z","volume":6000,"label":" ","price":6.34},{"type":"A","date":"2018-04-18T01:52:50.000Z","volume":22000,"label":" ","price":6.35},{"type":"B","date":"2018-04-18T01:52:50.000Z","volume":10000,"label":" ","price":6.34},{"type":"B","date":"2018-04-18T01:52:50.000Z","volume":46000,"label":" ","price":6.34},{"type":"U","date":"2018-04-18T01:52:57.000Z","volume":6000,"label":" ","price":6.37},{"type":"A","date":"2018-04-18T01:53:31.000Z","volume":4000,"label":" ","price":6.39},{"type":"A","date":"2018-04-18T01:53:31.000Z","volume":2000,"label":" ","price":6.39},{"type":"B","date":"2018-04-18T01:53:43.000Z","volume":2000,"label":"Y","price":6.35},{"type":"B","date":"2018-04-18T01:53:43.000Z","volume":40000,"label":" ","price":6.35},{"type":"B","date":"2018-04-18T01:53:43.000Z","volume":104000,"label":" ","price":6.35},{"type":"A","date":"2018-04-18T01:53:47.000Z","volume":6000,"label":" ","price":6.36},{"type":"B","date":"2018-04-18T01:53:48.000Z","volume":4000,"label":" ","price":6.34},{"type":"A","date":"2018-04-18T01:53:48.000Z","volume":2000,"label":" ","price":6.36},{"type":"U","date":"2018-04-18T01:53:48.000Z","volume":2000,"label":" ","price":6.35},{"type":"B","date":"2018-04-18T01:53:48.000Z","volume":4000,"label":" ","price":6.34},{"type":"A","date":"2018-04-18T01:53:48.000Z","volume":6000,"label":" ","price":6.35},{"type":"A","date":"2018-04-18T01:53:49.000Z","volume":2000,"label":" ","price":6.35},{"type":"B","date":"2018-04-18T01:53:49.000Z","volume":4000,"label":" ","price":6.33},{"type":"U","date":"2018-04-18T01:53:49.000Z","volume":2000,"label":" ","price":6.34},{"type":"A","date":"2018-04-18T01:53:50.000Z","volume":6000,"label":" ","price":6.34},{"type":"B","date":"2018-04-18T01:53:50.000Z","volume":6000,"label":" ","price":6.33},{"type":"B","date":"2018-04-18T01:53:59.000Z","volume":10000,"label":" ","price":6.33},{"type":"B","date":"2018-04-18T01:53:59.000Z","volume":6000,"label":" ","price":6.33},{"type":"A","date":"2018-04-18T01:53:59.000Z","volume":12000,"label":" ","price":6.34},{"type":"B","date":"2018-04-18T01:53:59.000Z","volume":2000,"label":" ","price":6.34},{"type":"B","date":"2018-04-18T01:53:59.000Z","volume":4000,"label":" ","price":6.34},{"type":"B","date":"2018-04-18T01:53:59.000Z","volume":2000,"label":" ","price":6.34},{"type":"B","date":"2018-04-18T01:53:59.000Z","volume":8000,"label":" ","price":6.34},{"type":"B","date":"2018-04-18T01:53:59.000Z","volume":2000,"label":" ","price":6.34},{"type":"A","date":"2018-04-18T01:54:00.000Z","volume":4000,"label":" ","price":6.35},{"type":"A","date":"2018-04-18T01:54:04.000Z","volume":2000,"label":" ","price":6.35},{"type":"B","date":"2018-04-18T01:54:05.000Z","volume":2000,"label":" ","price":6.34},{"type":"U","date":"2018-04-18T01:55:20.000Z","volume":2000,"label":" ","price":6.34},{"type":"A","date":"2018-04-18T01:55:35.000Z","volume":2000,"label":"Y","price":6.35},{"type":"A","date":"2018-04-18T01:55:35.000Z","volume":18000,"label":" ","price":6.35},{"type":"A","date":"2018-04-18T01:55:35.000Z","volume":4000,"label":" ","price":6.36},{"type":"B","date":"2018-04-18T01:55:36.000Z","volume":10000,"label":" ","price":6.33},{"type":"A","date":"2018-04-18T01:56:23.000Z","volume":4000,"label":" ","price":6.39},{"type":"B","date":"2018-04-18T01:56:24.000Z","volume":2000,"label":" ","price":6.33},{"type":"A","date":"2018-04-18T01:59:12.000Z","volume":14000,"label":" ","price":6.38},{"type":"B","date":"2018-04-18T01:59:13.000Z","volume":10000,"label":" ","price":6.35},{"type":"A","date":"2018-04-18T01:59:40.000Z","volume":2000,"label":" ","price":6.38},{"type":"B","date":"2018-04-18T01:59:41.000Z","volume":2000,"label":" ","price":6.35},{"type":"A","date":"2018-04-18T02:00:45.000Z","volume":4000,"label":" ","price":6.38},{"type":"A","date":"2018-04-18T02:01:24.000Z","volume":38000,"label":" ","price":6.38},{"type":"A","date":"2018-04-18T02:01:24.000Z","volume":10000,"label":" ","price":6.38},{"type":"A","date":"2018-04-18T02:01:24.000Z","volume":2000,"label":"Y","price":6.38},{"type":"A","date":"2018-04-18T02:01:24.000Z","volume":2000,"label":" ","price":6.38},{"type":"A","date":"2018-04-18T02:01:24.000Z","volume":2000,"label":" ","price":6.38},{"type":"A","date":"2018-04-18T02:01:24.000Z","volume":8000,"label":" ","price":6.38},{"type":"B","date":"2018-04-18T02:01:25.000Z","volume":4000,"label":" ","price":6.37},{"type":"B","date":"2018-04-18T02:01:25.000Z","volume":2000,"label":" ","price":6.35},{"type":"B","date":"2018-04-18T02:01:25.000Z","volume":2000,"label":" ","price":6.35},{"type":"B","date":"2018-04-18T02:01:25.000Z","volume":2000,"label":" ","price":6.35},{"type":"A","date":"2018-04-18T02:01:25.000Z","volume":2000,"label":" ","price":6.37},{"type":"B","date":"2018-04-18T02:01:25.000Z","volume":2000,"label":" ","price":6.35},{"type":"A","date":"2018-04-18T02:01:26.000Z","volume":4000,"label":"Y","price":6.38},{"type":"A","date":"2018-04-18T02:01:44.000Z","volume":2000,"label":" ","price":6.38},{"type":"A","date":"2018-04-18T02:01:46.000Z","volume":4000,"label":" ","price":6.38},{"type":"A","date":"2018-04-18T02:01:48.000Z","volume":2000,"label":" ","price":6.38},{"type":"A","date":"2018-04-18T02:01:58.000Z","volume":2000,"label":" ","price":6.38},{"type":"B","date":"2018-04-18T02:01:59.000Z","volume":2000,"label":" ","price":6.37},{"type":"A","date":"2018-04-18T02:02:02.000Z","volume":4000,"label":" ","price":6.38},{"type":"A","date":"2018-04-18T02:02:02.000Z","volume":2000,"label":" ","price":6.38},{"type":"A","date":"2018-04-18T02:02:37.000Z","volume":4000,"label":" ","price":6.39},{"type":"A","date":"2018-04-18T02:02:39.000Z","volume":4000,"label":" ","price":6.39},{"type":"B","date":"2018-04-18T02:03:33.000Z","volume":2000,"label":" ","price":6.38},{"type":"B","date":"2018-04-18T02:03:53.000Z","volume":2000,"label":" ","price":6.39},{"type":"B","date":"2018-04-18T02:03:54.000Z","volume":2000,"label":" ","price":6.39},{"type":"U","date":"2018-04-18T02:04:13.000Z","volume":2000,"label":"X","price":6.387},{"type":"B","date":"2018-04-18T02:04:15.000Z","volume":2000,"label":" ","price":6.39},{"type":"B","date":"2018-04-18T02:04:16.000Z","volume":2000,"label":" ","price":6.39},{"type":"B","date":"2018-04-18T02:04:41.000Z","volume":2000,"label":" ","price":6.39},{"type":"B","date":"2018-04-18T02:05:05.000Z","volume":2000,"label":" ","price":6.39},{"type":"A","date":"2018-04-18T02:05:05.000Z","volume":10000,"label":" ","price":6.4},{"type":"B","date":"2018-04-18T02:05:06.000Z","volume":6000,"label":" ","price":6.39},{"type":"U","date":"2018-04-18T02:05:18.000Z","volume":2000,"label":"X","price":6.39},{"type":"B","date":"2018-04-18T02:05:43.000Z","volume":2000,"label":" ","price":6.39},{"type":"A","date":"2018-04-18T02:05:54.000Z","volume":60000,"label":" ","price":6.4},{"type":"B","date":"2018-04-18T02:05:54.000Z","volume":2000,"label":" ","price":6.39},{"type":"B","date":"2018-04-18T02:05:54.000Z","volume":6000,"label":" ","price":6.39},{"type":"B","date":"2018-04-18T02:05:54.000Z","volume":2000,"label":" ","price":6.39},{"type":"B","date":"2018-04-18T02:05:54.000Z","volume":4000,"label":" ","price":6.39},{"type":"B","date":"2018-04-18T02:05:54.000Z","volume":6000,"label":" ","price":6.39},{"type":"B","date":"2018-04-18T02:05:54.000Z","volume":2000,"label":" ","price":6.39},{"type":"U","date":"2018-04-18T02:06:12.000Z","volume":4000,"label":" ","price":6.4},{"type":"B","date":"2018-04-18T02:07:25.000Z","volume":2000,"label":" ","price":6.38},{"type":"A","date":"2018-04-18T02:07:29.000Z","volume":2000,"label":" ","price":6.4},{"type":"A","date":"2018-04-18T02:07:30.000Z","volume":4000,"label":" ","price":6.4},{"type":"B","date":"2018-04-18T02:09:58.000Z","volume":34000,"label":" ","price":6.39},{"type":"B","date":"2018-04-18T02:09:58.000Z","volume":2000,"label":"Y","price":6.38},{"type":"B","date":"2018-04-18T02:09:58.000Z","volume":34000,"label":" ","price":6.38},{"type":"B","date":"2018-04-18T02:09:59.000Z","volume":10000,"label":" ","price":6.37},{"type":"B","date":"2018-04-18T02:09:59.000Z","volume":6000,"label":" ","price":6.36},{"type":"B","date":"2018-04-18T02:09:59.000Z","volume":32000,"label":" ","price":6.35},{"type":"B","date":"2018-04-18T02:09:59.000Z","volume":2000,"label":" ","price":6.34},{"type":"B","date":"2018-04-18T02:09:59.000Z","volume":2000,"label":" ","price":6.34},{"type":"B","date":"2018-04-18T02:09:59.000Z","volume":4000,"label":" ","price":6.35},{"type":"B","date":"2018-04-18T02:09:59.000Z","volume":2000,"label":" ","price":6.34},{"type":"B","date":"2018-04-18T02:09:59.000Z","volume":2000,"label":" ","price":6.34},{"type":"B","date":"2018-04-18T02:09:59.000Z","volume":4000,"label":" ","price":6.34},{"type":"B","date":"2018-04-18T02:09:59.000Z","volume":4000,"label":" ","price":6.34},{"type":"B","date":"2018-04-18T02:09:59.000Z","volume":2000,"label":" ","price":6.34},{"type":"U","date":"2018-04-18T02:10:00.000Z","volume":2000,"label":"Y","price":6.37},{"type":"B","date":"2018-04-18T02:10:00.000Z","volume":4000,"label":" ","price":6.35},{"type":"A","date":"2018-04-18T02:10:14.000Z","volume":2000,"label":" ","price":6.38},{"type":"B","date":"2018-04-18T02:10:34.000Z","volume":2000,"label":" ","price":6.35},{"type":"A","date":"2018-04-18T02:11:14.000Z","volume":2000,"label":" ","price":6.38},{"type":"A","date":"2018-04-18T02:13:54.000Z","volume":12000,"label":" ","price":6.38},{"type":"B","date":"2018-04-18T02:13:55.000Z","volume":2000,"label":" ","price":6.35},{"type":"B","date":"2018-04-18T02:15:18.000Z","volume":18000,"label":" ","price":6.35},{"type":"B","date":"2018-04-18T02:15:18.000Z","volume":12000,"label":" ","price":6.35},{"type":"B","date":"2018-04-18T02:15:18.000Z","volume":6000,"label":" ","price":6.35},{"type":"B","date":"2018-04-18T02:15:18.000Z","volume":4000,"label":" ","price":6.34},{"type":"B","date":"2018-04-18T02:15:18.000Z","volume":2000,"label":" ","price":6.34},{"type":"B","date":"2018-04-18T02:15:18.000Z","volume":4000,"label":" ","price":6.34},{"type":"B","date":"2018-04-18T02:15:18.000Z","volume":18000,"label":" ","price":6.34},{"type":"B","date":"2018-04-18T02:15:19.000Z","volume":6000,"label":" ","price":6.33},{"type":"B","date":"2018-04-18T02:15:19.000Z","volume":26000,"label":" ","price":6.33},{"type":"B","date":"2018-04-18T02:15:19.000Z","volume":14000,"label":" ","price":6.33},{"type":"B","date":"2018-04-18T02:15:19.000Z","volume":24000,"label":" ","price":6.33},{"type":"U","date":"2018-04-18T02:15:19.000Z","volume":4000,"label":"X","price":6.33},{"type":"B","date":"2018-04-18T02:15:19.000Z","volume":12000,"label":" ","price":6.32},{"type":"A","date":"2018-04-18T02:15:19.000Z","volume":2000,"label":"Y","price":6.33},{"type":"A","date":"2018-04-18T02:15:19.000Z","volume":2000,"label":" ","price":6.32},{"type":"B","date":"2018-04-18T02:15:20.000Z","volume":14000,"label":" ","price":6.31},{"type":"B","date":"2018-04-18T02:15:20.000Z","volume":40000,"label":" ","price":6.3},{"type":"B","date":"2018-04-18T02:15:20.000Z","volume":2000,"label":" ","price":6.3},{"type":"B","date":"2018-04-18T02:15:21.000Z","volume":2000,"label":" ","price":6.3},{"type":"A","date":"2018-04-18T02:15:22.000Z","volume":4000,"label":" ","price":6.32},{"type":"B","date":"2018-04-18T02:15:23.000Z","volume":2000,"label":" ","price":6.3},{"type":"A","date":"2018-04-18T02:16:00.000Z","volume":2000,"label":" ","price":6.32},{"type":"B","date":"2018-04-18T02:16:01.000Z","volume":2000,"label":" ","price":6.3},{"type":"B","date":"2018-04-18T02:16:08.000Z","volume":12000,"label":" ","price":6.31},{"type":"B","date":"2018-04-18T02:16:09.000Z","volume":4000,"label":" ","price":6.31},{"type":"B","date":"2018-04-18T02:16:09.000Z","volume":4000,"label":" ","price":6.31},{"type":"B","date":"2018-04-18T02:16:09.000Z","volume":4000,"label":" ","price":6.3},{"type":"A","date":"2018-04-18T02:16:10.000Z","volume":2000,"label":" ","price":6.32},{"type":"B","date":"2018-04-18T02:16:27.000Z","volume":36000,"label":" ","price":6.3},{"type":"B","date":"2018-04-18T02:16:28.000Z","volume":20000,"label":" ","price":6.3},{"type":"A","date":"2018-04-18T02:16:28.000Z","volume":4000,"label":" ","price":6.32},{"type":"B","date":"2018-04-18T02:16:29.000Z","volume":4000,"label":" ","price":6.3},{"type":"B","date":"2018-04-18T02:16:31.000Z","volume":2000,"label":" ","price":6.3},{"type":"B","date":"2018-04-18T02:17:07.000Z","volume":2000,"label":" ","price":6.31},{"type":"B","date":"2018-04-18T02:17:07.000Z","volume":2000,"label":" ","price":6.31},{"type":"B","date":"2018-04-18T02:17:08.000Z","volume":4000,"label":" ","price":6.3},{"type":"B","date":"2018-04-18T02:17:54.000Z","volume":2000,"label":"Y","price":6.31},{"type":"B","date":"2018-04-18T02:17:54.000Z","volume":22000,"label":" ","price":6.31},{"type":"B","date":"2018-04-18T02:17:55.000Z","volume":2000,"label":" ","price":6.31},{"type":"B","date":"2018-04-18T02:17:55.000Z","volume":16000,"label":" ","price":6.31},{"type":"A","date":"2018-04-18T02:17:55.000Z","volume":2000,"label":" ","price":6.32},{"type":"B","date":"2018-04-18T02:17:56.000Z","volume":2000,"label":" ","price":6.3},{"type":"A","date":"2018-04-18T02:18:31.000Z","volume":2000,"label":" ","price":6.32},{"type":"B","date":"2018-04-18T02:18:32.000Z","volume":2000,"label":" ","price":6.3},{"type":"A","date":"2018-04-18T02:19:30.000Z","volume":50000,"label":" ","price":6.32},{"type":"B","date":"2018-04-18T02:19:31.000Z","volume":2000,"label":" ","price":6.3},{"type":"A","date":"2018-04-18T02:19:32.000Z","volume":4000,"label":" ","price":6.32},{"type":"A","date":"2018-04-18T02:19:32.000Z","volume":8000,"label":"Y","price":6.32},{"type":"A","date":"2018-04-18T02:19:32.000Z","volume":62000,"label":" ","price":6.32},{"type":"B","date":"2018-04-18T02:19:32.000Z","volume":4000,"label":" ","price":6.3},{"type":"B","date":"2018-04-18T02:19:32.000Z","volume":2000,"label":" ","price":6.3},{"type":"B","date":"2018-04-18T02:19:32.000Z","volume":2000,"label":" ","price":6.3},{"type":"B","date":"2018-04-18T02:19:32.000Z","volume":2000,"label":" ","price":6.3},{"type":"B","date":"2018-04-18T02:19:32.000Z","volume":2000,"label":" ","price":6.3},{"type":"B","date":"2018-04-18T02:19:32.000Z","volume":2000,"label":" ","price":6.3},{"type":"B","date":"2018-04-18T02:19:44.000Z","volume":2000,"label":" ","price":6.31},{"type":"A","date":"2018-04-18T02:20:09.000Z","volume":20000,"label":" ","price":6.33},{"type":"A","date":"2018-04-18T02:20:09.000Z","volume":2000,"label":" ","price":6.33},{"type":"B","date":"2018-04-18T02:20:09.000Z","volume":2000,"label":" ","price":6.32},{"type":"B","date":"2018-04-18T02:20:10.000Z","volume":6000,"label":" ","price":6.32},{"type":"B","date":"2018-04-18T02:20:10.000Z","volume":4000,"label":" ","price":6.32},{"type":"B","date":"2018-04-18T02:20:10.000Z","volume":2000,"label":" ","price":6.32},{"type":"B","date":"2018-04-18T02:20:10.000Z","volume":2000,"label":" ","price":6.32},{"type":"B","date":"2018-04-18T02:20:11.000Z","volume":2000,"label":" ","price":6.32},{"type":"B","date":"2018-04-18T02:21:13.000Z","volume":18000,"label":" ","price":6.32},{"type":"B","date":"2018-04-18T02:21:14.000Z","volume":12000,"label":" ","price":6.31},{"type":"B","date":"2018-04-18T02:22:16.000Z","volume":32000,"label":" ","price":6.31},{"type":"B","date":"2018-04-18T02:22:16.000Z","volume":2000,"label":" ","price":6.31},{"type":"B","date":"2018-04-18T02:22:17.000Z","volume":2000,"label":" ","price":6.31},{"type":"B","date":"2018-04-18T02:22:17.000Z","volume":2000,"label":" ","price":6.31},{"type":"B","date":"2018-04-18T02:22:17.000Z","volume":2000,"label":" ","price":6.31},{"type":"B","date":"2018-04-18T02:22:17.000Z","volume":2000,"label":" ","price":6.31},{"type":"B","date":"2018-04-18T02:22:17.000Z","volume":4000,"label":" ","price":6.31},{"type":"B","date":"2018-04-18T02:22:17.000Z","volume":4000,"label":" ","price":6.3},{"type":"B","date":"2018-04-18T02:22:17.000Z","volume":6000,"label":" ","price":6.3},{"type":"B","date":"2018-04-18T02:22:17.000Z","volume":2000,"label":" ","price":6.31},{"type":"A","date":"2018-04-18T02:22:18.000Z","volume":2000,"label":" ","price":6.31},{"type":"A","date":"2018-04-18T02:22:27.000Z","volume":6000,"label":" ","price":6.31},{"type":"B","date":"2018-04-18T02:22:28.000Z","volume":4000,"label":" ","price":6.3},{"type":"A","date":"2018-04-18T02:22:30.000Z","volume":2000,"label":" ","price":6.31},{"type":"B","date":"2018-04-18T02:22:31.000Z","volume":2000,"label":" ","price":6.3},{"type":"A","date":"2018-04-18T02:22:57.000Z","volume":20000,"label":" ","price":6.31},{"type":"B","date":"2018-04-18T02:22:58.000Z","volume":14000,"label":" ","price":6.3},{"type":"B","date":"2018-04-18T02:22:59.000Z","volume":2000,"label":" ","price":6.3},{"type":"A","date":"2018-04-18T02:22:59.000Z","volume":2000,"label":" ","price":6.31},{"type":"B","date":"2018-04-18T02:22:59.000Z","volume":2000,"label":" ","price":6.3},{"type":"A","date":"2018-04-18T02:23:08.000Z","volume":20000,"label":" ","price":6.31},{"type":"B","date":"2018-04-18T02:23:08.000Z","volume":6000,"label":" ","price":6.3},{"type":"A","date":"2018-04-18T02:23:08.000Z","volume":2000,"label":"Y","price":6.31},{"type":"B","date":"2018-04-18T02:23:09.000Z","volume":2000,"label":" ","price":6.3},{"type":"A","date":"2018-04-18T02:24:20.000Z","volume":8000,"label":" ","price":6.31},{"type":"A","date":"2018-04-18T02:24:23.000Z","volume":2000,"label":" ","price":6.31},{"type":"A","date":"2018-04-18T02:24:24.000Z","volume":2000,"label":" ","price":6.31},{"type":"A","date":"2018-04-18T02:24:34.000Z","volume":2000,"label":" ","price":6.31},{"type":"A","date":"2018-04-18T02:24:34.000Z","volume":8000,"label":" ","price":6.31},{"type":"B","date":"2018-04-18T02:24:35.000Z","volume":4000,"label":" ","price":6.3},{"type":"B","date":"2018-04-18T02:24:41.000Z","volume":6000,"label":"Y","price":6.3},{"type":"B","date":"2018-04-18T02:24:41.000Z","volume":46000,"label":" ","price":6.3},{"type":"B","date":"2018-04-18T02:24:41.000Z","volume":262000,"label":" ","price":6.29},{"type":"B","date":"2018-04-18T02:24:41.000Z","volume":62000,"label":" ","price":6.28},{"type":"B","date":"2018-04-18T02:24:41.000Z","volume":12000,"label":" ","price":6.27},{"type":"A","date":"2018-04-18T02:24:41.000Z","volume":2000,"label":" ","price":6.3},{"type":"U","date":"2018-04-18T02:24:41.000Z","volume":10000,"label":" ","price":6.29},{"type":"A","date":"2018-04-18T02:24:42.000Z","volume":8000,"label":" ","price":6.29},{"type":"B","date":"2018-04-18T02:24:42.000Z","volume":72000,"label":" ","price":6.26},{"type":"B","date":"2018-04-18T02:24:42.000Z","volume":110000,"label":" ","price":6.25},{"type":"B","date":"2018-04-18T02:24:42.000Z","volume":14000,"label":" ","price":6.24},{"type":"A","date":"2018-04-18T02:24:42.000Z","volume":2000,"label":" ","price":6.25},{"type":"A","date":"2018-04-18T02:24:42.000Z","volume":6000,"label":" ","price":6.25},{"type":"B","date":"2018-04-18T02:24:42.000Z","volume":8000,"label":" ","price":6.23},{"type":"B","date":"2018-04-18T02:24:42.000Z","volume":18000,"label":" ","price":6.22},{"type":"B","date":"2018-04-18T02:24:43.000Z","volume":6000,"label":" ","price":6.21},{"type":"A","date":"2018-04-18T02:24:43.000Z","volume":4000,"label":" ","price":6.22},{"type":"A","date":"2018-04-18T02:24:43.000Z","volume":74000,"label":" ","price":6.22},{"type":"A","date":"2018-04-18T02:24:43.000Z","volume":8000,"label":" ","price":6.22},{"type":"A","date":"2018-04-18T02:24:43.000Z","volume":16000,"label":" ","price":6.22},{"type":"A","date":"2018-04-18T02:24:43.000Z","volume":82000,"label":" ","price":6.22},{"type":"A","date":"2018-04-18T02:24:45.000Z","volume":4000,"label":" ","price":6.29},{"type":"A","date":"2018-04-18T02:25:12.000Z","volume":2000,"label":" ","price":6.28},{"type":"B","date":"2018-04-18T02:25:21.000Z","volume":2000,"label":" ","price":6.22},{"type":"B","date":"2018-04-18T02:25:34.000Z","volume":2000,"label":" ","price":6.22},{"type":"A","date":"2018-04-18T02:25:34.000Z","volume":2000,"label":" ","price":6.28},{"type":"B","date":"2018-04-18T02:25:57.000Z","volume":2000,"label":" ","price":6.23},{"type":"B","date":"2018-04-18T02:26:22.000Z","volume":2000,"label":" ","price":6.23},{"type":"B","date":"2018-04-18T02:26:37.000Z","volume":2000,"label":" ","price":6.23},{"type":"B","date":"2018-04-18T02:26:48.000Z","volume":2000,"label":" ","price":6.23},{"type":"A","date":"2018-04-18T02:26:59.000Z","volume":2000,"label":" ","price":6.26},{"type":"B","date":"2018-04-18T02:27:14.000Z","volume":2000,"label":" ","price":6.23},{"type":"B","date":"2018-04-18T02:27:31.000Z","volume":2000,"label":" ","price":6.23},{"type":"B","date":"2018-04-18T02:27:43.000Z","volume":2000,"label":" ","price":6.23},{"type":"B","date":"2018-04-18T02:27:53.000Z","volume":2000,"label":" ","price":6.23},{"type":"B","date":"2018-04-18T02:29:36.000Z","volume":2000,"label":"Y","price":6.23},{"type":"B","date":"2018-04-18T02:29:36.000Z","volume":58000,"label":" ","price":6.23},{"type":"B","date":"2018-04-18T02:29:36.000Z","volume":30000,"label":" ","price":6.22},{"type":"B","date":"2018-04-18T02:29:36.000Z","volume":10000,"label":" ","price":6.21},{"type":"B","date":"2018-04-18T02:29:36.000Z","volume":8000,"label":" ","price":6.2},{"type":"U","date":"2018-04-18T02:29:36.000Z","volume":4000,"label":"Y","price":6.23},{"type":"A","date":"2018-04-18T02:29:37.000Z","volume":2000,"label":" ","price":6.26},{"type":"B","date":"2018-04-18T02:29:37.000Z","volume":2000,"label":" ","price":6.23},{"type":"B","date":"2018-04-18T02:29:37.000Z","volume":6000,"label":" ","price":6.23},{"type":"B","date":"2018-04-18T02:29:37.000Z","volume":2000,"label":" ","price":6.21},{"type":"B","date":"2018-04-18T02:29:37.000Z","volume":2000,"label":" ","price":6.21},{"type":"A","date":"2018-04-18T02:30:11.000Z","volume":4000,"label":" ","price":6.26},{"type":"B","date":"2018-04-18T02:30:12.000Z","volume":2000,"label":" ","price":6.21},{"type":"U","date":"2018-04-18T02:31:20.000Z","volume":2000,"label":" ","price":6.24},{"type":"B","date":"2018-04-18T02:31:21.000Z","volume":2000,"label":" ","price":6.21},{"type":"B","date":"2018-04-18T02:31:42.000Z","volume":16000,"label":" ","price":6.22},{"type":"B","date":"2018-04-18T02:31:42.000Z","volume":2000,"label":" ","price":6.22},{"type":"B","date":"2018-04-18T02:31:43.000Z","volume":4000,"label":" ","price":6.22},{"type":"B","date":"2018-04-18T02:31:43.000Z","volume":8000,"label":" ","price":6.22},{"type":"B","date":"2018-04-18T02:31:43.000Z","volume":4000,"label":" ","price":6.21},{"type":"B","date":"2018-04-18T02:31:43.000Z","volume":2000,"label":" ","price":6.21},{"type":"A","date":"2018-04-18T02:32:07.000Z","volume":2000,"label":" ","price":6.22},{"type":"A","date":"2018-04-18T02:32:07.000Z","volume":2000,"label":" ","price":6.22},{"type":"A","date":"2018-04-18T02:32:12.000Z","volume":16000,"label":" ","price":6.22},{"type":"B","date":"2018-04-18T02:32:13.000Z","volume":8000,"label":" ","price":6.22},{"type":"B","date":"2018-04-18T02:32:47.000Z","volume":10000,"label":" ","price":6.22},{"type":"B","date":"2018-04-18T02:32:48.000Z","volume":4000,"label":" ","price":6.22},{"type":"B","date":"2018-04-18T02:32:48.000Z","volume":2000,"label":" ","price":6.21},{"type":"B","date":"2018-04-18T02:32:48.000Z","volume":2000,"label":" ","price":6.21},{"type":"A","date":"2018-04-18T02:35:18.000Z","volume":6000,"label":" ","price":6.24},{"type":"B","date":"2018-04-18T02:35:22.000Z","volume":10000,"label":" ","price":6.23},{"type":"B","date":"2018-04-18T02:35:22.000Z","volume":22000,"label":" ","price":6.23},{"type":"B","date":"2018-04-18T02:35:22.000Z","volume":20000,"label":" ","price":6.22},{"type":"B","date":"2018-04-18T02:35:34.000Z","volume":2000,"label":" ","price":6.22},{"type":"B","date":"2018-04-18T02:35:34.000Z","volume":2000,"label":" ","price":6.22},{"type":"B","date":"2018-04-18T02:35:46.000Z","volume":2000,"label":" ","price":6.23},{"type":"B","date":"2018-04-18T02:36:22.000Z","volume":58000,"label":" ","price":6.23},{"type":"B","date":"2018-04-18T02:36:22.000Z","volume":8000,"label":" ","price":6.22},{"type":"B","date":"2018-04-18T02:36:22.000Z","volume":2000,"label":" ","price":6.22},{"type":"B","date":"2018-04-18T02:36:22.000Z","volume":2000,"label":" ","price":6.21},{"type":"B","date":"2018-04-18T02:36:22.000Z","volume":2000,"label":" ","price":6.21},{"type":"B","date":"2018-04-18T02:36:22.000Z","volume":2000,"label":" ","price":6.21},{"type":"B","date":"2018-04-18T02:36:22.000Z","volume":2000,"label":" ","price":6.21},{"type":"B","date":"2018-04-18T02:36:22.000Z","volume":2000,"label":" ","price":6.21},{"type":"B","date":"2018-04-18T02:36:22.000Z","volume":2000,"label":" ","price":6.21},{"type":"B","date":"2018-04-18T02:36:22.000Z","volume":4000,"label":" ","price":6.21},{"type":"B","date":"2018-04-18T02:36:22.000Z","volume":4000,"label":" ","price":6.21},{"type":"B","date":"2018-04-18T02:36:22.000Z","volume":10000,"label":" ","price":6.21},{"type":"B","date":"2018-04-18T02:36:22.000Z","volume":24000,"label":" ","price":6.21},{"type":"B","date":"2018-04-18T02:36:23.000Z","volume":28000,"label":" ","price":6.2},{"type":"U","date":"2018-04-18T02:36:38.000Z","volume":2000,"label":" ","price":6.21},{"type":"B","date":"2018-04-18T02:36:39.000Z","volume":2000,"label":"Y","price":6.21},{"type":"B","date":"2018-04-18T02:36:39.000Z","volume":4000,"label":" ","price":6.2},{"type":"B","date":"2018-04-18T02:37:24.000Z","volume":62000,"label":" ","price":6.2},{"type":"B","date":"2018-04-18T02:37:24.000Z","volume":2000,"label":" ","price":6.2},{"type":"B","date":"2018-04-18T02:37:25.000Z","volume":42000,"label":" ","price":6.2},{"type":"B","date":"2018-04-18T02:37:25.000Z","volume":14000,"label":" ","price":6.19},{"type":"A","date":"2018-04-18T02:38:07.000Z","volume":2000,"label":" ","price":6.23},{"type":"U","date":"2018-04-18T02:38:12.000Z","volume":2000,"label":" ","price":6.2},{"type":"A","date":"2018-04-18T02:39:14.000Z","volume":20000,"label":" ","price":6.22},{"type":"B","date":"2018-04-18T02:39:15.000Z","volume":6000,"label":" ","price":6.2},{"type":"B","date":"2018-04-18T02:39:15.000Z","volume":6000,"label":" ","price":6.19},{"type":"A","date":"2018-04-18T02:39:18.000Z","volume":2000,"label":" ","price":6.22},{"type":"B","date":"2018-04-18T02:40:52.000Z","volume":18000,"label":" ","price":6.19},{"type":"B","date":"2018-04-18T02:40:52.000Z","volume":22000,"label":" ","price":6.18},{"type":"A","date":"2018-04-18T02:40:52.000Z","volume":2000,"label":" ","price":6.21},{"type":"B","date":"2018-04-18T02:40:52.000Z","volume":26000,"label":" ","price":6.18},{"type":"B","date":"2018-04-18T02:40:52.000Z","volume":12000,"label":" ","price":6.18},{"type":"A","date":"2018-04-18T02:40:53.000Z","volume":2000,"label":" ","price":6.21},{"type":"B","date":"2018-04-18T02:40:53.000Z","volume":4000,"label":" ","price":6.17},{"type":"B","date":"2018-04-18T02:40:53.000Z","volume":8000,"label":" ","price":6.16},{"type":"A","date":"2018-04-18T02:41:03.000Z","volume":4000,"label":" ","price":6.18},{"type":"A","date":"2018-04-18T02:41:04.000Z","volume":4000,"label":" ","price":6.18},{"type":"U","date":"2018-04-18T02:41:04.000Z","volume":8000,"label":"X","price":6.17},{"type":"A","date":"2018-04-18T02:41:12.000Z","volume":12000,"label":" ","price":6.19},{"type":"B","date":"2018-04-18T02:41:13.000Z","volume":4000,"label":" ","price":6.19},{"type":"B","date":"2018-04-18T02:41:15.000Z","volume":12000,"label":" ","price":6.19},{"type":"B","date":"2018-04-18T02:41:16.000Z","volume":8000,"label":" ","price":6.17},{"type":"B","date":"2018-04-18T02:41:32.000Z","volume":24000,"label":" ","price":6.16},{"type":"B","date":"2018-04-18T02:41:32.000Z","volume":16000,"label":" ","price":6.16},{"type":"B","date":"2018-04-18T02:41:33.000Z","volume":26000,"label":" ","price":6.15},{"type":"A","date":"2018-04-18T02:42:03.000Z","volume":20000,"label":" ","price":6.17},{"type":"B","date":"2018-04-18T02:42:03.000Z","volume":14000,"label":" ","price":6.15},{"type":"B","date":"2018-04-18T02:42:03.000Z","volume":2000,"label":" ","price":6.15},{"type":"B","date":"2018-04-18T02:42:04.000Z","volume":2000,"label":" ","price":6.15},{"type":"B","date":"2018-04-18T02:42:04.000Z","volume":2000,"label":" ","price":6.15},{"type":"B","date":"2018-04-18T02:42:13.000Z","volume":2000,"label":" ","price":6.15},{"type":"B","date":"2018-04-18T02:42:13.000Z","volume":2000,"label":" ","price":6.15},{"type":"B","date":"2018-04-18T02:42:46.000Z","volume":6000,"label":" ","price":6.16},{"type":"B","date":"2018-04-18T02:42:46.000Z","volume":2000,"label":" ","price":6.15},{"type":"B","date":"2018-04-18T02:42:47.000Z","volume":2000,"label":" ","price":6.14},{"type":"A","date":"2018-04-18T02:42:47.000Z","volume":2000,"label":" ","price":6.15},{"type":"B","date":"2018-04-18T02:42:47.000Z","volume":2000,"label":" ","price":6.13},{"type":"B","date":"2018-04-18T02:42:51.000Z","volume":2000,"label":" ","price":6.13},{"type":"A","date":"2018-04-18T02:42:56.000Z","volume":16000,"label":" ","price":6.17},{"type":"B","date":"2018-04-18T02:42:57.000Z","volume":12000,"label":" ","price":6.13},{"type":"A","date":"2018-04-18T02:43:03.000Z","volume":6000,"label":" ","price":6.16},{"type":"B","date":"2018-04-18T02:43:03.000Z","volume":4000,"label":" ","price":6.13},{"type":"A","date":"2018-04-18T02:43:04.000Z","volume":20000,"label":" ","price":6.16},{"type":"B","date":"2018-04-18T02:43:04.000Z","volume":2000,"label":" ","price":6.12},{"type":"B","date":"2018-04-18T02:43:04.000Z","volume":4000,"label":" ","price":6.12},{"type":"A","date":"2018-04-18T02:43:04.000Z","volume":2000,"label":" ","price":6.16},{"type":"A","date":"2018-04-18T02:43:18.000Z","volume":4000,"label":"Y","price":6.17},{"type":"A","date":"2018-04-18T02:43:18.000Z","volume":42000,"label":" ","price":6.17},{"type":"B","date":"2018-04-18T02:43:18.000Z","volume":8000,"label":" ","price":6.15},{"type":"B","date":"2018-04-18T02:43:18.000Z","volume":2000,"label":" ","price":6.15},{"type":"B","date":"2018-04-18T02:43:19.000Z","volume":2000,"label":" ","price":6.13},{"type":"B","date":"2018-04-18T02:43:19.000Z","volume":10000,"label":" ","price":6.13},{"type":"B","date":"2018-04-18T02:43:19.000Z","volume":2000,"label":" ","price":6.12},{"type":"B","date":"2018-04-18T02:43:19.000Z","volume":4000,"label":" ","price":6.12},{"type":"B","date":"2018-04-18T02:43:19.000Z","volume":4000,"label":" ","price":6.12},{"type":"B","date":"2018-04-18T02:43:39.000Z","volume":10000,"label":" ","price":6.12},{"type":"B","date":"2018-04-18T02:43:39.000Z","volume":10000,"label":" ","price":6.12},{"type":"B","date":"2018-04-18T02:43:40.000Z","volume":4000,"label":" ","price":6.11},{"type":"A","date":"2018-04-18T02:43:41.000Z","volume":2000,"label":" ","price":6.13},{"type":"A","date":"2018-04-18T02:43:53.000Z","volume":2000,"label":" ","price":6.15},{"type":"B","date":"2018-04-18T02:43:54.000Z","volume":2000,"label":" ","price":6.13},{"type":"A","date":"2018-04-18T02:44:24.000Z","volume":14000,"label":" ","price":6.15},{"type":"A","date":"2018-04-18T02:44:26.000Z","volume":4000,"label":" ","price":6.16},{"type":"B","date":"2018-04-18T02:44:42.000Z","volume":12000,"label":" ","price":6.14},{"type":"B","date":"2018-04-18T02:44:42.000Z","volume":18000,"label":" ","price":6.13},{"type":"B","date":"2018-04-18T02:44:43.000Z","volume":16000,"label":" ","price":6.11},{"type":"A","date":"2018-04-18T02:45:27.000Z","volume":10000,"label":" ","price":6.14},{"type":"B","date":"2018-04-18T02:45:28.000Z","volume":6000,"label":" ","price":6.11},{"type":"B","date":"2018-04-18T02:45:28.000Z","volume":2000,"label":"Y","price":6.1},{"type":"A","date":"2018-04-18T02:45:30.000Z","volume":20000,"label":" ","price":6.14},{"type":"B","date":"2018-04-18T02:45:31.000Z","volume":12000,"label":"Y","price":6.1},{"type":"A","date":"2018-04-18T02:45:36.000Z","volume":10000,"label":" ","price":6.14},{"type":"A","date":"2018-04-18T02:45:44.000Z","volume":42000,"label":" ","price":6.14},{"type":"A","date":"2018-04-18T02:45:44.000Z","volume":6000,"label":" ","price":6.15},{"type":"A","date":"2018-04-18T02:45:44.000Z","volume":2000,"label":" ","price":6.14},{"type":"A","date":"2018-04-18T02:45:44.000Z","volume":4000,"label":" ","price":6.14},{"type":"A","date":"2018-04-18T02:45:45.000Z","volume":2000,"label":" ","price":6.16},{"type":"B","date":"2018-04-18T02:45:47.000Z","volume":10000,"label":" ","price":6.14},{"type":"B","date":"2018-04-18T02:45:47.000Z","volume":8000,"label":" ","price":6.12},{"type":"B","date":"2018-04-18T02:45:47.000Z","volume":4000,"label":" ","price":6.11},{"type":"B","date":"2018-04-18T02:45:47.000Z","volume":66000,"label":" ","price":6.1},{"type":"B","date":"2018-04-18T02:45:47.000Z","volume":38000,"label":" ","price":6.1},{"type":"B","date":"2018-04-18T02:45:47.000Z","volume":2000,"label":" ","price":6.09},{"type":"B","date":"2018-04-18T02:45:47.000Z","volume":12000,"label":" ","price":6.09},{"type":"B","date":"2018-04-18T02:45:47.000Z","volume":4000,"label":" ","price":6.09},{"type":"B","date":"2018-04-18T02:45:47.000Z","volume":4000,"label":" ","price":6.09},{"type":"B","date":"2018-04-18T02:45:47.000Z","volume":4000,"label":" ","price":6.09},{"type":"A","date":"2018-04-18T02:46:10.000Z","volume":8000,"label":" ","price":6.13},{"type":"A","date":"2018-04-18T02:46:10.000Z","volume":18000,"label":" ","price":6.14},{"type":"A","date":"2018-04-18T02:46:10.000Z","volume":18000,"label":" ","price":6.13},{"type":"A","date":"2018-04-18T02:46:13.000Z","volume":4000,"label":"Y","price":6.17},{"type":"A","date":"2018-04-18T02:46:13.000Z","volume":16000,"label":" ","price":6.17},{"type":"A","date":"2018-04-18T02:46:40.000Z","volume":2000,"label":" ","price":6.18},{"type":"A","date":"2018-04-18T02:46:45.000Z","volume":2000,"label":" ","price":6.19},{"type":"B","date":"2018-04-18T02:47:16.000Z","volume":18000,"label":" ","price":6.18},{"type":"B","date":"2018-04-18T02:47:16.000Z","volume":2000,"label":" ","price":6.16},{"type":"B","date":"2018-04-18T02:47:16.000Z","volume":4000,"label":" ","price":6.15},{"type":"B","date":"2018-04-18T02:47:16.000Z","volume":4000,"label":" ","price":6.15},{"type":"B","date":"2018-04-18T02:47:16.000Z","volume":6000,"label":" ","price":6.15},{"type":"B","date":"2018-04-18T02:47:16.000Z","volume":38000,"label":" ","price":6.15},{"type":"A","date":"2018-04-18T02:47:16.000Z","volume":2000,"label":"Y","price":6.18},{"type":"B","date":"2018-04-18T02:47:16.000Z","volume":12000,"label":" ","price":6.14},{"type":"B","date":"2018-04-18T02:47:16.000Z","volume":2000,"label":" ","price":6.13},{"type":"A","date":"2018-04-18T02:47:18.000Z","volume":16000,"label":" ","price":6.14},{"type":"A","date":"2018-04-18T02:47:18.000Z","volume":4000,"label":" ","price":6.14},{"type":"A","date":"2018-04-18T02:48:05.000Z","volume":6000,"label":" ","price":6.18},{"type":"A","date":"2018-04-18T02:48:05.000Z","volume":4000,"label":" ","price":6.19},{"type":"B","date":"2018-04-18T02:48:59.000Z","volume":14000,"label":" ","price":6.16},{"type":"B","date":"2018-04-18T02:48:59.000Z","volume":24000,"label":" ","price":6.15},{"type":"B","date":"2018-04-18T02:48:59.000Z","volume":8000,"label":" ","price":6.15},{"type":"B","date":"2018-04-18T02:48:59.000Z","volume":64000,"label":" ","price":6.15},{"type":"B","date":"2018-04-18T02:48:59.000Z","volume":10000,"label":" ","price":6.15},{"type":"A","date":"2018-04-18T02:49:01.000Z","volume":6000,"label":" ","price":6.16},{"type":"B","date":"2018-04-18T02:49:22.000Z","volume":14000,"label":" ","price":6.15},{"type":"B","date":"2018-04-18T02:49:22.000Z","volume":2000,"label":" ","price":6.14},{"type":"B","date":"2018-04-18T02:49:22.000Z","volume":48000,"label":" ","price":6.14},{"type":"B","date":"2018-04-18T02:49:22.000Z","volume":6000,"label":" ","price":6.14},{"type":"B","date":"2018-04-18T02:49:22.000Z","volume":22000,"label":" ","price":6.14},{"type":"B","date":"2018-04-18T02:49:22.000Z","volume":6000,"label":" ","price":6.13},{"type":"B","date":"2018-04-18T02:49:22.000Z","volume":2000,"label":" ","price":6.13},{"type":"B","date":"2018-04-18T02:49:22.000Z","volume":6000,"label":" ","price":6.13},{"type":"B","date":"2018-04-18T02:49:22.000Z","volume":4000,"label":" ","price":6.15},{"type":"A","date":"2018-04-18T02:49:22.000Z","volume":2000,"label":" ","price":6.17},{"type":"U","date":"2018-04-18T02:49:23.000Z","volume":4000,"label":" ","price":6.16},{"type":"A","date":"2018-04-18T02:49:49.000Z","volume":2000,"label":" ","price":6.17},{"type":"A","date":"2018-04-18T02:50:28.000Z","volume":24000,"label":" ","price":6.18},{"type":"A","date":"2018-04-18T02:50:28.000Z","volume":8000,"label":" ","price":6.19},{"type":"A","date":"2018-04-18T02:50:28.000Z","volume":2000,"label":" ","price":6.2},{"type":"A","date":"2018-04-18T02:50:28.000Z","volume":16000,"label":" ","price":6.22},{"type":"B","date":"2018-04-18T02:50:29.000Z","volume":2000,"label":" ","price":6.15},{"type":"A","date":"2018-04-18T02:50:54.000Z","volume":2000,"label":" ","price":6.18},{"type":"A","date":"2018-04-18T02:50:59.000Z","volume":6000,"label":" ","price":6.18},{"type":"B","date":"2018-04-18T02:52:05.000Z","volume":24000,"label":" ","price":6.16},{"type":"B","date":"2018-04-18T02:52:05.000Z","volume":44000,"label":" ","price":6.15},{"type":"B","date":"2018-04-18T02:52:05.000Z","volume":8000,"label":" ","price":6.15},{"type":"B","date":"2018-04-18T02:52:05.000Z","volume":40000,"label":" ","price":6.15},{"type":"B","date":"2018-04-18T02:52:05.000Z","volume":8000,"label":" ","price":6.15},{"type":"B","date":"2018-04-18T02:52:05.000Z","volume":28000,"label":" ","price":6.15},{"type":"B","date":"2018-04-18T02:52:05.000Z","volume":2000,"label":" ","price":6.15},{"type":"B","date":"2018-04-18T02:52:06.000Z","volume":2000,"label":" ","price":6.15},{"type":"B","date":"2018-04-18T02:52:06.000Z","volume":2000,"label":" ","price":6.14},{"type":"B","date":"2018-04-18T02:52:06.000Z","volume":2000,"label":" ","price":6.14},{"type":"B","date":"2018-04-18T02:52:06.000Z","volume":2000,"label":" ","price":6.14},{"type":"A","date":"2018-04-18T02:52:06.000Z","volume":2000,"label":" ","price":6.14},{"type":"B","date":"2018-04-18T02:52:07.000Z","volume":8000,"label":" ","price":6.13},{"type":"B","date":"2018-04-18T02:52:07.000Z","volume":90000,"label":" ","price":6.13},{"type":"A","date":"2018-04-18T02:52:07.000Z","volume":6000,"label":" ","price":6.15},{"type":"B","date":"2018-04-18T02:52:08.000Z","volume":4000,"label":" ","price":6.13},{"type":"A","date":"2018-04-18T02:52:20.000Z","volume":4000,"label":" ","price":6.16},{"type":"A","date":"2018-04-18T02:52:20.000Z","volume":2000,"label":" ","price":6.16},{"type":"A","date":"2018-04-18T02:52:23.000Z","volume":4000,"label":" ","price":6.17},{"type":"A","date":"2018-04-18T02:54:40.000Z","volume":14000,"label":" ","price":6.18},{"type":"A","date":"2018-04-18T02:54:40.000Z","volume":6000,"label":" ","price":6.19},{"type":"A","date":"2018-04-18T02:54:40.000Z","volume":6000,"label":" ","price":6.2},{"type":"A","date":"2018-04-18T02:54:40.000Z","volume":24000,"label":" ","price":6.2},{"type":"A","date":"2018-04-18T02:54:40.000Z","volume":2000,"label":" ","price":6.18},{"type":"A","date":"2018-04-18T02:54:40.000Z","volume":2000,"label":" ","price":6.18},{"type":"U","date":"2018-04-18T02:54:40.000Z","volume":2000,"label":" ","price":6.17},{"type":"B","date":"2018-04-18T02:54:41.000Z","volume":4000,"label":" ","price":6.17},{"type":"B","date":"2018-04-18T02:54:41.000Z","volume":2000,"label":" ","price":6.16},{"type":"A","date":"2018-04-18T02:55:25.000Z","volume":2000,"label":" ","price":6.2},{"type":"A","date":"2018-04-18T02:55:25.000Z","volume":8000,"label":" ","price":6.2},{"type":"A","date":"2018-04-18T02:56:10.000Z","volume":12000,"label":" ","price":6.2},{"type":"B","date":"2018-04-18T02:56:11.000Z","volume":8000,"label":" ","price":6.16},{"type":"A","date":"2018-04-18T02:56:28.000Z","volume":8000,"label":" ","price":6.2},{"type":"B","date":"2018-04-18T02:56:29.000Z","volume":6000,"label":" ","price":6.16},{"type":"B","date":"2018-04-18T02:56:47.000Z","volume":8000,"label":" ","price":6.16},{"type":"A","date":"2018-04-18T02:56:47.000Z","volume":10000,"label":" ","price":6.16},{"type":"B","date":"2018-04-18T02:56:48.000Z","volume":12000,"label":" ","price":6.15},{"type":"A","date":"2018-04-18T02:58:02.000Z","volume":2000,"label":" ","price":6.19},{"type":"B","date":"2018-04-18T02:58:03.000Z","volume":2000,"label":" ","price":6.15},{"type":"A","date":"2018-04-18T02:58:08.000Z","volume":6000,"label":" ","price":6.19},{"type":"B","date":"2018-04-18T02:58:09.000Z","volume":4000,"label":" ","price":6.15},{"type":"A","date":"2018-04-18T02:58:30.000Z","volume":2000,"label":"Y","price":6.19},{"type":"A","date":"2018-04-18T02:58:30.000Z","volume":6000,"label":" ","price":6.19},{"type":"A","date":"2018-04-18T02:58:40.000Z","volume":8000,"label":" ","price":6.2},{"type":"A","date":"2018-04-18T02:58:40.000Z","volume":48000,"label":" ","price":6.2},{"type":"B","date":"2018-04-18T02:58:40.000Z","volume":8000,"label":" ","price":6.2},{"type":"B","date":"2018-04-18T02:58:40.000Z","volume":8000,"label":" ","price":6.2},{"type":"B","date":"2018-04-18T02:58:40.000Z","volume":2000,"label":"Y","price":6.19},{"type":"B","date":"2018-04-18T02:58:40.000Z","volume":28000,"label":" ","price":6.19},{"type":"B","date":"2018-04-18T02:58:40.000Z","volume":16000,"label":" ","price":6.16},{"type":"B","date":"2018-04-18T02:58:40.000Z","volume":4000,"label":" ","price":6.16},{"type":"B","date":"2018-04-18T02:58:40.000Z","volume":2000,"label":" ","price":6.16},{"type":"A","date":"2018-04-18T02:59:34.000Z","volume":2000,"label":" ","price":6.2},{"type":"A","date":"2018-04-18T02:59:58.000Z","volume":4000,"label":" ","price":6.21},{"type":"A","date":"2018-04-18T02:59:58.000Z","volume":2000,"label":" ","price":6.22},{"type":"B","date":"2018-04-18T02:59:58.000Z","volume":4000,"label":" ","price":6.22},{"type":"B","date":"2018-04-18T03:00:00.000Z","volume":2000,"label":" ","price":6.22},{"type":"A","date":"2018-04-18T03:00:41.000Z","volume":8000,"label":" ","price":6.23},{"type":"A","date":"2018-04-18T03:01:14.000Z","volume":8000,"label":" ","price":6.23},{"type":"A","date":"2018-04-18T03:01:20.000Z","volume":2000,"label":" ","price":6.23},{"type":"A","date":"2018-04-18T03:01:20.000Z","volume":36000,"label":" ","price":6.24},{"type":"A","date":"2018-04-18T03:01:20.000Z","volume":2000,"label":" ","price":6.24},{"type":"A","date":"2018-04-18T03:01:20.000Z","volume":4000,"label":" ","price":6.24},{"type":"A","date":"2018-04-18T03:01:21.000Z","volume":18000,"label":" ","price":6.25},{"type":"A","date":"2018-04-18T03:01:22.000Z","volume":2000,"label":" ","price":6.25},{"type":"B","date":"2018-04-18T03:01:24.000Z","volume":22000,"label":" ","price":6.24},{"type":"B","date":"2018-04-18T03:01:24.000Z","volume":4000,"label":" ","price":6.23},{"type":"B","date":"2018-04-18T03:01:25.000Z","volume":4000,"label":" ","price":6.22},{"type":"B","date":"2018-04-18T03:01:25.000Z","volume":4000,"label":" ","price":6.2},{"type":"B","date":"2018-04-18T03:01:25.000Z","volume":2000,"label":" ","price":6.2},{"type":"B","date":"2018-04-18T03:01:25.000Z","volume":4000,"label":" ","price":6.2},{"type":"B","date":"2018-04-18T03:01:25.000Z","volume":2000,"label":" ","price":6.2},{"type":"B","date":"2018-04-18T03:01:25.000Z","volume":2000,"label":" ","price":6.19},{"type":"A","date":"2018-04-18T03:02:34.000Z","volume":6000,"label":" ","price":6.23},{"type":"A","date":"2018-04-18T03:02:34.000Z","volume":6000,"label":" ","price":6.23},{"type":"A","date":"2018-04-18T03:02:34.000Z","volume":2000,"label":" ","price":6.23},{"type":"B","date":"2018-04-18T03:02:34.000Z","volume":2000,"label":" ","price":6.21},{"type":"B","date":"2018-04-18T03:02:34.000Z","volume":4000,"label":" ","price":6.21},{"type":"B","date":"2018-04-18T03:02:34.000Z","volume":2000,"label":" ","price":6.2},{"type":"A","date":"2018-04-18T03:02:54.000Z","volume":10000,"label":" ","price":6.23},{"type":"A","date":"2018-04-18T03:03:18.000Z","volume":4000,"label":" ","price":6.23},{"type":"A","date":"2018-04-18T03:03:18.000Z","volume":4000,"label":" ","price":6.23},{"type":"B","date":"2018-04-18T03:03:18.000Z","volume":2000,"label":" ","price":6.19},{"type":"A","date":"2018-04-18T03:03:56.000Z","volume":2000,"label":" ","price":6.23},{"type":"B","date":"2018-04-18T03:03:56.000Z","volume":2000,"label":" ","price":6.2},{"type":"A","date":"2018-04-18T03:04:33.000Z","volume":12000,"label":" ","price":6.24},{"type":"B","date":"2018-04-18T03:04:33.000Z","volume":4000,"label":" ","price":6.2},{"type":"A","date":"2018-04-18T03:04:41.000Z","volume":10000,"label":" ","price":6.24},{"type":"B","date":"2018-04-18T03:04:42.000Z","volume":8000,"label":" ","price":6.2},{"type":"A","date":"2018-04-18T03:05:43.000Z","volume":6000,"label":" ","price":6.24},{"type":"A","date":"2018-04-18T03:05:43.000Z","volume":2000,"label":" ","price":6.24},{"type":"B","date":"2018-04-18T03:05:44.000Z","volume":2000,"label":" ","price":6.2},{"type":"A","date":"2018-04-18T03:05:48.000Z","volume":2000,"label":" ","price":6.24},{"type":"A","date":"2018-04-18T03:05:59.000Z","volume":10000,"label":" ","price":6.25},{"type":"B","date":"2018-04-18T03:06:00.000Z","volume":4000,"label":" ","price":6.2},{"type":"A","date":"2018-04-18T03:06:36.000Z","volume":4000,"label":" ","price":6.24},{"type":"B","date":"2018-04-18T03:06:37.000Z","volume":2000,"label":" ","price":6.21},{"type":"A","date":"2018-04-18T03:07:27.000Z","volume":8000,"label":" ","price":6.24},{"type":"B","date":"2018-04-18T03:07:28.000Z","volume":6000,"label":" ","price":6.22},{"type":"A","date":"2018-04-18T03:07:57.000Z","volume":10000,"label":" ","price":6.24},{"type":"B","date":"2018-04-18T03:08:46.000Z","volume":4000,"label":" ","price":6.23},{"type":"B","date":"2018-04-18T03:08:47.000Z","volume":2000,"label":" ","price":6.22},{"type":"A","date":"2018-04-18T03:08:51.000Z","volume":4000,"label":" ","price":6.23},{"type":"A","date":"2018-04-18T03:08:52.000Z","volume":2000,"label":" ","price":6.23},{"type":"A","date":"2018-04-18T03:08:53.000Z","volume":2000,"label":" ","price":6.24},{"type":"A","date":"2018-04-18T03:08:53.000Z","volume":8000,"label":" ","price":6.26},{"type":"B","date":"2018-04-18T03:08:53.000Z","volume":2000,"label":" ","price":6.22},{"type":"A","date":"2018-04-18T03:09:14.000Z","volume":2000,"label":" ","price":6.25},{"type":"A","date":"2018-04-18T03:09:14.000Z","volume":16000,"label":" ","price":6.25},{"type":"B","date":"2018-04-18T03:09:14.000Z","volume":4000,"label":" ","price":6.23},{"type":"B","date":"2018-04-18T03:09:14.000Z","volume":2000,"label":" ","price":6.22},{"type":"B","date":"2018-04-18T03:09:14.000Z","volume":2000,"label":" ","price":6.22},{"type":"B","date":"2018-04-18T03:09:14.000Z","volume":2000,"label":" ","price":6.22},{"type":"B","date":"2018-04-18T03:09:14.000Z","volume":2000,"label":" ","price":6.22},{"type":"A","date":"2018-04-18T03:09:39.000Z","volume":8000,"label":" ","price":6.26},{"type":"B","date":"2018-04-18T03:09:40.000Z","volume":2000,"label":" ","price":6.22},{"type":"A","date":"2018-04-18T03:10:24.000Z","volume":10000,"label":" ","price":6.25},{"type":"B","date":"2018-04-18T03:10:25.000Z","volume":6000,"label":" ","price":6.22},{"type":"A","date":"2018-04-18T03:11:07.000Z","volume":14000,"label":" ","price":6.25},{"type":"A","date":"2018-04-18T03:11:07.000Z","volume":38000,"label":" ","price":6.26},{"type":"A","date":"2018-04-18T03:11:07.000Z","volume":48000,"label":" ","price":6.26},{"type":"B","date":"2018-04-18T03:11:08.000Z","volume":4000,"label":" ","price":6.24},{"type":"B","date":"2018-04-18T03:11:08.000Z","volume":2000,"label":" ","price":6.22},{"type":"B","date":"2018-04-18T03:11:08.000Z","volume":2000,"label":" ","price":6.22},{"type":"B","date":"2018-04-18T03:11:08.000Z","volume":12000,"label":" ","price":6.21},{"type":"B","date":"2018-04-18T03:11:08.000Z","volume":2000,"label":"Y","price":6.21},{"type":"B","date":"2018-04-18T03:11:08.000Z","volume":12000,"label":" ","price":6.21},{"type":"B","date":"2018-04-18T03:11:08.000Z","volume":16000,"label":" ","price":6.2},{"type":"A","date":"2018-04-18T03:12:27.000Z","volume":4000,"label":" ","price":6.24},{"type":"A","date":"2018-04-18T03:13:14.000Z","volume":6000,"label":" ","price":6.24},{"type":"A","date":"2018-04-18T03:13:14.000Z","volume":38000,"label":" ","price":6.24},{"type":"A","date":"2018-04-18T03:13:14.000Z","volume":4000,"label":" ","price":6.25},{"type":"B","date":"2018-04-18T03:13:14.000Z","volume":2000,"label":" ","price":6.23},{"type":"B","date":"2018-04-18T03:13:14.000Z","volume":12000,"label":" ","price":6.23},{"type":"B","date":"2018-04-18T03:13:14.000Z","volume":2000,"label":" ","price":6.23},{"type":"B","date":"2018-04-18T03:13:14.000Z","volume":6000,"label":" ","price":6.23},{"type":"A","date":"2018-04-18T03:13:14.000Z","volume":2000,"label":" ","price":6.23},{"type":"A","date":"2018-04-18T03:14:31.000Z","volume":16000,"label":" ","price":6.26},{"type":"A","date":"2018-04-18T03:14:31.000Z","volume":6000,"label":" ","price":6.26},{"type":"B","date":"2018-04-18T03:14:32.000Z","volume":2000,"label":" ","price":6.23},{"type":"B","date":"2018-04-18T03:14:32.000Z","volume":2000,"label":" ","price":6.22},{"type":"B","date":"2018-04-18T03:14:32.000Z","volume":2000,"label":" ","price":6.22},{"type":"A","date":"2018-04-18T03:15:23.000Z","volume":24000,"label":" ","price":6.26},{"type":"A","date":"2018-04-18T03:15:23.000Z","volume":2000,"label":" ","price":6.26},{"type":"B","date":"2018-04-18T03:15:23.000Z","volume":4000,"label":" ","price":6.22},{"type":"A","date":"2018-04-18T03:15:26.000Z","volume":2000,"label":" ","price":6.26},{"type":"B","date":"2018-04-18T03:16:43.000Z","volume":2000,"label":" ","price":6.24},{"type":"B","date":"2018-04-18T03:16:44.000Z","volume":2000,"label":" ","price":6.24},{"type":"B","date":"2018-04-18T03:16:50.000Z","volume":4000,"label":" ","price":6.24},{"type":"B","date":"2018-04-18T03:16:50.000Z","volume":16000,"label":" ","price":6.23},{"type":"B","date":"2018-04-18T03:16:51.000Z","volume":2000,"label":"Y","price":6.22},{"type":"B","date":"2018-04-18T03:16:51.000Z","volume":8000,"label":" ","price":6.22},{"type":"B","date":"2018-04-18T03:16:51.000Z","volume":2000,"label":" ","price":6.21},{"type":"B","date":"2018-04-18T03:16:51.000Z","volume":4000,"label":" ","price":6.21},{"type":"B","date":"2018-04-18T03:16:51.000Z","volume":2000,"label":" ","price":6.21},{"type":"B","date":"2018-04-18T03:17:08.000Z","volume":2000,"label":" ","price":6.21},{"type":"A","date":"2018-04-18T03:17:22.000Z","volume":22000,"label":" ","price":6.23},{"type":"B","date":"2018-04-18T03:17:22.000Z","volume":2000,"label":" ","price":6.23},{"type":"A","date":"2018-04-18T03:17:23.000Z","volume":18000,"label":" ","price":6.24},{"type":"B","date":"2018-04-18T03:17:23.000Z","volume":8000,"label":" ","price":6.21},{"type":"B","date":"2018-04-18T03:17:23.000Z","volume":4000,"label":" ","price":6.21},{"type":"B","date":"2018-04-18T03:17:23.000Z","volume":2000,"label":" ","price":6.2},{"type":"A","date":"2018-04-18T03:17:24.000Z","volume":2000,"label":" ","price":6.22},{"type":"A","date":"2018-04-18T03:18:22.000Z","volume":2000,"label":" ","price":6.24},{"type":"A","date":"2018-04-18T03:18:41.000Z","volume":6000,"label":" ","price":6.24},{"type":"B","date":"2018-04-18T03:18:42.000Z","volume":4000,"label":" ","price":6.22},{"type":"B","date":"2018-04-18T03:18:56.000Z","volume":4000,"label":" ","price":6.22},{"type":"B","date":"2018-04-18T03:18:56.000Z","volume":2000,"label":" ","price":6.22},{"type":"B","date":"2018-04-18T03:19:33.000Z","volume":2000,"label":" ","price":6.22},{"type":"B","date":"2018-04-18T03:19:34.000Z","volume":2000,"label":" ","price":6.22},{"type":"A","date":"2018-04-18T03:19:36.000Z","volume":6000,"label":" ","price":6.24},{"type":"B","date":"2018-04-18T03:19:54.000Z","volume":6000,"label":" ","price":6.22},{"type":"B","date":"2018-04-18T03:19:55.000Z","volume":2000,"label":" ","price":6.21},{"type":"B","date":"2018-04-18T03:19:57.000Z","volume":2000,"label":" ","price":6.21},{"type":"B","date":"2018-04-18T03:20:59.000Z","volume":2000,"label":" ","price":6.2},{"type":"B","date":"2018-04-18T03:21:00.000Z","volume":2000,"label":" ","price":6.2},{"type":"A","date":"2018-04-18T03:21:09.000Z","volume":2000,"label":" ","price":6.23},{"type":"B","date":"2018-04-18T03:21:10.000Z","volume":2000,"label":" ","price":6.2},{"type":"B","date":"2018-04-18T03:21:33.000Z","volume":2000,"label":" ","price":6.2},{"type":"A","date":"2018-04-18T03:21:36.000Z","volume":8000,"label":" ","price":6.23},{"type":"A","date":"2018-04-18T03:21:36.000Z","volume":2000,"label":" ","price":6.24},{"type":"A","date":"2018-04-18T03:21:36.000Z","volume":8000,"label":" ","price":6.24},{"type":"A","date":"2018-04-18T03:21:36.000Z","volume":2000,"label":" ","price":6.24},{"type":"U","date":"2018-04-18T03:21:36.000Z","volume":2000,"label":" ","price":6.22},{"type":"B","date":"2018-04-18T03:21:36.000Z","volume":2000,"label":" ","price":6.22},{"type":"U","date":"2018-04-18T03:21:38.000Z","volume":2000,"label":" ","price":6.22},{"type":"B","date":"2018-04-18T03:21:38.000Z","volume":2000,"label":" ","price":6.21},{"type":"A","date":"2018-04-18T03:22:34.000Z","volume":10000,"label":" ","price":6.22},{"type":"A","date":"2018-04-18T03:22:34.000Z","volume":2000,"label":" ","price":6.22},{"type":"B","date":"2018-04-18T03:22:34.000Z","volume":2000,"label":" ","price":6.21},{"type":"A","date":"2018-04-18T03:22:34.000Z","volume":4000,"label":" ","price":6.22},{"type":"A","date":"2018-04-18T03:22:48.000Z","volume":2000,"label":" ","price":6.25},{"type":"A","date":"2018-04-18T03:23:48.000Z","volume":2000,"label":" ","price":6.26},{"type":"A","date":"2018-04-18T03:24:37.000Z","volume":4000,"label":" ","price":6.25},{"type":"A","date":"2018-04-18T03:24:44.000Z","volume":10000,"label":" ","price":6.25},{"type":"A","date":"2018-04-18T03:24:44.000Z","volume":26000,"label":" ","price":6.25},{"type":"B","date":"2018-04-18T03:24:44.000Z","volume":4000,"label":" ","price":6.22},{"type":"B","date":"2018-04-18T03:24:44.000Z","volume":2000,"label":" ","price":6.22},{"type":"B","date":"2018-04-18T03:24:44.000Z","volume":2000,"label":" ","price":6.22},{"type":"B","date":"2018-04-18T03:24:44.000Z","volume":2000,"label":" ","price":6.22},{"type":"B","date":"2018-04-18T03:24:44.000Z","volume":2000,"label":" ","price":6.21},{"type":"B","date":"2018-04-18T03:24:44.000Z","volume":6000,"label":" ","price":6.21},{"type":"B","date":"2018-04-18T03:24:44.000Z","volume":4000,"label":" ","price":6.2},{"type":"A","date":"2018-04-18T03:24:44.000Z","volume":2000,"label":" ","price":6.2},{"type":"A","date":"2018-04-18T03:26:05.000Z","volume":2000,"label":" ","price":6.24},{"type":"A","date":"2018-04-18T03:26:25.000Z","volume":2000,"label":" ","price":6.24},{"type":"A","date":"2018-04-18T03:29:02.000Z","volume":6000,"label":" ","price":6.24},{"type":"A","date":"2018-04-18T03:30:46.000Z","volume":46000,"label":" ","price":6.24},{"type":"B","date":"2018-04-18T03:30:46.000Z","volume":2000,"label":" ","price":6.22},{"type":"B","date":"2018-04-18T03:30:46.000Z","volume":6000,"label":" ","price":6.22},{"type":"B","date":"2018-04-18T03:30:46.000Z","volume":2000,"label":" ","price":6.22},{"type":"B","date":"2018-04-18T03:30:46.000Z","volume":2000,"label":" ","price":6.22},{"type":"B","date":"2018-04-18T03:30:46.000Z","volume":2000,"label":" ","price":6.22},{"type":"B","date":"2018-04-18T03:30:46.000Z","volume":2000,"label":" ","price":6.22},{"type":"B","date":"2018-04-18T03:30:47.000Z","volume":8000,"label":" ","price":6.22},{"type":"B","date":"2018-04-18T03:30:48.000Z","volume":2000,"label":" ","price":6.22},{"type":"B","date":"2018-04-18T03:30:48.000Z","volume":2000,"label":" ","price":6.22},{"type":"A","date":"2018-04-18T03:31:32.000Z","volume":2000,"label":" ","price":6.25},{"type":"A","date":"2018-04-18T03:31:33.000Z","volume":2000,"label":" ","price":6.25},{"type":"B","date":"2018-04-18T03:31:33.000Z","volume":2000,"label":" ","price":6.23},{"type":"A","date":"2018-04-18T03:34:24.000Z","volume":4000,"label":" ","price":6.26},{"type":"B","date":"2018-04-18T03:34:25.000Z","volume":2000,"label":" ","price":6.22},{"type":"B","date":"2018-04-18T03:35:56.000Z","volume":4000,"label":" ","price":6.22},{"type":"B","date":"2018-04-18T03:35:56.000Z","volume":4000,"label":" ","price":6.22},{"type":"A","date":"2018-04-18T03:37:23.000Z","volume":2000,"label":" ","price":6.26},{"type":"A","date":"2018-04-18T03:37:23.000Z","volume":6000,"label":" ","price":6.26},{"type":"B","date":"2018-04-18T03:37:23.000Z","volume":4000,"label":" ","price":6.23},{"type":"U","date":"2018-04-18T03:37:25.000Z","volume":2000,"label":" ","price":6.24},{"type":"B","date":"2018-04-18T03:37:26.000Z","volume":2000,"label":" ","price":6.24},{"type":"U","date":"2018-04-18T03:38:53.000Z","volume":2000,"label":" ","price":6.25},{"type":"B","date":"2018-04-18T03:38:53.000Z","volume":2000,"label":" ","price":6.25},{"type":"B","date":"2018-04-18T03:39:01.000Z","volume":2000,"label":" ","price":6.25},{"type":"A","date":"2018-04-18T03:43:02.000Z","volume":6000,"label":" ","price":6.26},{"type":"B","date":"2018-04-18T03:43:02.000Z","volume":2000,"label":" ","price":6.25},{"type":"A","date":"2018-04-18T03:43:18.000Z","volume":2000,"label":" ","price":6.26},{"type":"A","date":"2018-04-18T03:44:06.000Z","volume":2000,"label":" ","price":6.26},{"type":"A","date":"2018-04-18T03:45:08.000Z","volume":14000,"label":" ","price":6.26},{"type":"A","date":"2018-04-18T03:45:08.000Z","volume":4000,"label":" ","price":6.26},{"type":"B","date":"2018-04-18T03:45:08.000Z","volume":2000,"label":" ","price":6.25},{"type":"B","date":"2018-04-18T03:45:08.000Z","volume":2000,"label":" ","price":6.25},{"type":"A","date":"2018-04-18T03:45:08.000Z","volume":4000,"label":" ","price":6.26},{"type":"B","date":"2018-04-18T03:45:08.000Z","volume":2000,"label":" ","price":6.25},{"type":"A","date":"2018-04-18T03:45:47.000Z","volume":14000,"label":" ","price":6.26},{"type":"B","date":"2018-04-18T03:45:47.000Z","volume":4000,"label":" ","price":6.25},{"type":"A","date":"2018-04-18T03:45:54.000Z","volume":2000,"label":" ","price":6.26},{"type":"B","date":"2018-04-18T03:46:16.000Z","volume":10000,"label":" ","price":6.25},{"type":"B","date":"2018-04-18T03:46:17.000Z","volume":2000,"label":" ","price":6.25},{"type":"B","date":"2018-04-18T03:46:17.000Z","volume":2000,"label":" ","price":6.25},{"type":"B","date":"2018-04-18T03:46:17.000Z","volume":2000,"label":" ","price":6.25},{"type":"B","date":"2018-04-18T03:46:17.000Z","volume":4000,"label":" ","price":6.24},{"type":"B","date":"2018-04-18T03:46:21.000Z","volume":4000,"label":" ","price":6.24},{"type":"B","date":"2018-04-18T03:46:22.000Z","volume":4000,"label":" ","price":6.23},{"type":"A","date":"2018-04-18T03:46:38.000Z","volume":22000,"label":" ","price":6.26},{"type":"A","date":"2018-04-18T03:46:38.000Z","volume":8000,"label":" ","price":6.26},{"type":"B","date":"2018-04-18T03:46:39.000Z","volume":4000,"label":" ","price":6.23},{"type":"B","date":"2018-04-18T03:46:39.000Z","volume":2000,"label":" ","price":6.22},{"type":"A","date":"2018-04-18T03:51:31.000Z","volume":4000,"label":" ","price":6.26},{"type":"B","date":"2018-04-18T03:51:32.000Z","volume":2000,"label":" ","price":6.23},{"type":"A","date":"2018-04-18T03:54:30.000Z","volume":2000,"label":" ","price":6.25},{"type":"B","date":"2018-04-18T03:54:31.000Z","volume":2000,"label":" ","price":6.23},{"type":"B","date":"2018-04-18T03:57:17.000Z","volume":8000,"label":" ","price":6.23},{"type":"B","date":"2018-04-18T03:57:18.000Z","volume":6000,"label":" ","price":6.23},{"type":"B","date":"2018-04-18T03:57:18.000Z","volume":2000,"label":" ","price":6.23},{"type":"A","date":"2018-04-18T03:57:51.000Z","volume":2000,"label":" ","price":6.25},{"type":"B","date":"2018-04-18T03:57:51.000Z","volume":2000,"label":" ","price":6.22},{"type":"A","date":"2018-04-18T03:59:50.000Z","volume":4000,"label":" ","price":6.25},{"type":"B","date":"2018-04-18T03:59:51.000Z","volume":2000,"label":" ","price":6.22},{"type":"U","date":"2018-04-18T05:00:01.000Z","volume":2000,"label":" ","price":6.23},{"type":"B","date":"2018-04-18T05:00:02.000Z","volume":2000,"label":" ","price":6.23},{"type":"A","date":"2018-04-18T05:00:03.000Z","volume":2000,"label":" ","price":6.25},{"type":"B","date":"2018-04-18T05:00:07.000Z","volume":2000,"label":" ","price":6.23},{"type":"A","date":"2018-04-18T05:00:13.000Z","volume":2000,"label":" ","price":6.25},{"type":"A","date":"2018-04-18T05:01:05.000Z","volume":14000,"label":" ","price":6.25},{"type":"B","date":"2018-04-18T05:01:05.000Z","volume":2000,"label":" ","price":6.24},{"type":"A","date":"2018-04-18T05:02:01.000Z","volume":12000,"label":" ","price":6.26},{"type":"A","date":"2018-04-18T05:02:08.000Z","volume":20000,"label":" ","price":6.27},{"type":"B","date":"2018-04-18T05:02:08.000Z","volume":2000,"label":" ","price":6.24},{"type":"A","date":"2018-04-18T05:02:32.000Z","volume":4000,"label":" ","price":6.27},{"type":"A","date":"2018-04-18T05:03:02.000Z","volume":2000,"label":" ","price":6.27},{"type":"B","date":"2018-04-18T05:03:03.000Z","volume":2000,"label":" ","price":6.25},{"type":"B","date":"2018-04-18T05:05:15.000Z","volume":4000,"label":" ","price":6.26},{"type":"B","date":"2018-04-18T05:05:16.000Z","volume":2000,"label":" ","price":6.26},{"type":"B","date":"2018-04-18T05:05:16.000Z","volume":2000,"label":" ","price":6.26},{"type":"B","date":"2018-04-18T05:05:17.000Z","volume":2000,"label":" ","price":6.25},{"type":"A","date":"2018-04-18T05:08:54.000Z","volume":2000,"label":" ","price":6.27},{"type":"A","date":"2018-04-18T05:08:54.000Z","volume":20000,"label":" ","price":6.27},{"type":"U","date":"2018-04-18T05:09:25.000Z","volume":10000,"label":" ","price":6.27},{"type":"A","date":"2018-04-18T05:09:25.000Z","volume":4000,"label":" ","price":6.27},{"type":"B","date":"2018-04-18T05:09:26.000Z","volume":10000,"label":" ","price":6.26},{"type":"U","date":"2018-04-18T05:09:31.000Z","volume":10000,"label":" ","price":6.27},{"type":"B","date":"2018-04-18T05:09:32.000Z","volume":2000,"label":"Y","price":6.26},{"type":"B","date":"2018-04-18T05:09:32.000Z","volume":2000,"label":"Y","price":6.26},{"type":"B","date":"2018-04-18T05:09:32.000Z","volume":2000,"label":" ","price":6.26},{"type":"A","date":"2018-04-18T05:10:02.000Z","volume":4000,"label":" ","price":6.27},{"type":"B","date":"2018-04-18T05:10:03.000Z","volume":4000,"label":" ","price":6.26},{"type":"A","date":"2018-04-18T05:12:23.000Z","volume":2000,"label":" ","price":6.27},{"type":"A","date":"2018-04-18T05:12:23.000Z","volume":4000,"label":" ","price":6.27},{"type":"A","date":"2018-04-18T05:12:24.000Z","volume":12000,"label":" ","price":6.27},{"type":"B","date":"2018-04-18T05:12:24.000Z","volume":8000,"label":" ","price":6.26},{"type":"A","date":"2018-04-18T05:13:07.000Z","volume":2000,"label":" ","price":6.28},{"type":"A","date":"2018-04-18T05:14:18.000Z","volume":18000,"label":" ","price":6.28},{"type":"A","date":"2018-04-18T05:14:18.000Z","volume":68000,"label":" ","price":6.29},{"type":"B","date":"2018-04-18T05:14:18.000Z","volume":12000,"label":" ","price":6.29},{"type":"B","date":"2018-04-18T05:14:18.000Z","volume":2000,"label":" ","price":6.29},{"type":"B","date":"2018-04-18T05:14:19.000Z","volume":2000,"label":" ","price":6.29},{"type":"B","date":"2018-04-18T05:14:28.000Z","volume":10000,"label":" ","price":6.29},{"type":"B","date":"2018-04-18T05:14:29.000Z","volume":6000,"label":" ","price":6.29},{"type":"A","date":"2018-04-18T05:14:47.000Z","volume":6000,"label":" ","price":6.3},{"type":"A","date":"2018-04-18T05:14:48.000Z","volume":8000,"label":" ","price":6.3},{"type":"B","date":"2018-04-18T05:14:48.000Z","volume":10000,"label":" ","price":6.29},{"type":"B","date":"2018-04-18T05:14:48.000Z","volume":8000,"label":" ","price":6.29},{"type":"B","date":"2018-04-18T05:14:49.000Z","volume":4000,"label":" ","price":6.28},{"type":"A","date":"2018-04-18T05:15:06.000Z","volume":2000,"label":" ","price":6.29},{"type":"B","date":"2018-04-18T05:15:07.000Z","volume":2000,"label":" ","price":6.28},{"type":"A","date":"2018-04-18T05:15:17.000Z","volume":2000,"label":" ","price":6.29},{"type":"B","date":"2018-04-18T05:15:18.000Z","volume":2000,"label":" ","price":6.28},{"type":"A","date":"2018-04-18T05:16:07.000Z","volume":18000,"label":" ","price":6.29},{"type":"B","date":"2018-04-18T05:16:07.000Z","volume":2000,"label":" ","price":6.28},{"type":"A","date":"2018-04-18T05:16:12.000Z","volume":2000,"label":" ","price":6.29},{"type":"A","date":"2018-04-18T05:16:31.000Z","volume":4000,"label":" ","price":6.3},{"type":"A","date":"2018-04-18T05:17:37.000Z","volume":4000,"label":" ","price":6.3},{"type":"A","date":"2018-04-18T05:17:37.000Z","volume":30000,"label":" ","price":6.3},{"type":"B","date":"2018-04-18T05:17:37.000Z","volume":2000,"label":" ","price":6.29},{"type":"B","date":"2018-04-18T05:17:37.000Z","volume":8000,"label":" ","price":6.29},{"type":"B","date":"2018-04-18T05:17:37.000Z","volume":2000,"label":" ","price":6.29},{"type":"B","date":"2018-04-18T05:17:37.000Z","volume":2000,"label":" ","price":6.29},{"type":"A","date":"2018-04-18T05:18:25.000Z","volume":2000,"label":" ","price":6.31},{"type":"A","date":"2018-04-18T05:18:25.000Z","volume":4000,"label":" ","price":6.31},{"type":"A","date":"2018-04-18T05:18:31.000Z","volume":4000,"label":" ","price":6.31},{"type":"A","date":"2018-04-18T05:18:31.000Z","volume":8000,"label":" ","price":6.31},{"type":"U","date":"2018-04-18T05:18:36.000Z","volume":1584,"label":"D","price":6.29},{"type":"A","date":"2018-04-18T05:18:53.000Z","volume":2000,"label":" ","price":6.32},{"type":"B","date":"2018-04-18T05:18:54.000Z","volume":2000,"label":" ","price":6.31},{"type":"B","date":"2018-04-18T05:18:55.000Z","volume":2000,"label":"Y","price":6.31},{"type":"B","date":"2018-04-18T05:18:55.000Z","volume":22000,"label":" ","price":6.31},{"type":"B","date":"2018-04-18T05:18:56.000Z","volume":16000,"label":" ","price":6.3},{"type":"B","date":"2018-04-18T05:19:01.000Z","volume":28000,"label":" ","price":6.3},{"type":"B","date":"2018-04-18T05:19:02.000Z","volume":6000,"label":" ","price":6.29},{"type":"B","date":"2018-04-18T05:19:02.000Z","volume":2000,"label":" ","price":6.29},{"type":"B","date":"2018-04-18T05:19:02.000Z","volume":6000,"label":" ","price":6.29},{"type":"B","date":"2018-04-18T05:19:02.000Z","volume":8000,"label":" ","price":6.29},{"type":"B","date":"2018-04-18T05:19:02.000Z","volume":2000,"label":" ","price":6.28},{"type":"B","date":"2018-04-18T05:19:02.000Z","volume":2000,"label":" ","price":6.28},{"type":"B","date":"2018-04-18T05:19:02.000Z","volume":2000,"label":" ","price":6.28},{"type":"B","date":"2018-04-18T05:19:02.000Z","volume":4000,"label":" ","price":6.28},{"type":"B","date":"2018-04-18T05:19:02.000Z","volume":2000,"label":" ","price":6.27},{"type":"B","date":"2018-04-18T05:19:02.000Z","volume":2000,"label":" ","price":6.27},{"type":"B","date":"2018-04-18T05:19:10.000Z","volume":2000,"label":" ","price":6.28},{"type":"A","date":"2018-04-18T05:19:14.000Z","volume":4000,"label":" ","price":6.29},{"type":"A","date":"2018-04-18T05:19:14.000Z","volume":6000,"label":" ","price":6.3},{"type":"B","date":"2018-04-18T05:19:15.000Z","volume":4000,"label":" ","price":6.27},{"type":"U","date":"2018-04-18T05:19:39.000Z","volume":2000,"label":" ","price":6.28},{"type":"B","date":"2018-04-18T05:19:40.000Z","volume":2000,"label":" ","price":6.27},{"type":"A","date":"2018-04-18T05:21:05.000Z","volume":2000,"label":" ","price":6.3},{"type":"A","date":"2018-04-18T05:21:06.000Z","volume":4000,"label":" ","price":6.3},{"type":"B","date":"2018-04-18T05:21:06.000Z","volume":4000,"label":" ","price":6.28},{"type":"U","date":"2018-04-18T05:22:08.000Z","volume":4000,"label":" ","price":6.29},{"type":"B","date":"2018-04-18T05:22:09.000Z","volume":2000,"label":" ","price":6.28},{"type":"A","date":"2018-04-18T05:23:02.000Z","volume":4000,"label":" ","price":6.29},{"type":"B","date":"2018-04-18T05:23:03.000Z","volume":2000,"label":" ","price":6.28},{"type":"A","date":"2018-04-18T05:24:23.000Z","volume":8000,"label":" ","price":6.29},{"type":"A","date":"2018-04-18T05:24:24.000Z","volume":6000,"label":" ","price":6.3},{"type":"A","date":"2018-04-18T05:24:29.000Z","volume":2000,"label":" ","price":6.3},{"type":"B","date":"2018-04-18T05:24:43.000Z","volume":2000,"label":" ","price":6.31},{"type":"B","date":"2018-04-18T05:24:43.000Z","volume":2000,"label":" ","price":6.31},{"type":"B","date":"2018-04-18T05:24:44.000Z","volume":4000,"label":" ","price":6.31},{"type":"B","date":"2018-04-18T05:24:45.000Z","volume":2000,"label":" ","price":6.31},{"type":"B","date":"2018-04-18T05:24:45.000Z","volume":2000,"label":" ","price":6.3},{"type":"A","date":"2018-04-18T05:26:15.000Z","volume":4000,"label":" ","price":6.3},{"type":"B","date":"2018-04-18T05:26:16.000Z","volume":2000,"label":"Y","price":6.29},{"type":"A","date":"2018-04-18T05:26:42.000Z","volume":4000,"label":" ","price":6.3},{"type":"B","date":"2018-04-18T05:28:02.000Z","volume":4000,"label":" ","price":6.31},{"type":"B","date":"2018-04-18T05:28:02.000Z","volume":2000,"label":" ","price":6.31},{"type":"B","date":"2018-04-18T05:28:06.000Z","volume":6000,"label":" ","price":6.31},{"type":"B","date":"2018-04-18T05:28:07.000Z","volume":2000,"label":"Y","price":6.3},{"type":"B","date":"2018-04-18T05:28:07.000Z","volume":2000,"label":" ","price":6.29},{"type":"A","date":"2018-04-18T05:29:41.000Z","volume":2000,"label":" ","price":6.3},{"type":"B","date":"2018-04-18T05:29:42.000Z","volume":2000,"label":" ","price":6.29},{"type":"A","date":"2018-04-18T05:29:51.000Z","volume":4000,"label":" ","price":6.31},{"type":"A","date":"2018-04-18T05:30:38.000Z","volume":4000,"label":" ","price":6.3},{"type":"B","date":"2018-04-18T05:30:39.000Z","volume":2000,"label":" ","price":6.29},{"type":"A","date":"2018-04-18T05:31:25.000Z","volume":2000,"label":" ","price":6.3},{"type":"A","date":"2018-04-18T05:31:29.000Z","volume":4000,"label":" ","price":6.3},{"type":"U","date":"2018-04-18T05:32:28.000Z","volume":2000,"label":" ","price":6.31},{"type":"B","date":"2018-04-18T05:32:29.000Z","volume":2000,"label":" ","price":6.31},{"type":"B","date":"2018-04-18T05:32:30.000Z","volume":2000,"label":" ","price":6.31},{"type":"B","date":"2018-04-18T05:32:37.000Z","volume":8000,"label":" ","price":6.31},{"type":"B","date":"2018-04-18T05:32:38.000Z","volume":6000,"label":" ","price":6.3},{"type":"A","date":"2018-04-18T05:33:12.000Z","volume":2000,"label":" ","price":6.31},{"type":"B","date":"2018-04-18T05:33:13.000Z","volume":2000,"label":" ","price":6.29},{"type":"A","date":"2018-04-18T05:33:44.000Z","volume":4000,"label":" ","price":6.31},{"type":"A","date":"2018-04-18T05:35:04.000Z","volume":2000,"label":" ","price":6.32},{"type":"A","date":"2018-04-18T05:35:04.000Z","volume":4000,"label":" ","price":6.32},{"type":"U","date":"2018-04-18T05:37:24.000Z","volume":10000,"label":" ","price":6.32},{"type":"B","date":"2018-04-18T05:37:25.000Z","volume":4000,"label":" ","price":6.32},{"type":"B","date":"2018-04-18T05:37:25.000Z","volume":2000,"label":" ","price":6.31},{"type":"A","date":"2018-04-18T05:37:30.000Z","volume":4000,"label":" ","price":6.33},{"type":"B","date":"2018-04-18T05:37:31.000Z","volume":2000,"label":" ","price":6.31},{"type":"B","date":"2018-04-18T05:38:01.000Z","volume":2000,"label":"Y","price":6.32},{"type":"B","date":"2018-04-18T05:38:01.000Z","volume":14000,"label":" ","price":6.32},{"type":"B","date":"2018-04-18T05:38:02.000Z","volume":2000,"label":" ","price":6.31},{"type":"B","date":"2018-04-18T05:38:02.000Z","volume":2000,"label":" ","price":6.31},{"type":"B","date":"2018-04-18T05:38:02.000Z","volume":2000,"label":" ","price":6.31},{"type":"B","date":"2018-04-18T05:38:02.000Z","volume":2000,"label":" ","price":6.31},{"type":"B","date":"2018-04-18T05:38:02.000Z","volume":2000,"label":" ","price":6.31},{"type":"B","date":"2018-04-18T05:38:02.000Z","volume":2000,"label":" ","price":6.31},{"type":"B","date":"2018-04-18T05:38:02.000Z","volume":26000,"label":" ","price":6.31},{"type":"B","date":"2018-04-18T05:38:02.000Z","volume":16000,"label":" ","price":6.3},{"type":"B","date":"2018-04-18T05:38:02.000Z","volume":16000,"label":" ","price":6.3},{"type":"B","date":"2018-04-18T05:38:03.000Z","volume":12000,"label":" ","price":6.3},{"type":"B","date":"2018-04-18T05:38:03.000Z","volume":2000,"label":" ","price":6.29},{"type":"A","date":"2018-04-18T05:40:30.000Z","volume":2000,"label":" ","price":6.3},{"type":"A","date":"2018-04-18T05:40:37.000Z","volume":4000,"label":" ","price":6.3},{"type":"B","date":"2018-04-18T05:40:38.000Z","volume":2000,"label":" ","price":6.29},{"type":"A","date":"2018-04-18T05:40:41.000Z","volume":10000,"label":" ","price":6.3},{"type":"A","date":"2018-04-18T05:40:41.000Z","volume":10000,"label":" ","price":6.3},{"type":"B","date":"2018-04-18T05:40:41.000Z","volume":2000,"label":" ","price":6.29},{"type":"A","date":"2018-04-18T05:41:31.000Z","volume":2000,"label":" ","price":6.32},{"type":"B","date":"2018-04-18T05:41:32.000Z","volume":2000,"label":" ","price":6.3},{"type":"A","date":"2018-04-18T05:41:47.000Z","volume":16000,"label":" ","price":6.32},{"type":"A","date":"2018-04-18T05:41:47.000Z","volume":4000,"label":" ","price":6.32},{"type":"A","date":"2018-04-18T05:42:14.000Z","volume":4000,"label":" ","price":6.33},{"type":"A","date":"2018-04-18T05:43:24.000Z","volume":10000,"label":" ","price":6.33},{"type":"A","date":"2018-04-18T05:43:24.000Z","volume":6000,"label":" ","price":6.33},{"type":"B","date":"2018-04-18T05:43:24.000Z","volume":4000,"label":" ","price":6.32},{"type":"A","date":"2018-04-18T05:43:30.000Z","volume":2000,"label":" ","price":6.33},{"type":"A","date":"2018-04-18T05:44:04.000Z","volume":4000,"label":" ","price":6.34},{"type":"A","date":"2018-04-18T05:45:16.000Z","volume":24000,"label":" ","price":6.34},{"type":"A","date":"2018-04-18T05:45:17.000Z","volume":2000,"label":" ","price":6.35},{"type":"A","date":"2018-04-18T05:45:17.000Z","volume":4000,"label":" ","price":6.35},{"type":"B","date":"2018-04-18T05:45:17.000Z","volume":4000,"label":" ","price":6.34},{"type":"A","date":"2018-04-18T05:45:29.000Z","volume":8000,"label":" ","price":6.35},{"type":"B","date":"2018-04-18T05:45:30.000Z","volume":4000,"label":" ","price":6.34},{"type":"B","date":"2018-04-18T05:45:30.000Z","volume":4000,"label":" ","price":6.35},{"type":"B","date":"2018-04-18T05:45:30.000Z","volume":4000,"label":" ","price":6.35},{"type":"B","date":"2018-04-18T05:45:31.000Z","volume":4000,"label":" ","price":6.35},{"type":"B","date":"2018-04-18T05:45:31.000Z","volume":2000,"label":" ","price":6.34},{"type":"B","date":"2018-04-18T05:46:38.000Z","volume":70000,"label":" ","price":6.34},{"type":"B","date":"2018-04-18T05:46:39.000Z","volume":38000,"label":" ","price":6.34},{"type":"B","date":"2018-04-18T05:46:39.000Z","volume":2000,"label":" ","price":6.33},{"type":"B","date":"2018-04-18T05:46:39.000Z","volume":2000,"label":" ","price":6.33},{"type":"U","date":"2018-04-18T05:46:39.000Z","volume":4000,"label":"X","price":6.335},{"type":"U","date":"2018-04-18T05:46:39.000Z","volume":2000,"label":"X","price":6.335},{"type":"U","date":"2018-04-18T05:46:39.000Z","volume":2000,"label":"X","price":6.335},{"type":"B","date":"2018-04-18T05:46:39.000Z","volume":20000,"label":" ","price":6.33},{"type":"U","date":"2018-04-18T05:46:39.000Z","volume":6000,"label":"X","price":6.335},{"type":"B","date":"2018-04-18T05:46:39.000Z","volume":6000,"label":" ","price":6.33},{"type":"B","date":"2018-04-18T05:46:39.000Z","volume":4000,"label":"Y","price":6.33},{"type":"B","date":"2018-04-18T05:46:39.000Z","volume":40000,"label":" ","price":6.33},{"type":"B","date":"2018-04-18T05:46:39.000Z","volume":22000,"label":" ","price":6.33},{"type":"B","date":"2018-04-18T05:46:39.000Z","volume":2000,"label":" ","price":6.32},{"type":"B","date":"2018-04-18T05:46:39.000Z","volume":12000,"label":" ","price":6.32},{"type":"B","date":"2018-04-18T05:46:39.000Z","volume":8000,"label":" ","price":6.32},{"type":"B","date":"2018-04-18T05:46:43.000Z","volume":40000,"label":" ","price":6.32},{"type":"B","date":"2018-04-18T05:46:43.000Z","volume":2000,"label":"Y","price":6.32},{"type":"B","date":"2018-04-18T05:46:43.000Z","volume":38000,"label":" ","price":6.32},{"type":"B","date":"2018-04-18T05:46:43.000Z","volume":4000,"label":"Y","price":6.32},{"type":"B","date":"2018-04-18T05:46:43.000Z","volume":12000,"label":" ","price":6.32},{"type":"B","date":"2018-04-18T05:46:44.000Z","volume":4000,"label":" ","price":6.3},{"type":"A","date":"2018-04-18T05:46:44.000Z","volume":16000,"label":" ","price":6.3},{"type":"B","date":"2018-04-18T05:46:44.000Z","volume":2000,"label":" ","price":6.29},{"type":"B","date":"2018-04-18T05:46:44.000Z","volume":2000,"label":" ","price":6.29},{"type":"B","date":"2018-04-18T05:46:44.000Z","volume":4000,"label":" ","price":6.29},{"type":"A","date":"2018-04-18T05:46:44.000Z","volume":22000,"label":" ","price":6.29},{"type":"B","date":"2018-04-18T05:46:44.000Z","volume":6000,"label":" ","price":6.28},{"type":"B","date":"2018-04-18T05:46:44.000Z","volume":12000,"label":" ","price":6.28},{"type":"B","date":"2018-04-18T05:46:50.000Z","volume":2000,"label":" ","price":6.28},{"type":"U","date":"2018-04-18T05:48:32.000Z","volume":10000,"label":" ","price":6.3},{"type":"B","date":"2018-04-18T05:48:33.000Z","volume":4000,"label":" ","price":6.29},{"type":"A","date":"2018-04-18T05:48:33.000Z","volume":4000,"label":" ","price":6.3},{"type":"B","date":"2018-04-18T05:48:34.000Z","volume":4000,"label":" ","price":6.29},{"type":"A","date":"2018-04-18T05:49:24.000Z","volume":2000,"label":" ","price":6.3},{"type":"U","date":"2018-04-18T05:49:29.000Z","volume":2000,"label":"X","price":6.295},{"type":"A","date":"2018-04-18T05:49:46.000Z","volume":4000,"label":" ","price":6.3},{"type":"B","date":"2018-04-18T05:49:47.000Z","volume":2000,"label":" ","price":6.29},{"type":"B","date":"2018-04-18T05:49:47.000Z","volume":2000,"label":" ","price":6.29},{"type":"A","date":"2018-04-18T05:51:08.000Z","volume":14000,"label":" ","price":6.3},{"type":"B","date":"2018-04-18T05:51:08.000Z","volume":2000,"label":" ","price":6.29},{"type":"B","date":"2018-04-18T05:51:08.000Z","volume":2000,"label":" ","price":6.29},{"type":"B","date":"2018-04-18T05:51:08.000Z","volume":2000,"label":" ","price":6.29},{"type":"A","date":"2018-04-18T05:51:14.000Z","volume":6000,"label":" ","price":6.3},{"type":"A","date":"2018-04-18T05:51:16.000Z","volume":2000,"label":" ","price":6.3},{"type":"B","date":"2018-04-18T05:51:17.000Z","volume":2000,"label":"Y","price":6.29},{"type":"A","date":"2018-04-18T05:52:07.000Z","volume":2000,"label":" ","price":6.3},{"type":"A","date":"2018-04-18T05:52:25.000Z","volume":2000,"label":" ","price":6.3},{"type":"B","date":"2018-04-18T05:52:26.000Z","volume":2000,"label":" ","price":6.29},{"type":"B","date":"2018-04-18T05:53:00.000Z","volume":22000,"label":" ","price":6.29},{"type":"B","date":"2018-04-18T05:53:00.000Z","volume":38000,"label":" ","price":6.28},{"type":"B","date":"2018-04-18T05:53:01.000Z","volume":2000,"label":" ","price":6.28},{"type":"B","date":"2018-04-18T05:53:01.000Z","volume":2000,"label":" ","price":6.27},{"type":"B","date":"2018-04-18T05:53:01.000Z","volume":2000,"label":" ","price":6.27},{"type":"B","date":"2018-04-18T05:53:01.000Z","volume":2000,"label":" ","price":6.27},{"type":"B","date":"2018-04-18T05:53:01.000Z","volume":2000,"label":" ","price":6.27},{"type":"B","date":"2018-04-18T05:53:01.000Z","volume":2000,"label":" ","price":6.27},{"type":"B","date":"2018-04-18T05:53:01.000Z","volume":2000,"label":" ","price":6.27},{"type":"B","date":"2018-04-18T05:53:01.000Z","volume":2000,"label":" ","price":6.27},{"type":"B","date":"2018-04-18T05:53:01.000Z","volume":14000,"label":" ","price":6.27},{"type":"B","date":"2018-04-18T05:53:02.000Z","volume":10000,"label":" ","price":6.28},{"type":"A","date":"2018-04-18T05:53:51.000Z","volume":2000,"label":" ","price":6.31},{"type":"B","date":"2018-04-18T05:53:52.000Z","volume":2000,"label":" ","price":6.27},{"type":"A","date":"2018-04-18T05:54:33.000Z","volume":4000,"label":" ","price":6.3},{"type":"B","date":"2018-04-18T05:54:34.000Z","volume":2000,"label":" ","price":6.28},{"type":"A","date":"2018-04-18T05:55:19.000Z","volume":2000,"label":" ","price":6.3},{"type":"B","date":"2018-04-18T05:55:20.000Z","volume":2000,"label":" ","price":6.28},{"type":"A","date":"2018-04-18T05:56:39.000Z","volume":20000,"label":" ","price":6.3},{"type":"A","date":"2018-04-18T05:56:39.000Z","volume":4000,"label":" ","price":6.3},{"type":"B","date":"2018-04-18T05:56:39.000Z","volume":2000,"label":" ","price":6.29},{"type":"A","date":"2018-04-18T05:56:47.000Z","volume":4000,"label":" ","price":6.31},{"type":"A","date":"2018-04-18T05:56:52.000Z","volume":10000,"label":" ","price":6.31},{"type":"B","date":"2018-04-18T05:56:52.000Z","volume":2000,"label":" ","price":6.29},{"type":"A","date":"2018-04-18T05:57:02.000Z","volume":2000,"label":" ","price":6.32},{"type":"B","date":"2018-04-18T05:59:55.000Z","volume":2000,"label":" ","price":6.3},{"type":"A","date":"2018-04-18T05:59:55.000Z","volume":6000,"label":" ","price":6.33},{"type":"B","date":"2018-04-18T05:59:56.000Z","volume":4000,"label":" ","price":6.3},{"type":"A","date":"2018-04-18T06:02:06.000Z","volume":8000,"label":" ","price":6.33},{"type":"B","date":"2018-04-18T06:02:07.000Z","volume":2000,"label":" ","price":6.3},{"type":"A","date":"2018-04-18T06:03:36.000Z","volume":2000,"label":" ","price":6.33},{"type":"B","date":"2018-04-18T06:04:22.000Z","volume":6000,"label":" ","price":6.3},{"type":"B","date":"2018-04-18T06:04:23.000Z","volume":2000,"label":" ","price":6.32},{"type":"B","date":"2018-04-18T06:04:30.000Z","volume":32000,"label":" ","price":6.32},{"type":"B","date":"2018-04-18T06:04:30.000Z","volume":4000,"label":" ","price":6.31},{"type":"B","date":"2018-04-18T06:04:31.000Z","volume":2000,"label":"Y","price":6.3},{"type":"B","date":"2018-04-18T06:04:31.000Z","volume":8000,"label":" ","price":6.3},{"type":"B","date":"2018-04-18T06:04:31.000Z","volume":2000,"label":" ","price":6.29},{"type":"B","date":"2018-04-18T06:04:31.000Z","volume":2000,"label":" ","price":6.29},{"type":"B","date":"2018-04-18T06:04:31.000Z","volume":2000,"label":" ","price":6.29},{"type":"B","date":"2018-04-18T06:04:31.000Z","volume":2000,"label":" ","price":6.29},{"type":"B","date":"2018-04-18T06:04:31.000Z","volume":2000,"label":" ","price":6.29},{"type":"B","date":"2018-04-18T06:04:31.000Z","volume":2000,"label":" ","price":6.29},{"type":"B","date":"2018-04-18T06:04:31.000Z","volume":2000,"label":" ","price":6.29},{"type":"B","date":"2018-04-18T06:04:31.000Z","volume":2000,"label":" ","price":6.29},{"type":"A","date":"2018-04-18T06:05:01.000Z","volume":4000,"label":" ","price":6.32},{"type":"U","date":"2018-04-18T06:05:21.000Z","volume":4000,"label":" ","price":6.3},{"type":"U","date":"2018-04-18T06:05:21.000Z","volume":6000,"label":" ","price":6.3},{"type":"B","date":"2018-04-18T06:05:22.000Z","volume":8000,"label":" ","price":6.29},{"type":"A","date":"2018-04-18T06:06:30.000Z","volume":2000,"label":" ","price":6.31},{"type":"A","date":"2018-04-18T06:07:03.000Z","volume":12000,"label":" ","price":6.31},{"type":"A","date":"2018-04-18T06:07:03.000Z","volume":12000,"label":" ","price":6.32},{"type":"A","date":"2018-04-18T06:07:03.000Z","volume":2000,"label":" ","price":6.31},{"type":"B","date":"2018-04-18T06:07:03.000Z","volume":2000,"label":" ","price":6.31},{"type":"B","date":"2018-04-18T06:07:03.000Z","volume":4000,"label":" ","price":6.31},{"type":"A","date":"2018-04-18T06:07:41.000Z","volume":30000,"label":" ","price":6.33},{"type":"B","date":"2018-04-18T06:07:42.000Z","volume":2000,"label":" ","price":6.31},{"type":"A","date":"2018-04-18T06:07:59.000Z","volume":4000,"label":" ","price":6.35},{"type":"B","date":"2018-04-18T06:08:00.000Z","volume":2000,"label":" ","price":6.31},{"type":"A","date":"2018-04-18T06:10:57.000Z","volume":8000,"label":" ","price":6.35},{"type":"B","date":"2018-04-18T06:10:57.000Z","volume":2000,"label":" ","price":6.31},{"type":"A","date":"2018-04-18T06:12:12.000Z","volume":2000,"label":" ","price":6.35},{"type":"A","date":"2018-04-18T06:13:31.000Z","volume":22000,"label":" ","price":6.35},{"type":"B","date":"2018-04-18T06:13:31.000Z","volume":4000,"label":" ","price":6.32},{"type":"A","date":"2018-04-18T06:14:21.000Z","volume":4000,"label":" ","price":6.37},{"type":"B","date":"2018-04-18T06:14:42.000Z","volume":2000,"label":"Y","price":6.34},{"type":"B","date":"2018-04-18T06:14:42.000Z","volume":38000,"label":" ","price":6.34},{"type":"B","date":"2018-04-18T06:14:43.000Z","volume":6000,"label":" ","price":6.33},{"type":"B","date":"2018-04-18T06:14:43.000Z","volume":8000,"label":" ","price":6.33},{"type":"B","date":"2018-04-18T06:14:43.000Z","volume":2000,"label":"Y","price":6.32},{"type":"B","date":"2018-04-18T06:14:43.000Z","volume":22000,"label":" ","price":6.32},{"type":"A","date":"2018-04-18T06:14:43.000Z","volume":2000,"label":" ","price":6.33},{"type":"A","date":"2018-04-18T06:15:02.000Z","volume":2000,"label":" ","price":6.33},{"type":"A","date":"2018-04-18T06:15:17.000Z","volume":34000,"label":" ","price":6.33},{"type":"A","date":"2018-04-18T06:15:32.000Z","volume":4000,"label":" ","price":6.34},{"type":"A","date":"2018-04-18T06:15:32.000Z","volume":6000,"label":"Y","price":6.34}