[{"type":"A","date":"2018-04-09T01:31:43.000Z","volume":1000,"label":"Y","price":6.19},{"type":"A","date":"2018-04-09T01:34:16.000Z","volume":9000,"label":" ","price":6.19},{"type":"A","date":"2018-04-09T01:34:18.000Z","volume":9000,"label":" ","price":6.19},{"type":"B","date":"2018-04-09T01:34:20.000Z","volume":1000,"label":" ","price":6.18},{"type":"A","date":"2018-04-09T01:35:03.000Z","volume":1000,"label":" ","price":6.22},{"type":"A","date":"2018-04-09T01:35:03.000Z","volume":1000,"label":" ","price":6.22},{"type":"B","date":"2018-04-09T01:35:03.000Z","volume":1000,"label":" ","price":6.22},{"type":"A","date":"2018-04-09T01:36:18.000Z","volume":1000,"label":" ","price":6.22},{"type":"B","date":"2018-04-09T01:36:59.000Z","volume":6000,"label":" ","price":6.22},{"type":"B","date":"2018-04-09T01:37:02.000Z","volume":1000,"label":" ","price":6.22},{"type":"A","date":"2018-04-09T01:37:10.000Z","volume":4000,"label":" ","price":6.22},{"type":"A","date":"2018-04-09T01:37:22.000Z","volume":1000,"label":" ","price":6.22},{"type":"A","date":"2018-04-09T01:37:35.000Z","volume":1000,"label":" ","price":6.22},{"type":"A","date":"2018-04-09T01:37:35.000Z","volume":1000,"label":" ","price":6.22},{"type":"B","date":"2018-04-09T01:40:48.000Z","volume":15000,"label":" ","price":6.21},{"type":"B","date":"2018-04-09T01:51:21.000Z","volume":1000,"label":" ","price":6.19},{"type":"B","date":"2018-04-09T01:51:51.000Z","volume":2000,"label":"Y","price":6.19},{"type":"B","date":"2018-04-09T01:51:51.000Z","volume":2000,"label":" ","price":6.19},{"type":"B","date":"2018-04-09T01:54:48.000Z","volume":4000,"label":" ","price":6.19},{"type":"A","date":"2018-04-09T01:54:52.000Z","volume":7000,"label":" ","price":6.19},{"type":"U","date":"2018-04-09T01:55:53.000Z","volume":10000,"label":" ","price":6.19},{"type":"B","date":"2018-04-09T01:59:24.000Z","volume":1000,"label":" ","price":6.18},{"type":"B","date":"2018-04-09T02:00:39.000Z","volume":14000,"label":" ","price":6.18},{"type":"B","date":"2018-04-09T02:00:39.000Z","volume":6000,"label":" ","price":6.18},{"type":"A","date":"2018-04-09T02:03:27.000Z","volume":4000,"label":" ","price":6.21},{"type":"B","date":"2018-04-09T02:07:18.000Z","volume":1000,"label":" ","price":6.18},{"type":"A","date":"2018-04-09T02:10:20.000Z","volume":13000,"label":" ","price":6.21},{"type":"U","date":"2018-04-09T02:11:33.000Z","volume":1000,"label":"X","price":6.208},{"type":"A","date":"2018-04-09T02:13:33.000Z","volume":2000,"label":" ","price":6.22},{"type":"A","date":"2018-04-09T02:13:33.000Z","volume":1000,"label":" ","price":6.22},{"type":"A","date":"2018-04-09T02:13:33.000Z","volume":1000,"label":" ","price":6.22},{"type":"A","date":"2018-04-09T02:13:33.000Z","volume":1000,"label":" ","price":6.22},{"type":"A","date":"2018-04-09T02:13:33.000Z","volume":1000,"label":" ","price":6.22},{"type":"A","date":"2018-04-09T02:13:33.000Z","volume":1000,"label":" ","price":6.22},{"type":"A","date":"2018-04-09T02:13:33.000Z","volume":1000,"label":" ","price":6.22},{"type":"A","date":"2018-04-09T02:13:35.000Z","volume":1000,"label":" ","price":6.22},{"type":"B","date":"2018-04-09T02:18:36.000Z","volume":1000,"label":" ","price":6.21},{"type":"B","date":"2018-04-09T02:22:59.000Z","volume":1000,"label":" ","price":6.21},{"type":"A","date":"2018-04-09T02:23:35.000Z","volume":1000,"label":" ","price":6.23},{"type":"B","date":"2018-04-09T02:24:05.000Z","volume":1000,"label":" ","price":6.21},{"type":"B","date":"2018-04-09T02:24:08.000Z","volume":15000,"label":" ","price":6.21},{"type":"A","date":"2018-04-09T02:26:54.000Z","volume":2000,"label":" ","price":6.23},{"type":"B","date":"2018-04-09T02:26:54.000Z","volume":1000,"label":" ","price":6.21},{"type":"B","date":"2018-04-09T02:30:28.000Z","volume":1000,"label":" ","price":6.21},{"type":"B","date":"2018-04-09T02:31:58.000Z","volume":8000,"label":" ","price":6.21},{"type":"B","date":"2018-04-09T02:33:00.000Z","volume":2000,"label":" ","price":6.21},{"type":"A","date":"2018-04-09T02:33:48.000Z","volume":1000,"label":" ","price":6.22},{"type":"B","date":"2018-04-09T02:34:41.000Z","volume":2000,"label":" ","price":6.21},{"type":"B","date":"2018-04-09T02:34:53.000Z","volume":1000,"label":" ","price":6.21},{"type":"B","date":"2018-04-09T02:34:53.000Z","volume":15000,"label":" ","price":6.21},{"type":"B","date":"2018-04-09T02:34:53.000Z","volume":14000,"label":" ","price":6.21},{"type":"B","date":"2018-04-09T02:35:48.000Z","volume":10000,"label":" ","price":6.21},{"type":"B","date":"2018-04-09T02:36:26.000Z","volume":1000,"label":"Y","price":6.21},{"type":"B","date":"2018-04-09T02:36:26.000Z","volume":1000,"label":" ","price":6.21},{"type":"B","date":"2018-04-09T02:36:47.000Z","volume":1000,"label":" ","price":6.21},{"type":"B","date":"2018-04-09T02:38:11.000Z","volume":2000,"label":" ","price":6.21},{"type":"B","date":"2018-04-09T02:39:56.000Z","volume":2000,"label":" ","price":6.21},{"type":"B","date":"2018-04-09T02:40:25.000Z","volume":1000,"label":" ","price":6.21},{"type":"B","date":"2018-04-09T02:40:25.000Z","volume":7000,"label":" ","price":6.21},{"type":"B","date":"2018-04-09T02:40:25.000Z","volume":2000,"label":" ","price":6.2},{"type":"B","date":"2018-04-09T02:41:46.000Z","volume":2000,"label":" ","price":6.2},{"type":"B","date":"2018-04-09T02:42:27.000Z","volume":1000,"label":" ","price":6.2},{"type":"B","date":"2018-04-09T02:43:31.000Z","volume":2000,"label":" ","price":6.2},{"type":"B","date":"2018-04-09T02:45:21.000Z","volume":2000,"label":" ","price":6.2},{"type":"B","date":"2018-04-09T02:45:48.000Z","volume":2000,"label":" ","price":6.2},{"type":"B","date":"2018-04-09T02:47:11.000Z","volume":2000,"label":" ","price":6.2},{"type":"B","date":"2018-04-09T02:48:27.000Z","volume":1000,"label":" ","price":6.2},{"type":"B","date":"2018-04-09T02:48:56.000Z","volume":2000,"label":" ","price":6.2},{"type":"B","date":"2018-04-09T02:50:51.000Z","volume":2000,"label":" ","price":6.2},{"type":"B","date":"2018-04-09T02:51:21.000Z","volume":1000,"label":" ","price":6.2},{"type":"B","date":"2018-04-09T02:52:41.000Z","volume":2000,"label":" ","price":6.2},{"type":"B","date":"2018-04-09T02:52:41.000Z","volume":9000,"label":" ","price":6.2},{"type":"B","date":"2018-04-09T02:52:41.000Z","volume":2000,"label":" ","price":6.2},{"type":"B","date":"2018-04-09T02:53:17.000Z","volume":1000,"label":" ","price":6.2},{"type":"B","date":"2018-04-09T02:54:36.000Z","volume":2000,"label":" ","price":6.2},{"type":"B","date":"2018-04-09T02:55:47.000Z","volume":1000,"label":" ","price":6.2},{"type":"B","date":"2018-04-09T02:56:31.000Z","volume":2000,"label":" ","price":6.2},{"type":"B","date":"2018-04-09T02:58:22.000Z","volume":8000,"label":" ","price":6.2},{"type":"B","date":"2018-04-09T02:58:26.000Z","volume":2000,"label":" ","price":6.2},{"type":"B","date":"2018-04-09T02:58:27.000Z","volume":9000,"label":" ","price":6.2},{"type":"A","date":"2018-04-09T02:58:40.000Z","volume":3000,"label":"Y","price":6.21},{"type":"B","date":"2018-04-09T02:59:31.000Z","volume":1000,"label":" ","price":6.2},{"type":"B","date":"2018-04-09T02:59:35.000Z","volume":1000,"label":" ","price":6.2},{"type":"B","date":"2018-04-09T03:00:22.000Z","volume":2000,"label":" ","price":6.2},{"type":"A","date":"2018-04-09T03:00:23.000Z","volume":6000,"label":"Y","price":6.21},{"type":"A","date":"2018-04-09T03:00:23.000Z","volume":4000,"label":" ","price":6.21},{"type":"A","date":"2018-04-09T03:00:23.000Z","volume":4000,"label":" ","price":6.21},{"type":"A","date":"2018-04-09T03:01:32.000Z","volume":1000,"label":"Y","price":6.21},{"type":"A","date":"2018-04-09T03:01:32.000Z","volume":9000,"label":" ","price":6.21},{"type":"A","date":"2018-04-09T03:01:36.000Z","volume":4000,"label":" ","price":6.21},{"type":"A","date":"2018-04-09T03:01:36.000Z","volume":5000,"label":" ","price":6.21},{"type":"A","date":"2018-04-09T03:01:37.000Z","volume":4000,"label":" ","price":6.21},{"type":"A","date":"2018-04-09T03:01:48.000Z","volume":1000,"label":" ","price":6.21},{"type":"A","date":"2018-04-09T03:01:48.000Z","volume":1000,"label":" ","price":6.21},{"type":"A","date":"2018-04-09T03:01:48.000Z","volume":1000,"label":" ","price":6.21},{"type":"A","date":"2018-04-09T03:01:48.000Z","volume":1000,"label":" ","price":6.21},{"type":"A","date":"2018-04-09T03:01:48.000Z","volume":1000,"label":" ","price":6.21},{"type":"B","date":"2018-04-09T03:07:57.000Z","volume":2000,"label":"Y","price":6.21},{"type":"B","date":"2018-04-09T03:09:47.000Z","volume":2000,"label":" ","price":6.21},{"type":"B","date":"2018-04-09T03:11:47.000Z","volume":2000,"label":" ","price":6.21},{"type":"B","date":"2018-04-09T03:13:42.000Z","volume":2000,"label":" ","price":6.21},{"type":"B","date":"2018-04-09T03:15:19.000Z","volume":1000,"label":" ","price":6.21},{"type":"B","date":"2018-04-09T03:15:42.000Z","volume":2000,"label":" ","price":6.21},{"type":"A","date":"2018-04-09T03:16:38.000Z","volume":10000,"label":" ","price":6.22},{"type":"A","date":"2018-04-09T03:16:53.000Z","volume":9000,"label":" ","price":6.22},{"type":"A","date":"2018-04-09T03:16:53.000Z","volume":15000,"label":" ","price":6.22},{"type":"A","date":"2018-04-09T03:17:03.000Z","volume":5000,"label":" ","price":6.22},{"type":"A","date":"2018-04-09T03:17:03.000Z","volume":5000,"label":" ","price":6.22},{"type":"A","date":"2018-04-09T03:17:03.000Z","volume":56000,"label":" ","price":6.22},{"type":"B","date":"2018-04-09T03:17:04.000Z","volume":19000,"label":" ","price":6.21},{"type":"A","date":"2018-04-09T03:20:18.000Z","volume":1000,"label":"Y","price":6.23},{"type":"U","date":"2018-04-09T03:23:13.000Z","volume":1000,"label":"X","price":6.218},{"type":"B","date":"2018-04-09T03:23:38.000Z","volume":2000,"label":" ","price":6.22},{"type":"A","date":"2018-04-09T03:25:03.000Z","volume":1000,"label":"Y","price":6.23},{"type":"B","date":"2018-04-09T03:25:37.000Z","volume":2000,"label":" ","price":6.22},{"type":"B","date":"2018-04-09T03:26:23.000Z","volume":1000,"label":" ","price":6.22},{"type":"A","date":"2018-04-09T03:26:48.000Z","volume":1000,"label":"Y","price":6.23},{"type":"B","date":"2018-04-09T03:27:38.000Z","volume":2000,"label":" ","price":6.22},{"type":"A","date":"2018-04-09T03:29:18.000Z","volume":1000,"label":"Y","price":6.23},{"type":"B","date":"2018-04-09T03:29:38.000Z","volume":2000,"label":" ","price":6.22},{"type":"A","date":"2018-04-09T03:29:56.000Z","volume":1000,"label":" ","price":6.23},{"type":"B","date":"2018-04-09T03:31:43.000Z","volume":2000,"label":" ","price":6.22},{"type":"B","date":"2018-04-09T03:33:43.000Z","volume":2000,"label":" ","price":6.22},{"type":"B","date":"2018-04-09T03:33:48.000Z","volume":1000,"label":" ","price":6.22},{"type":"A","date":"2018-04-09T03:33:55.000Z","volume":16000,"label":" ","price":6.23},{"type":"A","date":"2018-04-09T03:33:55.000Z","volume":17000,"label":" ","price":6.23},{"type":"A","date":"2018-04-09T03:33:55.000Z","volume":35000,"label":" ","price":6.24},{"type":"A","date":"2018-04-09T03:33:55.000Z","volume":5000,"label":" ","price":6.23},{"type":"A","date":"2018-04-09T03:33:55.000Z","volume":4000,"label":" ","price":6.23},{"type":"B","date":"2018-04-09T03:33:55.000Z","volume":14000,"label":" ","price":6.22},{"type":"A","date":"2018-04-09T03:33:55.000Z","volume":9000,"label":" ","price":6.23},{"type":"U","date":"2018-04-09T03:36:08.000Z","volume":2000,"label":" ","price":6.23},{"type":"A","date":"2018-04-09T03:36:10.000Z","volume":1000,"label":" ","price":6.23},{"type":"A","date":"2018-04-09T03:36:11.000Z","volume":6000,"label":" ","price":6.23},{"type":"A","date":"2018-04-09T03:36:15.000Z","volume":3000,"label":" ","price":6.23},{"type":"A","date":"2018-04-09T03:36:45.000Z","volume":37000,"label":" ","price":6.24},{"type":"U","date":"2018-04-09T03:39:13.000Z","volume":1000,"label":"X","price":6.238},{"type":"A","date":"2018-04-09T03:40:05.000Z","volume":1000,"label":"Y","price":6.25},{"type":"B","date":"2018-04-09T03:41:58.000Z","volume":2000,"label":" ","price":6.24},{"type":"A","date":"2018-04-09T03:42:03.000Z","volume":1000,"label":" ","price":6.25},{"type":"B","date":"2018-04-09T03:42:08.000Z","volume":2000,"label":"Y","price":6.24},{"type":"A","date":"2018-04-09T03:42:56.000Z","volume":5000,"label":" ","price":6.25},{"type":"A","date":"2018-04-09T03:44:03.000Z","volume":1000,"label":" ","price":6.25},{"type":"B","date":"2018-04-09T03:44:18.000Z","volume":2000,"label":"Y","price":6.24},{"type":"A","date":"2018-04-09T03:46:03.000Z","volume":1000,"label":" ","price":6.25},{"type":"B","date":"2018-04-09T03:46:28.000Z","volume":2000,"label":" ","price":6.24},{"type":"A","date":"2018-04-09T03:47:33.000Z","volume":1000,"label":" ","price":6.25},{"type":"B","date":"2018-04-09T03:48:43.000Z","volume":2000,"label":" ","price":6.24},{"type":"A","date":"2018-04-09T03:50:33.000Z","volume":1000,"label":" ","price":6.25},{"type":"B","date":"2018-04-09T03:51:03.000Z","volume":2000,"label":" ","price":6.24},{"type":"A","date":"2018-04-09T03:51:48.000Z","volume":1000,"label":" ","price":6.25},{"type":"B","date":"2018-04-09T03:53:13.000Z","volume":2000,"label":" ","price":6.24},{"type":"B","date":"2018-04-09T03:53:17.000Z","volume":6000,"label":" ","price":6.24},{"type":"B","date":"2018-04-09T03:53:17.000Z","volume":2000,"label":"Y","price":6.24},{"type":"B","date":"2018-04-09T03:53:17.000Z","volume":2000,"label":" ","price":6.24},{"type":"A","date":"2018-04-09T03:54:55.000Z","volume":6000,"label":" ","price":6.24},{"type":"B","date":"2018-04-09T03:55:28.000Z","volume":1000,"label":" ","price":6.23},{"type":"B","date":"2018-04-09T03:55:28.000Z","volume":1000,"label":" ","price":6.22},{"type":"U","date":"2018-04-09T03:55:29.000Z","volume":3000,"label":" ","price":6.23},{"type":"A","date":"2018-04-09T03:55:33.000Z","volume":4000,"label":" ","price":6.24},{"type":"A","date":"2018-04-09T03:56:44.000Z","volume":10000,"label":" ","price":6.23},{"type":"A","date":"2018-04-09T03:56:48.000Z","volume":4000,"label":" ","price":6.23},{"type":"A","date":"2018-04-09T03:56:57.000Z","volume":2000,"label":" ","price":6.23},{"type":"B","date":"2018-04-09T03:59:06.000Z","volume":1000,"label":" ","price":6.22},{"type":"A","date":"2018-04-09T05:00:00.000Z","volume":2000,"label":" ","price":6.23},{"type":"B","date":"2018-04-09T05:00:00.000Z","volume":1000,"label":" ","price":6.22},{"type":"B","date":"2018-04-09T05:00:01.000Z","volume":10000,"label":" ","price":6.22},{"type":"B","date":"2018-04-09T05:00:01.000Z","volume":38000,"label":" ","price":6.22},{"type":"B","date":"2018-04-09T05:01:06.000Z","volume":2000,"label":" ","price":6.21},{"type":"B","date":"2018-04-09T05:03:02.000Z","volume":2000,"label":" ","price":6.21},{"type":"B","date":"2018-04-09T05:03:42.000Z","volume":2000,"label":" ","price":6.21},{"type":"A","date":"2018-04-09T05:04:32.000Z","volume":1000,"label":" ","price":6.22},{"type":"A","date":"2018-04-09T05:04:32.000Z","volume":4000,"label":" ","price":6.22},{"type":"A","date":"2018-04-09T05:04:39.000Z","volume":1000,"label":"Y","price":6.22},{"type":"A","date":"2018-04-09T05:04:39.000Z","volume":8000,"label":" ","price":6.22},{"type":"A","date":"2018-04-09T05:04:57.000Z","volume":1000,"label":" ","price":6.22},{"type":"A","date":"2018-04-09T05:05:10.000Z","volume":2000,"label":" ","price":6.22},{"type":"A","date":"2018-04-09T05:05:59.000Z","volume":2000,"label":" ","price":6.22},{"type":"B","date":"2018-04-09T05:09:12.000Z","volume":2000,"label":" ","price":6.21},{"type":"B","date":"2018-04-09T05:11:22.000Z","volume":2000,"label":" ","price":6.21},{"type":"A","date":"2018-04-09T05:12:27.000Z","volume":1000,"label":" ","price":6.22},{"type":"A","date":"2018-04-09T05:12:32.000Z","volume":1000,"label":" ","price":6.22},{"type":"A","date":"2018-04-09T05:13:09.000Z","volume":2000,"label":" ","price":6.22},{"type":"B","date":"2018-04-09T05:13:32.000Z","volume":2000,"label":" ","price":6.21},{"type":"B","date":"2018-04-09T05:15:43.000Z","volume":2000,"label":" ","price":6.21},{"type":"B","date":"2018-04-09T05:17:58.000Z","volume":2000,"label":" ","price":6.21},{"type":"B","date":"2018-04-09T05:20:13.000Z","volume":2000,"label":" ","price":6.21},{"type":"U","date":"2018-04-09T05:20:54.000Z","volume":1000,"label":"X","price":6.213},{"type":"A","date":"2018-04-09T05:21:30.000Z","volume":6000,"label":" ","price":6.22},{"type":"B","date":"2018-04-09T05:26:49.000Z","volume":2000,"label":" ","price":6.21},{"type":"B","date":"2018-04-09T05:28:59.000Z","volume":2000,"label":" ","price":6.21},{"type":"B","date":"2018-04-09T05:31:14.000Z","volume":2000,"label":" ","price":6.21},{"type":"B","date":"2018-04-09T05:33:19.000Z","volume":1000,"label":"Y","price":6.21},{"type":"B","date":"2018-04-09T05:33:19.000Z","volume":1000,"label":" ","price":6.21},{"type":"B","date":"2018-04-09T05:35:30.000Z","volume":2000,"label":"Y","price":6.21},{"type":"A","date":"2018-04-09T05:36:17.000Z","volume":1000,"label":" ","price":6.22},{"type":"A","date":"2018-04-09T05:36:17.000Z","volume":1000,"label":" ","price":6.22},{"type":"B","date":"2018-04-09T05:37:35.000Z","volume":2000,"label":"Y","price":6.21},{"type":"A","date":"2018-04-09T05:39:18.000Z","volume":6000,"label":"Y","price":6.22},{"type":"A","date":"2018-04-09T05:39:18.000Z","volume":7000,"label":" ","price":6.22},{"type":"B","date":"2018-04-09T05:44:00.000Z","volume":2000,"label":" ","price":6.21},{"type":"A","date":"2018-04-09T05:44:17.000Z","volume":1000,"label":" ","price":6.22},{"type":"A","date":"2018-04-09T05:44:17.000Z","volume":1000,"label":" ","price":6.22},{"type":"B","date":"2018-04-09T05:46:05.000Z","volume":2000,"label":" ","price":6.21},{"type":"A","date":"2018-04-09T05:48:10.000Z","volume":1000,"label":" ","price":6.22},{"type":"B","date":"2018-04-09T05:48:15.000Z","volume":2000,"label":" ","price":6.21},{"type":"A","date":"2018-04-09T05:49:32.000Z","volume":1000,"label":" ","price":6.22},{"type":"A","date":"2018-04-09T05:49:32.000Z","volume":1000,"label":" ","price":6.22},{"type":"A","date":"2018-04-09T05:49:48.000Z","volume":16000,"label":" ","price":6.22},{"type":"A","date":"2018-04-09T05:51:23.000Z","volume":1000,"label":" ","price":6.23},{"type":"A","date":"2018-04-09T05:53:38.000Z","volume":4000,"label":" ","price":6.23},{"type":"B","date":"2018-04-09T05:54:45.000Z","volume":2000,"label":" ","price":6.22},{"type":"A","date":"2018-04-09T05:55:10.000Z","volume":1000,"label":" ","price":6.23},{"type":"B","date":"2018-04-09T05:56:50.000Z","volume":2000,"label":" ","price":6.22},{"type":"A","date":"2018-04-09T05:57:02.000Z","volume":1000,"label":" ","price":6.23},{"type":"A","date":"2018-04-09T05:58:32.000Z","volume":1000,"label":" ","price":6.23},{"type":"B","date":"2018-04-09T05:58:56.000Z","volume":2000,"label":" ","price":6.22},{"type":"A","date":"2018-04-09T06:00:10.000Z","volume":2000,"label":" ","price":6.23},{"type":"A","date":"2018-04-09T06:00:32.000Z","volume":1000,"label":" ","price":6.23},{"type":"B","date":"2018-04-09T06:01:06.000Z","volume":2000,"label":" ","price":6.22},{"type":"U","date":"2018-04-09T06:02:39.000Z","volume":1000,"label":"X","price":6.225},{"type":"A","date":"2018-04-09T06:03:03.000Z","volume":2000,"label":" ","price":6.23},{"type":"B","date":"2018-04-09T06:03:11.000Z","volume":2000,"label":" ","price":6.22},{"type":"A","date":"2018-04-09T06:03:47.000Z","volume":1000,"label":" ","price":6.23},{"type":"B","date":"2018-04-09T06:05:11.000Z","volume":2000,"label":" ","price":6.22},{"type":"B","date":"2018-04-09T06:06:28.000Z","volume":1000,"label":" ","price":6.22},{"type":"B","date":"2018-04-09T06:07:16.000Z","volume":2000,"label":" ","price":6.22},{"type":"A","date":"2018-04-09T06:07:47.000Z","volume":1000,"label":" ","price":6.23},{"type":"B","date":"2018-04-09T06:09:21.000Z","volume":2000,"label":" ","price":6.22},{"type":"A","date":"2018-04-09T06:10:17.000Z","volume":1000,"label":" ","price":6.23},{"type":"A","date":"2018-04-09T06:10:17.000Z","volume":1000,"label":" ","price":6.23},{"type":"B","date":"2018-04-09T06:11:26.000Z","volume":2000,"label":" ","price":6.22},{"type":"A","date":"2018-04-09T06:13:17.000Z","volume":1000,"label":" ","price":6.23},{"type":"B","date":"2018-04-09T06:13:26.000Z","volume":2000,"label":" ","price":6.22},{"type":"B","date":"2018-04-09T06:13:57.000Z","volume":1000,"label":" ","price":6.22},{"type":"B","date":"2018-04-09T06:15:26.000Z","volume":2000,"label":" ","price":6.22},{"type":"A","date":"2018-04-09T06:15:32.000Z","volume":1000,"label":" ","price":6.23},{"type":"A","date":"2018-04-09T06:17:02.000Z","volume":1000,"label":" ","price":6.23},{"type":"B","date":"2018-04-09T06:17:27.000Z","volume":2000,"label":" ","price":6.22},{"type":"B","date":"2018-04-09T06:19:22.000Z","volume":2000,"label":" ","price":6.22},{"type":"A","date":"2018-04-09T06:20:02.000Z","volume":1000,"label":" ","price":6.23},{"type":"B","date":"2018-04-09T06:21:21.000Z","volume":1000,"label":" ","price":6.22},{"type":"B","date":"2018-04-09T06:21:21.000Z","volume":2000,"label":" ","price":6.22},{"type":"A","date":"2018-04-09T06:21:47.000Z","volume":1000,"label":" ","price":6.23},{"type":"A","date":"2018-04-09T06:23:02.000Z","volume":1000,"label":" ","price":6.23},{"type":"A","date":"2018-04-09T06:23:11.000Z","volume":2000,"label":" ","price":6.23},{"type":"B","date":"2018-04-09T06:23:22.000Z","volume":2000,"label":" ","price":6.22},{"type":"A","date":"2018-04-09T06:24:47.000Z","volume":1000,"label":" ","price":6.23},{"type":"A","date":"2018-04-09T06:24:59.000Z","volume":1000,"label":" ","price":6.23},{"type":"B","date":"2018-04-09T06:25:17.000Z","volume":2000,"label":" ","price":6.22},{"type":"A","date":"2018-04-09T06:26:02.000Z","volume":2000,"label":" ","price":6.23},{"type":"A","date":"2018-04-09T06:26:17.000Z","volume":1000,"label":" ","price":6.23},{"type":"B","date":"2018-04-09T06:27:09.000Z","volume":2000,"label":" ","price":6.22},{"type":"B","date":"2018-04-09T06:27:50.000Z","volume":1000,"label":" ","price":6.22},{"type":"A","date":"2018-04-09T06:28:10.000Z","volume":1000,"label":" ","price":6.23},{"type":"B","date":"2018-04-09T06:29:07.000Z","volume":2000,"label":" ","price":6.22},{"type":"A","date":"2018-04-09T06:29:47.000Z","volume":1000,"label":" ","price":6.23},{"type":"B","date":"2018-04-09T06:31:07.000Z","volume":2000,"label":" ","price":6.22},{"type":"A","date":"2018-04-09T06:31:17.000Z","volume":1000,"label":" ","price":6.23},{"type":"B","date":"2018-04-09T06:32:29.000Z","volume":1000,"label":" ","price":6.22},{"type":"B","date":"2018-04-09T06:33:07.000Z","volume":2000,"label":" ","price":6.22},{"type":"A","date":"2018-04-09T06:33:25.000Z","volume":1000,"label":" ","price":6.23},{"type":"A","date":"2018-04-09T06:34:11.000Z","volume":1000,"label":" ","price":6.23},{"type":"A","date":"2018-04-09T06:35:02.000Z","volume":1000,"label":" ","price":6.23},{"type":"B","date":"2018-04-09T06:35:02.000Z","volume":2000,"label":" ","price":6.22},{"type":"A","date":"2018-04-09T06:36:02.000Z","volume":2000,"label":" ","price":6.23},{"type":"B","date":"2018-04-09T06:37:09.000Z","volume":1000,"label":" ","price":6.22},{"type":"B","date":"2018-04-09T06:37:52.000Z","volume":2000,"label":" ","price":6.22},{"type":"B","date":"2018-04-09T06:38:00.000Z","volume":4000,"label":" ","price":6.22},{"type":"A","date":"2018-04-09T06:38:02.000Z","volume":1000,"label":" ","price":6.23},{"type":"A","date":"2018-04-09T06:38:33.000Z","volume":2000,"label":"Y","price":6.23},{"type":"A","date":"2018-04-09T06:38:33.000Z","volume":4000,"label":" ","price":6.23},{"type":"A","date":"2018-04-09T06:38:33.000Z","volume":15000,"label":" ","price":6.23},{"type":"A","date":"2018-04-09T06:39:47.000Z","volume":1000,"label":" ","price":6.23},{"type":"A","date":"2018-04-09T06:40:12.000Z","volume":3000,"label":"Y","price":6.23},{"type":"A","date":"2018-04-09T06:40:12.000Z","volume":1000,"label":" ","price":6.23},{"type":"A","date":"2018-04-09T06:44:32.000Z","volume":2000,"label":" ","price":6.23},{"type":"B","date":"2018-04-09T06:44:32.000Z","volume":9000,"label":" ","price":6.22},{"type":"B","date":"2018-04-09T06:44:32.000Z","volume":2000,"label":" ","price":6.22},{"type":"A","date":"2018-04-09T06:46:18.000Z","volume":1000,"label":" ","price":6.23},{"type":"B","date":"2018-04-09T06:46:23.000Z","volume":2000,"label":" ","price":6.22},{"type":"B","date":"2018-04-09T06:48:18.000Z","volume":2000,"label":" ","price":6.22},{"type":"B","date":"2018-04-09T06:48:37.000Z","volume":1000,"label":" ","price":6.22},{"type":"A","date":"2018-04-09T06:49:10.000Z","volume":2000,"label":" ","price":6.23},{"type":"B","date":"2018-04-09T06:50:08.000Z","volume":2000,"label":" ","price":6.22},{"type":"A","date":"2018-04-09T06:51:17.000Z","volume":1000,"label":" ","price":6.23},{"type":"B","date":"2018-04-09T06:51:58.000Z","volume":2000,"label":" ","price":6.22},{"type":"A","date":"2018-04-09T06:52:32.000Z","volume":1000,"label":" ","price":6.23},{"type":"U","date":"2018-04-09T06:53:09.000Z","volume":1000,"label":"X","price":6.223},{"type":"A","date":"2018-04-09T06:53:47.000Z","volume":1000,"label":" ","price":6.23},{"type":"B","date":"2018-04-09T06:53:48.000Z","volume":2000,"label":" ","price":6.22},{"type":"B","date":"2018-04-09T06:55:28.000Z","volume":1000,"label":" ","price":6.22},{"type":"B","date":"2018-04-09T06:55:43.000Z","volume":2000,"label":" ","price":6.22},{"type":"B","date":"2018-04-09T06:57:28.000Z","volume":2000,"label":" ","price":6.22},{"type":"B","date":"2018-04-09T06:59:08.000Z","volume":2000,"label":" ","price":6.22},{"type":"A","date":"2018-04-09T06:59:32.000Z","volume":1000,"label":" ","price":6.23},{"type":"A","date":"2018-04-09T07:00:02.000Z","volume":1000,"label":" ","price":6.23},{"type":"A","date":"2018-04-09T07:00:02.000Z","volume":1000,"label":" ","price":6.23},{"type":"A","date":"2018-04-09T07:00:02.000Z","volume":1000,"label":" ","price":6.23},{"type":"A","date":"2018-04-09T07:00:02.000Z","volume":1000,"label":" ","price":6.23},{"type":"A","date":"2018-04-09T07:00:02.000Z","volume":1000,"label":" ","price":6.23},{"type":"B","date":"2018-04-09T07:02:01.000Z","volume":1000,"label":" ","price":6.22},{"type":"B","date":"2018-04-09T07:03:28.000Z","volume":2000,"label":" ","price":6.22},{"type":"B","date":"2018-04-09T07:05:08.000Z","volume":2000,"label":" ","price":6.22},{"type":"B","date":"2018-04-09T07:06:32.000Z","volume":1000,"label":"Y","price":6.22},{"type":"B","date":"2018-04-09T07:06:48.000Z","volume":2000,"label":" ","price":6.22},{"type":"B","date":"2018-04-09T07:07:18.000Z","volume":12000,"label":" ","price":6.22},{"type":"B","date":"2018-04-09T07:07:19.000Z","volume":11000,"label":" ","price":6.21},{"type":"A","date":"2018-04-09T07:07:30.000Z","volume":6000,"label":" ","price":6.22},{"type":"A","date":"2018-04-09T07:07:55.000Z","volume":6000,"label":" ","price":6.22},{"type":"A","date":"2018-04-09T07:07:55.000Z","volume":1000,"label":"Y","price":6.22},{"type":"A","date":"2018-04-09T07:07:55.000Z","volume":6000,"label":" ","price":6.22},{"type":"B","date":"2018-04-09T07:07:55.000Z","volume":9000,"label":" ","price":6.21},{"type":"B","date":"2018-04-09T07:08:23.000Z","volume":2000,"label":" ","price":6.21},{"type":"B","date":"2018-04-09T07:09:53.000Z","volume":2000,"label":" ","price":6.21},{"type":"B","date":"2018-04-09T07:11:28.000Z","volume":2000,"label":" ","price":6.21},{"type":"B","date":"2018-04-09T07:13:03.000Z","volume":2000,"label":" ","price":6.21},{"type":"B","date":"2018-04-09T07:14:38.000Z","volume":2000,"label":" ","price":6.21},{"type":"B","date":"2018-04-09T07:16:08.000Z","volume":2000,"label":" ","price":6.21},{"type":"B","date":"2018-04-09T07:17:43.000Z","volume":2000,"label":" ","price":6.21},{"type":"B","date":"2018-04-09T07:17:46.000Z","volume":1000,"label":" ","price":6.21},{"type":"B","date":"2018-04-09T07:19:13.000Z","volume":2000,"label":" ","price":6.21},{"type":"B","date":"2018-04-09T07:20:48.000Z","volume":1000,"label":"Y","price":6.21},{"type":"B","date":"2018-04-09T07:20:48.000Z","volume":1000,"label":" ","price":6.21},{"type":"B","date":"2018-04-09T07:22:19.000Z","volume":2000,"label":"Y","price":6.21},{"type":"B","date":"2018-04-09T07:23:44.000Z","volume":2000,"label":"Y","price":6.21},{"type":"U","date":"2018-04-09T07:24:51.000Z","volume":1000,"label":"X","price":6.21},{"type":"B","date":"2018-04-09T07:25:09.000Z","volume":2000,"label":" ","price":6.21},{"type":"B","date":"2018-04-09T07:26:34.000Z","volume":2000,"label":" ","price":6.21},{"type":"B","date":"2018-04-09T07:27:59.000Z","volume":2000,"label":" ","price":6.21},{"type":"B","date":"2018-04-09T07:28:15.000Z","volume":1000,"label":" ","price":6.21},{"type":"B","date":"2018-04-09T07:29:24.000Z","volume":2000,"label":" ","price":6.21},{"type":"A","date":"2018-04-09T07:29:32.000Z","volume":1000,"label":" ","price":6.22},{"type":"A","date":"2018-04-09T07:29:32.000Z","volume":1000,"label":" ","price":6.22},{"type":"A","date":"2018-04-09T07:29:32.000Z","volume":1000,"label":" ","price":6.22},{"type":"A","date":"2018-04-09T07:29:32.000Z","volume":1000,"label":"Y","price":6.22},{"type":"A","date":"2018-04-09T07:29:32.000Z","volume":14000,"label":" ","price":6.22},{"type":"A","date":"2018-04-09T07:29:32.000Z","volume":1000,"label":" ","price":6.23},{"type":"A","date":"2018-04-09T07:29:32.000Z","volume":4000,"label":" ","price":6.23},{"type":"A","date":"2018-04-09T07:34:47.000Z","volume":1000,"label":" ","price":6.23},{"type":"A","date":"2018-04-09T07:35:13.000Z","volume":2000,"label":" ","price":6.23},{"type":"B","date":"2018-04-09T07:35:39.000Z","volume":2000,"label":" ","price":6.22},{"type":"A","date":"2018-04-09T07:36:02.000Z","volume":1000,"label":" ","price":6.23},{"type":"B","date":"2018-04-09T07:36:51.000Z","volume":1000,"label":" ","price":6.22},{"type":"B","date":"2018-04-09T07:36:54.000Z","volume":2000,"label":" ","price":6.22},{"type":"B","date":"2018-04-09T07:38:14.000Z","volume":2000,"label":" ","price":6.22},{"type":"A","date":"2018-04-09T07:38:32.000Z","volume":2000,"label":" ","price":6.23},{"type":"B","date":"2018-04-09T07:40:09.000Z","volume":2000,"label":" ","price":6.22},{"type":"B","date":"2018-04-09T07:41:24.000Z","volume":2000,"label":" ","price":6.22},{"type":"A","date":"2018-04-09T07:41:47.000Z","volume":1000,"label":" ","price":6.23},{"type":"A","date":"2018-04-09T07:41:50.000Z","volume":4000,"label":" ","price":6.23},{"type":"B","date":"2018-04-09T07:42:41.000Z","volume":1000,"label":" ","price":6.22},{"type":"A","date":"2018-04-09T07:44:02.000Z","volume":1000,"label":" ","price":6.23},{"type":"A","date":"2018-04-09T07:44:12.000Z","volume":2000,"label":" ","price":6.23},{"type":"B","date":"2018-04-09T07:46:04.000Z","volume":2000,"label":" ","price":6.22},{"type":"A","date":"2018-04-09T07:46:45.000Z","volume":8000,"label":" ","price":6.23},{"type":"A","date":"2018-04-09T07:46:47.000Z","volume":2000,"label":" ","price":6.23},{"type":"A","date":"2018-04-09T07:47:31.000Z","volume":2000,"label":" ","price":6.23},{"type":"B","date":"2018-04-09T07:48:44.000Z","volume":2000,"label":" ","price":6.22},{"type":"A","date":"2018-04-09T07:48:56.000Z","volume":2000,"label":" ","price":6.23},{"type":"A","date":"2018-04-09T07:50:02.000Z","volume":1000,"label":" ","price":6.23},{"type":"A","date":"2018-04-09T07:50:40.000Z","volume":1000,"label":" ","price":6.23},{"type":"A","date":"2018-04-09T07:50:50.000Z","volume":1000,"label":" ","price":6.23},{"type":"A","date":"2018-04-09T07:51:32.000Z","volume":1000,"label":" ","price":6.23},{"type":"B","date":"2018-04-09T07:52:12.000Z","volume":1000,"label":" ","price":6.22},{"type":"A","date":"2018-04-09T07:52:15.000Z","volume":3000,"label":" ","price":6.23},{"type":"A","date":"2018-04-09T07:52:17.000Z","volume":1000,"label":" ","price":6.23},{"type":"A","date":"2018-04-09T07:52:46.000Z","volume":1000,"label":" ","price":6.23},{"type":"B","date":"2018-04-09T07:53:34.000Z","volume":2000,"label":" ","price":6.22},{"type":"A","date":"2018-04-09T07:54:02.000Z","volume":1000,"label":" ","price":6.23},{"type":"A","date":"2018-04-09T07:54:09.000Z","volume":1000,"label":" ","price":6.23},{"type":"B","date":"2018-04-09T07:54:24.000Z","volume":2000,"label":" ","price":6.22},{"type":"A","date":"2018-04-09T07:54:35.000Z","volume":2000,"label":" ","price":6.23},{"type":"A","date":"2018-04-09T07:54:44.000Z","volume":2000,"label":" ","price":6.23},{"type":"A","date":"2018-04-09T07:54:47.000Z","volume":1000,"label":" ","price":6.23},{"type":"B","date":"2018-04-09T07:55:14.000Z","volume":2000,"label":" ","price":6.22},{"type":"A","date":"2018-04-09T07:55:32.000Z","volume":1000,"label":" ","price":6.23},{"type":"A","date":"2018-04-09T07:56:02.000Z","volume":4000,"label":" ","price":6.23},{"type":"B","date":"2018-04-09T07:56:02.000Z","volume":2000,"label":" ","price":6.22},{"type":"A","date":"2018-04-09T07:56:17.000Z","volume":1000,"label":" ","price":6.23},{"type":"A","date":"2018-04-09T07:56:47.000Z","volume":1000,"label":" ","price":6.23},{"type":"A","date":"2018-04-09T07:57:02.000Z","volume":1000,"label":" ","price":6.23},{"type":"B","date":"2018-04-09T07:57:39.000Z","volume":1000,"label":" ","price":6.22},{"type":"A","date":"2018-04-09T07:57:40.000Z","volume":1000,"label":" ","price":6.23},{"type":"A","date":"2018-04-09T07:58:14.000Z","volume":2000,"label":" ","price":6.23},{"type":"A","date":"2018-04-09T07:58:17.000Z","volume":1000,"label":" ","price":6.23},{"type":"B","date":"2018-04-09T07:58:44.000Z","volume":3000,"label":" ","price":6.22},{"type":"A","date":"2018-04-09T07:58:56.000Z","volume":1000,"label":" ","price":6.23},{"type":"B","date":"2018-04-09T07:58:56.000Z","volume":7000,"label":" ","price":6.22},{"type":"A","date":"2018-04-09T07:59:01.000Z","volume":1000,"label":" ","price":6.23},{"type":"B","date":"2018-04-09T07:59:11.000Z","volume":1000,"label":" ","price":6.21},{"type":"A","date":"2018-04-09T07:59:16.000Z","volume":1000,"label":" ","price":6.23},{"type":"A","date":"2018-04-09T07:59:29.000Z","volume":1000,"label":" ","price":6.23},{"type":"B","date":"2018-04-09T07:59:30.000Z","volume":3000,"label":" ","price":6.21},{"type":"U","date":"2018-04-09T08:08:10.000Z","volume":34000,"label":"U","price":6.24}]