[{"type":"U","date":"2018-04-12T01:30:44.000Z","volume":1000,"label":" ","price":18.7},{"type":"A","date":"2018-04-12T01:33:09.000Z","volume":1000,"label":" ","price":18.8},{"type":"A","date":"2018-04-12T01:33:09.000Z","volume":6000,"label":" ","price":18.82},{"type":"A","date":"2018-04-12T01:33:32.000Z","volume":1000,"label":" ","price":18.9},{"type":"A","date":"2018-04-12T01:33:32.000Z","volume":2000,"label":" ","price":18.9},{"type":"A","date":"2018-04-12T01:33:32.000Z","volume":1000,"label":" ","price":18.92},{"type":"A","date":"2018-04-12T01:33:34.000Z","volume":1000,"label":" ","price":18.92},{"type":"A","date":"2018-04-12T01:33:47.000Z","volume":1000,"label":" ","price":18.94},{"type":"A","date":"2018-04-12T01:33:47.000Z","volume":1000,"label":" ","price":18.98},{"type":"A","date":"2018-04-12T01:33:50.000Z","volume":1000,"label":" ","price":18.98},{"type":"A","date":"2018-04-12T01:33:53.000Z","volume":1000,"label":" ","price":18.98},{"type":"B","date":"2018-04-12T01:34:20.000Z","volume":10000,"label":" ","price":18.94},{"type":"A","date":"2018-04-12T01:34:26.000Z","volume":1000,"label":" ","price":18.98},{"type":"A","date":"2018-04-12T01:34:36.000Z","volume":1000,"label":" ","price":18.98},{"type":"A","date":"2018-04-12T01:34:59.000Z","volume":1000,"label":" ","price":18.98},{"type":"A","date":"2018-04-12T01:34:59.000Z","volume":1000,"label":" ","price":18.98},{"type":"A","date":"2018-04-12T01:35:01.000Z","volume":2000,"label":" ","price":18.98},{"type":"B","date":"2018-04-12T01:35:14.000Z","volume":2000,"label":"Y","price":18.96},{"type":"B","date":"2018-04-12T01:35:14.000Z","volume":4000,"label":" ","price":18.96},{"type":"B","date":"2018-04-12T01:35:14.000Z","volume":1000,"label":" ","price":18.96},{"type":"B","date":"2018-04-12T01:35:14.000Z","volume":5000,"label":" ","price":18.96},{"type":"B","date":"2018-04-12T01:35:14.000Z","volume":7000,"label":" ","price":18.96},{"type":"B","date":"2018-04-12T01:35:14.000Z","volume":1000,"label":" ","price":18.96},{"type":"B","date":"2018-04-12T01:35:14.000Z","volume":1000,"label":" ","price":18.96},{"type":"B","date":"2018-04-12T01:35:14.000Z","volume":16000,"label":" ","price":18.96},{"type":"B","date":"2018-04-12T01:35:14.000Z","volume":3000,"label":" ","price":18.94},{"type":"A","date":"2018-04-12T01:35:16.000Z","volume":1000,"label":"Y","price":18.96},{"type":"B","date":"2018-04-12T01:35:16.000Z","volume":2000,"label":" ","price":18.94},{"type":"B","date":"2018-04-12T01:35:16.000Z","volume":1000,"label":"Y","price":18.94},{"type":"B","date":"2018-04-12T01:35:16.000Z","volume":4000,"label":"Y","price":18.94},{"type":"B","date":"2018-04-12T01:35:16.000Z","volume":1000,"label":" ","price":18.94},{"type":"B","date":"2018-04-12T01:35:16.000Z","volume":1000,"label":" ","price":18.92},{"type":"B","date":"2018-04-12T01:35:18.000Z","volume":1000,"label":"Y","price":18.92},{"type":"B","date":"2018-04-12T01:35:41.000Z","volume":2000,"label":" ","price":18.92},{"type":"B","date":"2018-04-12T01:35:50.000Z","volume":5000,"label":" ","price":18.92},{"type":"B","date":"2018-04-12T01:35:50.000Z","volume":1000,"label":" ","price":18.9},{"type":"B","date":"2018-04-12T01:35:51.000Z","volume":2000,"label":" ","price":18.92},{"type":"B","date":"2018-04-12T01:35:51.000Z","volume":5000,"label":" ","price":18.92},{"type":"B","date":"2018-04-12T01:35:52.000Z","volume":1000,"label":" ","price":18.9},{"type":"B","date":"2018-04-12T01:35:52.000Z","volume":1000,"label":"Y","price":18.9},{"type":"B","date":"2018-04-12T01:35:52.000Z","volume":1000,"label":"Y","price":18.9},{"type":"B","date":"2018-04-12T01:36:04.000Z","volume":4000,"label":" ","price":18.9},{"type":"B","date":"2018-04-12T01:36:04.000Z","volume":1000,"label":" ","price":18.88},{"type":"B","date":"2018-04-12T01:36:12.000Z","volume":1000,"label":"Y","price":18.88},{"type":"B","date":"2018-04-12T01:36:15.000Z","volume":1000,"label":"Y","price":18.88},{"type":"B","date":"2018-04-12T01:36:15.000Z","volume":1000,"label":" ","price":18.88},{"type":"B","date":"2018-04-12T01:36:18.000Z","volume":2000,"label":" ","price":18.86},{"type":"B","date":"2018-04-12T01:36:18.000Z","volume":1000,"label":" ","price":18.86},{"type":"U","date":"2018-04-12T01:37:34.000Z","volume":1000,"label":"Y","price":18.8},{"type":"A","date":"2018-04-12T01:38:27.000Z","volume":1000,"label":" ","price":18.86},{"type":"A","date":"2018-04-12T01:38:27.000Z","volume":11000,"label":" ","price":18.86},{"type":"A","date":"2018-04-12T01:38:27.000Z","volume":2000,"label":" ","price":18.86},{"type":"A","date":"2018-04-12T01:38:29.000Z","volume":3000,"label":" ","price":18.88},{"type":"B","date":"2018-04-12T01:39:22.000Z","volume":6000,"label":" ","price":18.86},{"type":"B","date":"2018-04-12T01:39:24.000Z","volume":1000,"label":" ","price":18.86},{"type":"B","date":"2018-04-12T01:39:29.000Z","volume":1000,"label":" ","price":18.86},{"type":"B","date":"2018-04-12T01:39:30.000Z","volume":1000,"label":" ","price":18.86},{"type":"A","date":"2018-04-12T01:39:51.000Z","volume":1000,"label":"Y","price":18.88},{"type":"A","date":"2018-04-12T01:39:51.000Z","volume":1000,"label":" ","price":18.88},{"type":"B","date":"2018-04-12T01:39:55.000Z","volume":10000,"label":" ","price":18.86},{"type":"B","date":"2018-04-12T01:39:58.000Z","volume":2000,"label":" ","price":18.86},{"type":"A","date":"2018-04-12T01:40:23.000Z","volume":1000,"label":" ","price":18.88},{"type":"A","date":"2018-04-12T01:41:23.000Z","volume":1000,"label":"Y","price":18.88},{"type":"A","date":"2018-04-12T01:42:01.000Z","volume":1000,"label":" ","price":18.88},{"type":"A","date":"2018-04-12T01:42:40.000Z","volume":1000,"label":" ","price":18.88},{"type":"A","date":"2018-04-12T01:42:49.000Z","volume":27000,"label":" ","price":18.88},{"type":"A","date":"2018-04-12T01:42:49.000Z","volume":1000,"label":" ","price":18.88},{"type":"A","date":"2018-04-12T01:42:50.000Z","volume":14000,"label":" ","price":18.9},{"type":"A","date":"2018-04-12T01:42:50.000Z","volume":1000,"label":" ","price":18.88},{"type":"A","date":"2018-04-12T01:42:50.000Z","volume":1000,"label":" ","price":18.9},{"type":"A","date":"2018-04-12T01:42:50.000Z","volume":11000,"label":" ","price":18.92},{"type":"A","date":"2018-04-12T01:42:50.000Z","volume":2000,"label":" ","price":18.92},{"type":"A","date":"2018-04-12T01:42:52.000Z","volume":1000,"label":" ","price":18.94},{"type":"A","date":"2018-04-12T01:43:01.000Z","volume":1000,"label":" ","price":18.96},{"type":"B","date":"2018-04-12T01:43:12.000Z","volume":11000,"label":" ","price":18.94},{"type":"B","date":"2018-04-12T01:43:12.000Z","volume":31000,"label":" ","price":18.94},{"type":"B","date":"2018-04-12T01:43:12.000Z","volume":10000,"label":" ","price":18.92},{"type":"B","date":"2018-04-12T01:43:12.000Z","volume":1000,"label":" ","price":18.9},{"type":"A","date":"2018-04-12T01:43:12.000Z","volume":1000,"label":"Y","price":18.92},{"type":"A","date":"2018-04-12T01:43:12.000Z","volume":1000,"label":" ","price":18.92},{"type":"B","date":"2018-04-12T01:43:12.000Z","volume":1000,"label":"Y","price":18.9},{"type":"B","date":"2018-04-12T01:43:13.000Z","volume":2000,"label":"Y","price":18.9},{"type":"B","date":"2018-04-12T01:43:13.000Z","volume":1000,"label":" ","price":18.9},{"type":"B","date":"2018-04-12T01:43:14.000Z","volume":2000,"label":"Y","price":18.88},{"type":"U","date":"2018-04-12T01:43:14.000Z","volume":1000,"label":" ","price":18.9},{"type":"U","date":"2018-04-12T01:43:14.000Z","volume":4000,"label":" ","price":18.9},{"type":"B","date":"2018-04-12T01:43:14.000Z","volume":1000,"label":"Y","price":18.88},{"type":"A","date":"2018-04-12T01:43:15.000Z","volume":1000,"label":" ","price":18.9},{"type":"A","date":"2018-04-12T01:43:25.000Z","volume":7000,"label":" ","price":18.9},{"type":"B","date":"2018-04-12T01:43:25.000Z","volume":1000,"label":" ","price":18.88},{"type":"A","date":"2018-04-12T01:43:32.000Z","volume":1000,"label":" ","price":18.9},{"type":"A","date":"2018-04-12T01:45:45.000Z","volume":1000,"label":"Y","price":18.9},{"type":"A","date":"2018-04-12T01:45:45.000Z","volume":12000,"label":" ","price":18.9},{"type":"A","date":"2018-04-12T01:45:45.000Z","volume":2000,"label":" ","price":18.9},{"type":"A","date":"2018-04-12T01:46:35.000Z","volume":1000,"label":"Y","price":18.9},{"type":"A","date":"2018-04-12T01:46:59.000Z","volume":2000,"label":" ","price":18.9},{"type":"A","date":"2018-04-12T01:46:59.000Z","volume":8000,"label":" ","price":18.92},{"type":"A","date":"2018-04-12T01:46:59.000Z","volume":1000,"label":" ","price":18.9},{"type":"A","date":"2018-04-12T01:46:59.000Z","volume":1000,"label":" ","price":18.92},{"type":"A","date":"2018-04-12T01:47:42.000Z","volume":12000,"label":" ","price":18.94},{"type":"A","date":"2018-04-12T01:47:48.000Z","volume":1000,"label":" ","price":18.96},{"type":"U","date":"2018-04-12T01:47:48.000Z","volume":6000,"label":" ","price":18.96},{"type":"B","date":"2018-04-12T01:47:49.000Z","volume":1000,"label":" ","price":18.94},{"type":"B","date":"2018-04-12T01:47:49.000Z","volume":1000,"label":" ","price":18.94},{"type":"A","date":"2018-04-12T01:48:03.000Z","volume":4000,"label":" ","price":18.98},{"type":"A","date":"2018-04-12T01:48:03.000Z","volume":1000,"label":" ","price":18.98},{"type":"A","date":"2018-04-12T01:48:03.000Z","volume":1000,"label":" ","price":18.98},{"type":"B","date":"2018-04-12T01:48:22.000Z","volume":5000,"label":" ","price":18.96},{"type":"B","date":"2018-04-12T01:48:24.000Z","volume":1000,"label":" ","price":18.96},{"type":"U","date":"2018-04-12T01:48:49.000Z","volume":1000,"label":" ","price":18.98},{"type":"U","date":"2018-04-12T01:48:49.000Z","volume":1000,"label":" ","price":18.98},{"type":"B","date":"2018-04-12T01:49:10.000Z","volume":5000,"label":" ","price":18.98},{"type":"B","date":"2018-04-12T01:49:11.000Z","volume":1000,"label":" ","price":18.98},{"type":"B","date":"2018-04-12T01:49:11.000Z","volume":1000,"label":" ","price":18.98},{"type":"A","date":"2018-04-12T01:49:14.000Z","volume":1000,"label":" ","price":19},{"type":"B","date":"2018-04-12T01:50:17.000Z","volume":5000,"label":" ","price":18.98},{"type":"A","date":"2018-04-12T01:50:17.000Z","volume":1000,"label":" ","price":19},{"type":"B","date":"2018-04-12T01:50:19.000Z","volume":1000,"label":" ","price":18.98},{"type":"A","date":"2018-04-12T01:50:27.000Z","volume":1000,"label":" ","price":19},{"type":"A","date":"2018-04-12T01:51:03.000Z","volume":1000,"label":" ","price":19},{"type":"A","date":"2018-04-12T01:51:03.000Z","volume":71000,"label":" ","price":19},{"type":"A","date":"2018-04-12T01:51:03.000Z","volume":15000,"label":" ","price":19.02},{"type":"B","date":"2018-04-12T01:51:03.000Z","volume":2000,"label":" ","price":18.98},{"type":"A","date":"2018-04-12T01:51:04.000Z","volume":2000,"label":" ","price":19.04},{"type":"B","date":"2018-04-12T01:51:05.000Z","volume":1000,"label":" ","price":18.98},{"type":"B","date":"2018-04-12T01:51:20.000Z","volume":2000,"label":" ","price":19},{"type":"B","date":"2018-04-12T01:51:21.000Z","volume":12000,"label":" ","price":19},{"type":"B","date":"2018-04-12T01:51:21.000Z","volume":1000,"label":" ","price":19},{"type":"U","date":"2018-04-12T01:51:35.000Z","volume":1000,"label":" ","price":19.02},{"type":"B","date":"2018-04-12T01:51:42.000Z","volume":5000,"label":" ","price":19.02},{"type":"B","date":"2018-04-12T01:51:43.000Z","volume":1000,"label":" ","price":19.02},{"type":"B","date":"2018-04-12T01:51:43.000Z","volume":1000,"label":" ","price":19.02},{"type":"B","date":"2018-04-12T01:52:32.000Z","volume":5000,"label":" ","price":19.02},{"type":"B","date":"2018-04-12T01:52:34.000Z","volume":2000,"label":" ","price":19.02},{"type":"A","date":"2018-04-12T01:52:53.000Z","volume":2000,"label":" ","price":19.04},{"type":"A","date":"2018-04-12T01:53:49.000Z","volume":10000,"label":" ","price":19.04},{"type":"A","date":"2018-04-12T01:53:49.000Z","volume":1000,"label":" ","price":19.04},{"type":"A","date":"2018-04-12T01:53:49.000Z","volume":1000,"label":" ","price":19.04},{"type":"A","date":"2018-04-12T01:53:49.000Z","volume":46000,"label":" ","price":19.06},{"type":"A","date":"2018-04-12T01:53:52.000Z","volume":7000,"label":" ","price":19.08},{"type":"B","date":"2018-04-12T01:53:52.000Z","volume":1000,"label":"Y","price":19.04},{"type":"B","date":"2018-04-12T01:55:08.000Z","volume":23000,"label":" ","price":19.04},{"type":"B","date":"2018-04-12T01:55:08.000Z","volume":19000,"label":" ","price":19.04},{"type":"B","date":"2018-04-12T01:55:09.000Z","volume":1000,"label":"Y","price":19.02},{"type":"B","date":"2018-04-12T01:55:09.000Z","volume":1000,"label":" ","price":19.02},{"type":"B","date":"2018-04-12T01:55:09.000Z","volume":3000,"label":"Y","price":19.02},{"type":"B","date":"2018-04-12T01:55:09.000Z","volume":2000,"label":" ","price":19.02},{"type":"B","date":"2018-04-12T01:55:10.000Z","volume":1000,"label":"Y","price":19.02},{"type":"B","date":"2018-04-12T01:55:10.000Z","volume":1000,"label":" ","price":19.02},{"type":"B","date":"2018-04-12T01:55:10.000Z","volume":1000,"label":" ","price":19.02},{"type":"B","date":"2018-04-12T01:55:10.000Z","volume":1000,"label":" ","price":19.02},{"type":"B","date":"2018-04-12T01:55:12.000Z","volume":1000,"label":" ","price":19},{"type":"B","date":"2018-04-12T01:56:06.000Z","volume":1000,"label":" ","price":19.02},{"type":"A","date":"2018-04-12T01:56:07.000Z","volume":1000,"label":" ","price":19.02},{"type":"B","date":"2018-04-12T01:56:07.000Z","volume":1000,"label":" ","price":19},{"type":"A","date":"2018-04-12T01:56:27.000Z","volume":41000,"label":" ","price":19.04},{"type":"A","date":"2018-04-12T01:56:27.000Z","volume":2000,"label":" ","price":19.06},{"type":"A","date":"2018-04-12T01:56:27.000Z","volume":5000,"label":" ","price":19.06},{"type":"A","date":"2018-04-12T01:57:27.000Z","volume":1000,"label":" ","price":19.06},{"type":"A","date":"2018-04-12T01:58:02.000Z","volume":1000,"label":" ","price":19.06},{"type":"U","date":"2018-04-12T01:58:03.000Z","volume":500,"label":"D","price":18.88},{"type":"A","date":"2018-04-12T01:58:13.000Z","volume":1000,"label":" ","price":19.06},{"type":"A","date":"2018-04-12T01:58:13.000Z","volume":2000,"label":" ","price":19.06},{"type":"A","date":"2018-04-12T01:58:43.000Z","volume":20000,"label":" ","price":19.08},{"type":"A","date":"2018-04-12T01:58:43.000Z","volume":21000,"label":" ","price":19.08},{"type":"A","date":"2018-04-12T01:58:45.000Z","volume":25000,"label":" ","price":19.1},{"type":"U","date":"2018-04-12T01:58:46.000Z","volume":882,"label":"D","price":19.04},{"type":"B","date":"2018-04-12T01:58:47.000Z","volume":2000,"label":"Y","price":19.04},{"type":"U","date":"2018-04-12T01:58:47.000Z","volume":2000,"label":" ","price":19.08},{"type":"U","date":"2018-04-12T01:58:48.000Z","volume":1000,"label":" ","price":19.06},{"type":"B","date":"2018-04-12T01:58:49.000Z","volume":1000,"label":"Y","price":19.04},{"type":"A","date":"2018-04-12T01:58:54.000Z","volume":1000,"label":" ","price":19.08},{"type":"B","date":"2018-04-12T01:59:06.000Z","volume":10000,"label":" ","price":19.04},{"type":"B","date":"2018-04-12T01:59:06.000Z","volume":3000,"label":" ","price":19.04},{"type":"B","date":"2018-04-12T01:59:07.000Z","volume":1000,"label":" ","price":19.04},{"type":"B","date":"2018-04-12T01:59:08.000Z","volume":1000,"label":" ","price":19.04},{"type":"U","date":"2018-04-12T01:59:14.000Z","volume":1000,"label":" ","price":19.06},{"type":"B","date":"2018-04-12T01:59:23.000Z","volume":5000,"label":" ","price":19.04},{"type":"B","date":"2018-04-12T01:59:23.000Z","volume":2000,"label":" ","price":19.04},{"type":"B","date":"2018-04-12T02:01:05.000Z","volume":1000,"label":"Y","price":19.04},{"type":"A","date":"2018-04-12T02:01:06.000Z","volume":23000,"label":" ","price":19.06},{"type":"A","date":"2018-04-12T02:01:06.000Z","volume":4000,"label":" ","price":19.08},{"type":"A","date":"2018-04-12T02:01:33.000Z","volume":1000,"label":" ","price":19.1},{"type":"B","date":"2018-04-12T02:01:37.000Z","volume":14000,"label":" ","price":19.04},{"type":"B","date":"2018-04-12T02:01:37.000Z","volume":15000,"label":" ","price":19.02},{"type":"B","date":"2018-04-12T02:01:37.000Z","volume":51000,"label":" ","price":19},{"type":"B","date":"2018-04-12T02:01:37.000Z","volume":14000,"label":" ","price":19},{"type":"B","date":"2018-04-12T02:01:37.000Z","volume":3000,"label":" ","price":19},{"type":"B","date":"2018-04-12T02:01:37.000Z","volume":1000,"label":" ","price":19},{"type":"A","date":"2018-04-12T02:03:49.000Z","volume":39000,"label":" ","price":19.06},{"type":"A","date":"2018-04-12T02:03:49.000Z","volume":7000,"label":" ","price":19.08},{"type":"U","date":"2018-04-12T02:03:49.000Z","volume":9000,"label":" ","price":19.06},{"type":"A","date":"2018-04-12T02:03:49.000Z","volume":12000,"label":" ","price":19.1},{"type":"A","date":"2018-04-12T02:04:37.000Z","volume":1000,"label":" ","price":19.14},{"type":"A","date":"2018-04-12T02:04:37.000Z","volume":1000,"label":" ","price":19.14},{"type":"A","date":"2018-04-12T02:04:50.000Z","volume":2000,"label":" ","price":19.12},{"type":"A","date":"2018-04-12T02:04:50.000Z","volume":3000,"label":" ","price":19.12},{"type":"A","date":"2018-04-12T02:04:50.000Z","volume":5000,"label":" ","price":19.16},{"type":"A","date":"2018-04-12T02:05:31.000Z","volume":3000,"label":" ","price":19.16},{"type":"A","date":"2018-04-12T02:05:51.000Z","volume":1000,"label":" ","price":19.16},{"type":"U","date":"2018-04-12T02:06:28.000Z","volume":1000,"label":" ","price":19.1},{"type":"A","date":"2018-04-12T02:07:33.000Z","volume":1000,"label":" ","price":19.12},{"type":"B","date":"2018-04-12T02:07:43.000Z","volume":44000,"label":" ","price":19.08},{"type":"B","date":"2018-04-12T02:07:43.000Z","volume":8000,"label":" ","price":19.06},{"type":"B","date":"2018-04-12T02:07:43.000Z","volume":3000,"label":" ","price":19.04},{"type":"B","date":"2018-04-12T02:07:43.000Z","volume":1000,"label":" ","price":19.06},{"type":"B","date":"2018-04-12T02:07:43.000Z","volume":2000,"label":" ","price":19.06},{"type":"B","date":"2018-04-12T02:07:43.000Z","volume":3000,"label":" ","price":19.06},{"type":"A","date":"2018-04-12T02:07:43.000Z","volume":1000,"label":" ","price":19.1},{"type":"B","date":"2018-04-12T02:07:43.000Z","volume":3000,"label":"Y","price":19.04},{"type":"B","date":"2018-04-12T02:07:43.000Z","volume":1000,"label":" ","price":19.04},{"type":"B","date":"2018-04-12T02:07:43.000Z","volume":1000,"label":" ","price":19},{"type":"B","date":"2018-04-12T02:10:45.000Z","volume":1000,"label":" ","price":19.04},{"type":"B","date":"2018-04-12T02:10:45.000Z","volume":1000,"label":" ","price":19.04},{"type":"A","date":"2018-04-12T02:11:15.000Z","volume":1000,"label":" ","price":19.06},{"type":"B","date":"2018-04-12T02:11:21.000Z","volume":3000,"label":" ","price":19.04},{"type":"B","date":"2018-04-12T02:11:25.000Z","volume":1000,"label":" ","price":19.04},{"type":"B","date":"2018-04-12T02:11:25.000Z","volume":12000,"label":" ","price":19.04},{"type":"B","date":"2018-04-12T02:11:28.000Z","volume":2000,"label":" ","price":19.02},{"type":"B","date":"2018-04-12T02:11:41.000Z","volume":23000,"label":" ","price":19.04},{"type":"B","date":"2018-04-12T02:11:41.000Z","volume":3000,"label":" ","price":19.04},{"type":"B","date":"2018-04-12T02:11:41.000Z","volume":1000,"label":" ","price":19.04},{"type":"B","date":"2018-04-12T02:11:41.000Z","volume":1000,"label":"Y","price":19.02},{"type":"B","date":"2018-04-12T02:11:41.000Z","volume":1000,"label":" ","price":19.04},{"type":"B","date":"2018-04-12T02:11:41.000Z","volume":1000,"label":"Y","price":19.02},{"type":"B","date":"2018-04-12T02:11:42.000Z","volume":1000,"label":" ","price":19.02},{"type":"B","date":"2018-04-12T02:11:42.000Z","volume":1000,"label":"Y","price":19.02},{"type":"B","date":"2018-04-12T02:11:45.000Z","volume":2000,"label":" ","price":19},{"type":"B","date":"2018-04-12T02:11:45.000Z","volume":1000,"label":" ","price":19},{"type":"A","date":"2018-04-12T02:11:45.000Z","volume":6000,"label":"Y","price":19.02},{"type":"B","date":"2018-04-12T02:11:47.000Z","volume":1000,"label":" ","price":19},{"type":"B","date":"2018-04-12T02:11:47.000Z","volume":4000,"label":" ","price":19},{"type":"A","date":"2018-04-12T02:11:49.000Z","volume":6000,"label":" ","price":19.02},{"type":"B","date":"2018-04-12T02:11:51.000Z","volume":2000,"label":" ","price":19},{"type":"B","date":"2018-04-12T02:11:54.000Z","volume":2000,"label":" ","price":19},{"type":"B","date":"2018-04-12T02:12:29.000Z","volume":10000,"label":" ","price":19},{"type":"B","date":"2018-04-12T02:12:29.000Z","volume":2000,"label":" ","price":19},{"type":"B","date":"2018-04-12T02:12:31.000Z","volume":1000,"label":" ","price":19},{"type":"B","date":"2018-04-12T02:12:31.000Z","volume":1000,"label":" ","price":19},{"type":"A","date":"2018-04-12T02:13:15.000Z","volume":3000,"label":" ","price":19.02},{"type":"U","date":"2018-04-12T02:13:55.000Z","volume":1000,"label":" ","price":19.02},{"type":"A","date":"2018-04-12T02:15:16.000Z","volume":4000,"label":" ","price":19.02},{"type":"B","date":"2018-04-12T02:15:16.000Z","volume":1000,"label":" ","price":19},{"type":"A","date":"2018-04-12T02:15:38.000Z","volume":13000,"label":" ","price":19.04},{"type":"A","date":"2018-04-12T02:15:38.000Z","volume":2000,"label":" ","price":19.04},{"type":"A","date":"2018-04-12T02:15:38.000Z","volume":8000,"label":" ","price":19.06},{"type":"B","date":"2018-04-12T02:15:59.000Z","volume":5000,"label":" ","price":19.04},{"type":"B","date":"2018-04-12T02:16:17.000Z","volume":4000,"label":" ","price":19.06},{"type":"B","date":"2018-04-12T02:17:19.000Z","volume":2000,"label":" ","price":19.06},{"type":"B","date":"2018-04-12T02:17:19.000Z","volume":3000,"label":" ","price":19.06},{"type":"B","date":"2018-04-12T02:17:19.000Z","volume":5000,"label":" ","price":19.06},{"type":"B","date":"2018-04-12T02:17:19.000Z","volume":3000,"label":" ","price":19.06},{"type":"B","date":"2018-04-12T02:17:19.000Z","volume":2000,"label":" ","price":19.04},{"type":"B","date":"2018-04-12T02:17:57.000Z","volume":1000,"label":" ","price":19.04},{"type":"B","date":"2018-04-12T02:17:57.000Z","volume":1000,"label":" ","price":19.04},{"type":"B","date":"2018-04-12T02:17:59.000Z","volume":4000,"label":" ","price":19.04},{"type":"B","date":"2018-04-12T02:17:59.000Z","volume":1000,"label":" ","price":19.04},{"type":"B","date":"2018-04-12T02:19:33.000Z","volume":1000,"label":" ","price":19.04},{"type":"B","date":"2018-04-12T02:19:33.000Z","volume":1000,"label":" ","price":19.04},{"type":"A","date":"2018-04-12T02:19:51.000Z","volume":1000,"label":" ","price":19.06},{"type":"A","date":"2018-04-12T02:19:57.000Z","volume":1000,"label":" ","price":19.06},{"type":"A","date":"2018-04-12T02:22:02.000Z","volume":9000,"label":" ","price":19.06},{"type":"B","date":"2018-04-12T02:22:02.000Z","volume":2000,"label":" ","price":19.06},{"type":"B","date":"2018-04-12T02:22:16.000Z","volume":9000,"label":" ","price":19.06},{"type":"B","date":"2018-04-12T02:22:21.000Z","volume":1000,"label":" ","price":19.06},{"type":"B","date":"2018-04-12T02:22:33.000Z","volume":5000,"label":" ","price":19.06},{"type":"B","date":"2018-04-12T02:22:33.000Z","volume":1000,"label":" ","price":19.06},{"type":"B","date":"2018-04-12T02:22:33.000Z","volume":1000,"label":" ","price":19.06},{"type":"B","date":"2018-04-12T02:22:37.000Z","volume":1000,"label":" ","price":19.06},{"type":"B","date":"2018-04-12T02:22:37.000Z","volume":1000,"label":" ","price":19.06},{"type":"B","date":"2018-04-12T02:22:59.000Z","volume":2000,"label":" ","price":19.06},{"type":"B","date":"2018-04-12T02:22:59.000Z","volume":1000,"label":" ","price":19.06},{"type":"B","date":"2018-04-12T02:24:03.000Z","volume":3000,"label":" ","price":19.06},{"type":"B","date":"2018-04-12T02:24:05.000Z","volume":1000,"label":" ","price":19.06},{"type":"B","date":"2018-04-12T02:24:05.000Z","volume":1000,"label":" ","price":19.06},{"type":"B","date":"2018-04-12T02:24:17.000Z","volume":2000,"label":" ","price":19.06},{"type":"B","date":"2018-04-12T02:24:18.000Z","volume":1000,"label":" ","price":19.06},{"type":"B","date":"2018-04-12T02:24:28.000Z","volume":1000,"label":"Y","price":19.06},{"type":"B","date":"2018-04-12T02:25:32.000Z","volume":3000,"label":" ","price":19.06},{"type":"B","date":"2018-04-12T02:25:32.000Z","volume":1000,"label":" ","price":19.06},{"type":"B","date":"2018-04-12T02:25:36.000Z","volume":1000,"label":" ","price":19.06},{"type":"B","date":"2018-04-12T02:25:40.000Z","volume":3000,"label":" ","price":19.06},{"type":"B","date":"2018-04-12T02:25:40.000Z","volume":10000,"label":" ","price":19.04},{"type":"B","date":"2018-04-12T02:25:40.000Z","volume":7000,"label":" ","price":19.02},{"type":"B","date":"2018-04-12T02:25:40.000Z","volume":1000,"label":"Y","price":19.02},{"type":"B","date":"2018-04-12T02:25:40.000Z","volume":2000,"label":" ","price":19.02},{"type":"B","date":"2018-04-12T02:25:41.000Z","volume":1000,"label":" ","price":19.02},{"type":"B","date":"2018-04-12T02:25:54.000Z","volume":1000,"label":" ","price":19},{"type":"A","date":"2018-04-12T02:25:58.000Z","volume":2000,"label":" ","price":19.02},{"type":"B","date":"2018-04-12T02:27:05.000Z","volume":1000,"label":"Y","price":19.02},{"type":"A","date":"2018-04-12T02:27:18.000Z","volume":1000,"label":" ","price":19.04},{"type":"U","date":"2018-04-12T02:28:37.000Z","volume":1000,"label":" ","price":19.04},{"type":"A","date":"2018-04-12T02:28:38.000Z","volume":1000,"label":" ","price":19.06},{"type":"U","date":"2018-04-12T02:29:05.000Z","volume":562,"label":"D","price":18.96},{"type":"B","date":"2018-04-12T02:29:21.000Z","volume":1000,"label":" ","price":19.02},{"type":"A","date":"2018-04-12T02:30:15.000Z","volume":1000,"label":" ","price":19.06},{"type":"A","date":"2018-04-12T02:31:41.000Z","volume":1000,"label":" ","price":19.06},{"type":"A","date":"2018-04-12T02:31:52.000Z","volume":5000,"label":" ","price":19.06},{"type":"A","date":"2018-04-12T02:31:52.000Z","volume":31000,"label":" ","price":19.06},{"type":"A","date":"2018-04-12T02:31:52.000Z","volume":3000,"label":" ","price":19.06},{"type":"A","date":"2018-04-12T02:31:52.000Z","volume":4000,"label":" ","price":19.06},{"type":"A","date":"2018-04-12T02:31:52.000Z","volume":34000,"label":" ","price":19.08},{"type":"A","date":"2018-04-12T02:32:02.000Z","volume":1000,"label":" ","price":19.08},{"type":"A","date":"2018-04-12T02:32:20.000Z","volume":2000,"label":" ","price":19.08},{"type":"A","date":"2018-04-12T02:32:33.000Z","volume":2000,"label":" ","price":19.08},{"type":"A","date":"2018-04-12T02:33:43.000Z","volume":1000,"label":" ","price":19.08},{"type":"A","date":"2018-04-12T02:34:36.000Z","volume":2000,"label":" ","price":19.08},{"type":"A","date":"2018-04-12T02:34:36.000Z","volume":2000,"label":" ","price":19.08},{"type":"A","date":"2018-04-12T02:35:45.000Z","volume":1000,"label":" ","price":19.1},{"type":"B","date":"2018-04-12T02:36:30.000Z","volume":1000,"label":"Y","price":19.08},{"type":"A","date":"2018-04-12T02:36:49.000Z","volume":26000,"label":" ","price":19.1},{"type":"A","date":"2018-04-12T02:36:49.000Z","volume":2000,"label":"Y","price":19.1},{"type":"A","date":"2018-04-12T02:36:49.000Z","volume":36000,"label":" ","price":19.1},{"type":"A","date":"2018-04-12T02:36:49.000Z","volume":3000,"label":" ","price":19.1},{"type":"B","date":"2018-04-12T02:36:49.000Z","volume":2000,"label":" ","price":19.08},{"type":"B","date":"2018-04-12T02:36:50.000Z","volume":1000,"label":" ","price":19.08},{"type":"B","date":"2018-04-12T02:36:54.000Z","volume":1000,"label":" ","price":19.08},{"type":"B","date":"2018-04-12T02:36:55.000Z","volume":1000,"label":" ","price":19.08},{"type":"A","date":"2018-04-12T02:39:01.000Z","volume":1000,"label":" ","price":19.12},{"type":"B","date":"2018-04-12T02:39:01.000Z","volume":6000,"label":" ","price":19.1},{"type":"B","date":"2018-04-12T02:39:01.000Z","volume":1000,"label":" ","price":19.1},{"type":"A","date":"2018-04-12T02:39:38.000Z","volume":1000,"label":"Y","price":19.12},{"type":"A","date":"2018-04-12T02:39:38.000Z","volume":14000,"label":" ","price":19.12},{"type":"B","date":"2018-04-12T02:39:38.000Z","volume":1000,"label":" ","price":19.1},{"type":"B","date":"2018-04-12T02:39:39.000Z","volume":1000,"label":" ","price":19.12},{"type":"B","date":"2018-04-12T02:39:41.000Z","volume":1000,"label":" ","price":19.12},{"type":"B","date":"2018-04-12T02:40:33.000Z","volume":2000,"label":" ","price":19.12},{"type":"B","date":"2018-04-12T02:40:33.000Z","volume":1000,"label":" ","price":19.12},{"type":"B","date":"2018-04-12T02:40:43.000Z","volume":2000,"label":" ","price":19.12},{"type":"A","date":"2018-04-12T02:41:52.000Z","volume":1000,"label":" ","price":19.14},{"type":"A","date":"2018-04-12T02:42:28.000Z","volume":1000,"label":" ","price":19.14},{"type":"B","date":"2018-04-12T02:42:28.000Z","volume":1000,"label":" ","price":19.12},{"type":"A","date":"2018-04-12T02:42:55.000Z","volume":1000,"label":" ","price":19.14},{"type":"A","date":"2018-04-12T02:43:02.000Z","volume":1000,"label":" ","price":19.14},{"type":"A","date":"2018-04-12T02:43:02.000Z","volume":1000,"label":"Y","price":19.14},{"type":"A","date":"2018-04-12T02:43:02.000Z","volume":2000,"label":" ","price":19.14},{"type":"A","date":"2018-04-12T02:43:41.000Z","volume":1000,"label":"Y","price":19.14},{"type":"A","date":"2018-04-12T02:43:48.000Z","volume":1000,"label":"Y","price":19.14},{"type":"A","date":"2018-04-12T02:44:12.000Z","volume":1000,"label":" ","price":19.14},{"type":"B","date":"2018-04-12T02:44:20.000Z","volume":3000,"label":" ","price":19.12},{"type":"A","date":"2018-04-12T02:44:21.000Z","volume":1000,"label":" ","price":19.14},{"type":"A","date":"2018-04-12T02:44:48.000Z","volume":1000,"label":" ","price":19.14},{"type":"A","date":"2018-04-12T02:44:48.000Z","volume":4000,"label":" ","price":19.14},{"type":"A","date":"2018-04-12T02:44:51.000Z","volume":1000,"label":" ","price":19.14},{"type":"B","date":"2018-04-12T02:44:51.000Z","volume":1000,"label":" ","price":19.12},{"type":"A","date":"2018-04-12T02:44:52.000Z","volume":1000,"label":" ","price":19.14},{"type":"A","date":"2018-04-12T02:45:22.000Z","volume":1000,"label":" ","price":19.14},{"type":"A","date":"2018-04-12T02:45:31.000Z","volume":1000,"label":"Y","price":19.14},{"type":"A","date":"2018-04-12T02:45:39.000Z","volume":1000,"label":" ","price":19.14},{"type":"A","date":"2018-04-12T02:45:44.000Z","volume":1000,"label":" ","price":19.14},{"type":"B","date":"2018-04-12T02:45:46.000Z","volume":1000,"label":" ","price":19.12},{"type":"A","date":"2018-04-12T02:45:48.000Z","volume":1000,"label":" ","price":19.14},{"type":"A","date":"2018-04-12T02:45:50.000Z","volume":1000,"label":" ","price":19.14},{"type":"A","date":"2018-04-12T02:46:33.000Z","volume":1000,"label":" ","price":19.14},{"type":"B","date":"2018-04-12T02:46:33.000Z","volume":1000,"label":" ","price":19.12},{"type":"B","date":"2018-04-12T02:46:33.000Z","volume":1000,"label":" ","price":19.12},{"type":"A","date":"2018-04-12T02:46:47.000Z","volume":1000,"label":" ","price":19.14},{"type":"B","date":"2018-04-12T02:46:54.000Z","volume":2000,"label":" ","price":19.12},{"type":"A","date":"2018-04-12T02:47:11.000Z","volume":1000,"label":" ","price":19.14},{"type":"B","date":"2018-04-12T02:47:14.000Z","volume":1000,"label":" ","price":19.12},{"type":"A","date":"2018-04-12T02:47:44.000Z","volume":1000,"label":" ","price":19.14},{"type":"A","date":"2018-04-12T02:47:50.000Z","volume":1000,"label":" ","price":19.14},{"type":"A","date":"2018-04-12T02:47:59.000Z","volume":1000,"label":" ","price":19.14},{"type":"A","date":"2018-04-12T02:48:52.000Z","volume":1000,"label":" ","price":19.14},{"type":"A","date":"2018-04-12T02:48:54.000Z","volume":1000,"label":" ","price":19.14},{"type":"A","date":"2018-04-12T02:48:54.000Z","volume":1000,"label":" ","price":19.14},{"type":"A","date":"2018-04-12T02:49:08.000Z","volume":3000,"label":" ","price":19.14},{"type":"B","date":"2018-04-12T02:49:11.000Z","volume":3000,"label":" ","price":19.12},{"type":"A","date":"2018-04-12T02:49:17.000Z","volume":1000,"label":" ","price":19.14},{"type":"A","date":"2018-04-12T02:49:50.000Z","volume":1000,"label":" ","price":19.14},{"type":"A","date":"2018-04-12T02:50:05.000Z","volume":1000,"label":" ","price":19.14},{"type":"A","date":"2018-04-12T02:50:08.000Z","volume":3000,"label":" ","price":19.14},{"type":"A","date":"2018-04-12T02:50:10.000Z","volume":1000,"label":" ","price":19.14},{"type":"B","date":"2018-04-12T02:50:13.000Z","volume":1000,"label":" ","price":19.12},{"type":"A","date":"2018-04-12T02:51:01.000Z","volume":1000,"label":" ","price":19.14},{"type":"A","date":"2018-04-12T02:51:02.000Z","volume":1000,"label":" ","price":19.14},{"type":"A","date":"2018-04-12T02:51:05.000Z","volume":1000,"label":" ","price":19.14},{"type":"B","date":"2018-04-12T02:51:06.000Z","volume":1000,"label":" ","price":19.12},{"type":"B","date":"2018-04-12T02:51:08.000Z","volume":1000,"label":" ","price":19.12},{"type":"A","date":"2018-04-12T02:51:15.000Z","volume":1000,"label":" ","price":19.14},{"type":"A","date":"2018-04-12T02:51:22.000Z","volume":3000,"label":" ","price":19.14},{"type":"A","date":"2018-04-12T02:52:09.000Z","volume":1000,"label":" ","price":19.14},{"type":"B","date":"2018-04-12T02:52:09.000Z","volume":1000,"label":" ","price":19.12},{"type":"B","date":"2018-04-12T02:52:09.000Z","volume":1000,"label":" ","price":19.12},{"type":"B","date":"2018-04-12T02:52:09.000Z","volume":3000,"label":" ","price":19.12},{"type":"B","date":"2018-04-12T02:52:09.000Z","volume":5000,"label":" ","price":19.12},{"type":"A","date":"2018-04-12T02:52:25.000Z","volume":1000,"label":" ","price":19.14},{"type":"A","date":"2018-04-12T02:52:26.000Z","volume":3000,"label":" ","price":19.14},{"type":"B","date":"2018-04-12T02:52:27.000Z","volume":1000,"label":" ","price":19.12},{"type":"A","date":"2018-04-12T02:52:31.000Z","volume":1000,"label":"Y","price":19.14},{"type":"A","date":"2018-04-12T02:52:45.000Z","volume":1000,"label":" ","price":19.14},{"type":"A","date":"2018-04-12T02:52:50.000Z","volume":1000,"label":" ","price":19.14},{"type":"A","date":"2018-04-12T02:53:30.000Z","volume":3000,"label":" ","price":19.14},{"type":"A","date":"2018-04-12T02:53:34.000Z","volume":10000,"label":" ","price":19.14},{"type":"A","date":"2018-04-12T02:53:36.000Z","volume":1000,"label":" ","price":19.14},{"type":"A","date":"2018-04-12T02:53:40.000Z","volume":2000,"label":" ","price":19.14},{"type":"A","date":"2018-04-12T02:53:41.000Z","volume":1000,"label":" ","price":19.14},{"type":"B","date":"2018-04-12T02:53:41.000Z","volume":4000,"label":" ","price":19.14},{"type":"B","date":"2018-04-12T02:53:41.000Z","volume":1000,"label":" ","price":19.14},{"type":"B","date":"2018-04-12T02:53:41.000Z","volume":19000,"label":" ","price":19.12},{"type":"B","date":"2018-04-12T02:53:41.000Z","volume":1000,"label":" ","price":19.14},{"type":"B","date":"2018-04-12T02:53:41.000Z","volume":14000,"label":" ","price":19.14},{"type":"B","date":"2018-04-12T02:53:41.000Z","volume":1000,"label":" ","price":19.14},{"type":"B","date":"2018-04-12T02:53:42.000Z","volume":5000,"label":" ","price":19.14},{"type":"B","date":"2018-04-12T02:53:42.000Z","volume":5000,"label":" ","price":19.14},{"type":"B","date":"2018-04-12T02:53:42.000Z","volume":14000,"label":" ","price":19.14},{"type":"B","date":"2018-04-12T02:53:42.000Z","volume":14000,"label":" ","price":19.14},{"type":"B","date":"2018-04-12T02:53:42.000Z","volume":1000,"label":"Y","price":19.12},{"type":"B","date":"2018-04-12T02:53:42.000Z","volume":6000,"label":" ","price":19.12},{"type":"B","date":"2018-04-12T02:53:42.000Z","volume":2000,"label":" ","price":19.12},{"type":"B","date":"2018-04-12T02:53:43.000Z","volume":1000,"label":"Y","price":19.1},{"type":"B","date":"2018-04-12T02:53:43.000Z","volume":1000,"label":" ","price":19.1},{"type":"B","date":"2018-04-12T02:53:43.000Z","volume":1000,"label":"Y","price":19.1},{"type":"A","date":"2018-04-12T02:54:35.000Z","volume":3000,"label":" ","price":19.12},{"type":"A","date":"2018-04-12T02:54:47.000Z","volume":1000,"label":" ","price":19.12},{"type":"B","date":"2018-04-12T02:55:06.000Z","volume":1000,"label":" ","price":19.1},{"type":"B","date":"2018-04-12T02:55:07.000Z","volume":1000,"label":"Y","price":19.1},{"type":"A","date":"2018-04-12T02:55:41.000Z","volume":3000,"label":" ","price":19.12},{"type":"B","date":"2018-04-12T02:55:42.000Z","volume":1000,"label":"Y","price":19.1},{"type":"B","date":"2018-04-12T02:55:46.000Z","volume":1000,"label":"Y","price":19.1},{"type":"A","date":"2018-04-12T02:55:57.000Z","volume":1000,"label":" ","price":19.12},{"type":"A","date":"2018-04-12T02:56:42.000Z","volume":1000,"label":" ","price":19.12},{"type":"A","date":"2018-04-12T02:56:45.000Z","volume":3000,"label":" ","price":19.12},{"type":"A","date":"2018-04-12T02:57:08.000Z","volume":1000,"label":" ","price":19.12},{"type":"A","date":"2018-04-12T02:57:37.000Z","volume":1000,"label":" ","price":19.12},{"type":"A","date":"2018-04-12T02:57:50.000Z","volume":1000,"label":" ","price":19.12},{"type":"A","date":"2018-04-12T02:57:50.000Z","volume":2000,"label":" ","price":19.14},{"type":"A","date":"2018-04-12T02:58:18.000Z","volume":1000,"label":" ","price":19.14},{"type":"A","date":"2018-04-12T02:58:29.000Z","volume":1000,"label":" ","price":19.14},{"type":"A","date":"2018-04-12T02:58:30.000Z","volume":3000,"label":" ","price":19.14},{"type":"B","date":"2018-04-12T02:59:09.000Z","volume":1000,"label":" ","price":19.12},{"type":"A","date":"2018-04-12T02:59:13.000Z","volume":3000,"label":" ","price":19.14},{"type":"A","date":"2018-04-12T02:59:13.000Z","volume":2000,"label":" ","price":19.14},{"type":"A","date":"2018-04-12T02:59:28.000Z","volume":1000,"label":" ","price":19.14},{"type":"A","date":"2018-04-12T02:59:37.000Z","volume":1000,"label":" ","price":19.14},{"type":"A","date":"2018-04-12T02:59:40.000Z","volume":11000,"label":" ","price":19.14},{"type":"A","date":"2018-04-12T02:59:40.000Z","volume":2000,"label":" ","price":19.16},{"type":"B","date":"2018-04-12T02:59:40.000Z","volume":1000,"label":" ","price":19.12},{"type":"A","date":"2018-04-12T03:00:21.000Z","volume":3000,"label":" ","price":19.14},{"type":"A","date":"2018-04-12T03:00:25.000Z","volume":2000,"label":" ","price":19.14},{"type":"A","date":"2018-04-12T03:00:40.000Z","volume":1000,"label":"Y","price":19.14},{"type":"B","date":"2018-04-12T03:00:43.000Z","volume":1000,"label":" ","price":19.12},{"type":"A","date":"2018-04-12T03:00:47.000Z","volume":1000,"label":" ","price":19.14},{"type":"B","date":"2018-04-12T03:00:47.000Z","volume":2000,"label":" ","price":19.12},{"type":"B","date":"2018-04-12T03:00:49.000Z","volume":1000,"label":" ","price":19.12},{"type":"B","date":"2018-04-12T03:00:58.000Z","volume":10000,"label":" ","price":19.12},{"type":"A","date":"2018-04-12T03:00:59.000Z","volume":2000,"label":" ","price":19.14},{"type":"B","date":"2018-04-12T03:00:59.000Z","volume":3000,"label":"Y","price":19.12},{"type":"B","date":"2018-04-12T03:01:00.000Z","volume":1000,"label":"Y","price":19.12},{"type":"B","date":"2018-04-12T03:01:06.000Z","volume":1000,"label":" ","price":19.12},{"type":"B","date":"2018-04-12T03:01:06.000Z","volume":5000,"label":" ","price":19.12},{"type":"B","date":"2018-04-12T03:01:06.000Z","volume":11000,"label":" ","price":19.12},{"type":"B","date":"2018-04-12T03:01:06.000Z","volume":3000,"label":"Y","price":19.1},{"type":"B","date":"2018-04-12T03:01:06.000Z","volume":1000,"label":"Y","price":19.1},{"type":"B","date":"2018-04-12T03:01:07.000Z","volume":1000,"label":"Y","price":19.1},{"type":"B","date":"2018-04-12T03:01:07.000Z","volume":11000,"label":" ","price":19.1},{"type":"B","date":"2018-04-12T03:01:07.000Z","volume":1000,"label":"Y","price":19.08},{"type":"B","date":"2018-04-12T03:01:08.000Z","volume":1000,"label":"Y","price":19.08},{"type":"B","date":"2018-04-12T03:01:08.000Z","volume":4000,"label":" ","price":19.08},{"type":"B","date":"2018-04-12T03:01:08.000Z","volume":2000,"label":"Y","price":19.06},{"type":"B","date":"2018-04-12T03:01:10.000Z","volume":1000,"label":"Y","price":19.06},{"type":"A","date":"2018-04-12T03:01:29.000Z","volume":3000,"label":" ","price":19.1},{"type":"A","date":"2018-04-12T03:01:30.000Z","volume":1000,"label":" ","price":19.1},{"type":"A","date":"2018-04-12T03:01:50.000Z","volume":1000,"label":" ","price":19.1},{"type":"B","date":"2018-04-12T03:02:17.000Z","volume":9000,"label":" ","price":19.04},{"type":"B","date":"2018-04-12T03:02:17.000Z","volume":1000,"label":" ","price":19.04},{"type":"B","date":"2018-04-12T03:02:18.000Z","volume":2000,"label":"Y","price":19.02},{"type":"A","date":"2018-04-12T03:02:38.000Z","volume":3000,"label":" ","price":19.04},{"type":"B","date":"2018-04-12T03:02:38.000Z","volume":1000,"label":" ","price":19.02},{"type":"A","date":"2018-04-12T03:02:38.000Z","volume":1000,"label":" ","price":19.04},{"type":"A","date":"2018-04-12T03:03:00.000Z","volume":1000,"label":" ","price":19.04},{"type":"A","date":"2018-04-12T03:03:01.000Z","volume":1000,"label":" ","price":19.04},{"type":"A","date":"2018-04-12T03:03:30.000Z","volume":4000,"label":" ","price":19.04},{"type":"A","date":"2018-04-12T03:03:33.000Z","volume":1000,"label":" ","price":19.06},{"type":"A","date":"2018-04-12T03:03:42.000Z","volume":3000,"label":" ","price":19.06},{"type":"B","date":"2018-04-12T03:03:43.000Z","volume":1000,"label":" ","price":19.02},{"type":"A","date":"2018-04-12T03:03:43.000Z","volume":1000,"label":"Y","price":19.04},{"type":"A","date":"2018-04-12T03:04:00.000Z","volume":1000,"label":" ","price":19.04},{"type":"A","date":"2018-04-12T03:04:10.000Z","volume":1000,"label":" ","price":19.06},{"type":"A","date":"2018-04-12T03:04:46.000Z","volume":3000,"label":" ","price":19.08},{"type":"A","date":"2018-04-12T03:04:49.000Z","volume":1000,"label":" ","price":19.08},{"type":"A","date":"2018-04-12T03:05:21.000Z","volume":1000,"label":" ","price":19.08},{"type":"A","date":"2018-04-12T03:05:49.000Z","volume":3000,"label":" ","price":19.08},{"type":"A","date":"2018-04-12T03:05:53.000Z","volume":1000,"label":"Y","price":19.08},{"type":"A","date":"2018-04-12T03:06:32.000Z","volume":1000,"label":" ","price":19.06},{"type":"A","date":"2018-04-12T03:06:52.000Z","volume":3000,"label":" ","price":19.12},{"type":"A","date":"2018-04-12T03:06:53.000Z","volume":1000,"label":" ","price":19.12},{"type":"A","date":"2018-04-12T03:07:42.000Z","volume":1000,"label":" ","price":19.1},{"type":"A","date":"2018-04-12T03:07:45.000Z","volume":1000,"label":" ","price":19.12},{"type":"A","date":"2018-04-12T03:07:57.000Z","volume":1000,"label":" ","price":19.12},{"type":"A","date":"2018-04-12T03:07:57.000Z","volume":2000,"label":" ","price":19.14},{"type":"A","date":"2018-04-12T03:07:59.000Z","volume":1000,"label":" ","price":19.12},{"type":"A","date":"2018-04-12T03:08:02.000Z","volume":3000,"label":" ","price":19.12},{"type":"U","date":"2018-04-12T03:08:23.000Z","volume":1000,"label":" ","price":19.12},{"type":"A","date":"2018-04-12T03:08:53.000Z","volume":1000,"label":" ","price":19.12},{"type":"A","date":"2018-04-12T03:09:08.000Z","volume":3000,"label":" ","price":19.14},{"type":"A","date":"2018-04-12T03:09:39.000Z","volume":1000,"label":" ","price":19.14},{"type":"A","date":"2018-04-12T03:09:41.000Z","volume":1000,"label":" ","price":19.14},{"type":"A","date":"2018-04-12T03:10:03.000Z","volume":1000,"label":" ","price":19.14},{"type":"A","date":"2018-04-12T03:10:31.000Z","volume":3000,"label":" ","price":19.14},{"type":"A","date":"2018-04-12T03:10:32.000Z","volume":1000,"label":" ","price":19.14},{"type":"B","date":"2018-04-12T03:10:32.000Z","volume":1000,"label":"Y","price":19.06},{"type":"A","date":"2018-04-12T03:11:13.000Z","volume":1000,"label":"Y","price":19.14},{"type":"A","date":"2018-04-12T03:11:21.000Z","volume":3000,"label":" ","price":19.14},{"type":"A","date":"2018-04-12T03:11:22.000Z","volume":1000,"label":"Y","price":19.14},{"type":"A","date":"2018-04-12T03:11:39.000Z","volume":1000,"label":" ","price":19.14},{"type":"A","date":"2018-04-12T03:12:25.000Z","volume":1000,"label":" ","price":19.14},{"type":"A","date":"2018-04-12T03:12:25.000Z","volume":3000,"label":" ","price":19.14},{"type":"A","date":"2018-04-12T03:12:55.000Z","volume":1000,"label":" ","price":19.14},{"type":"A","date":"2018-04-12T03:13:29.000Z","volume":1000,"label":" ","price":19.14},{"type":"A","date":"2018-04-12T03:13:29.000Z","volume":2000,"label":" ","price":19.14},{"type":"A","date":"2018-04-12T03:13:29.000Z","volume":1000,"label":" ","price":19.16},{"type":"A","date":"2018-04-12T03:13:35.000Z","volume":1000,"label":" ","price":19.16},{"type":"B","date":"2018-04-12T03:13:48.000Z","volume":2000,"label":" ","price":19.14},{"type":"B","date":"2018-04-12T03:13:48.000Z","volume":1000,"label":" ","price":19.14},{"type":"A","date":"2018-04-12T03:13:53.000Z","volume":1000,"label":"Y","price":19.16},{"type":"A","date":"2018-04-12T03:13:53.000Z","volume":36000,"label":" ","price":19.16},{"type":"U","date":"2018-04-12T03:13:53.000Z","volume":4000,"label":" ","price":19.16},{"type":"B","date":"2018-04-12T03:13:54.000Z","volume":1000,"label":" ","price":19.16},{"type":"A","date":"2018-04-12T03:13:54.000Z","volume":7000,"label":" ","price":19.18},{"type":"A","date":"2018-04-12T03:13:54.000Z","volume":24000,"label":" ","price":19.18},{"type":"A","date":"2018-04-12T03:13:54.000Z","volume":1000,"label":" ","price":19.18},{"type":"A","date":"2018-04-12T03:13:54.000Z","volume":2000,"label":" ","price":19.18},{"type":"A","date":"2018-04-12T03:13:54.000Z","volume":1000,"label":"Y","price":19.18},{"type":"A","date":"2018-04-12T03:13:54.000Z","volume":9000,"label":" ","price":19.18},{"type":"A","date":"2018-04-12T03:13:55.000Z","volume":16000,"label":" ","price":19.2},{"type":"B","date":"2018-04-12T03:13:55.000Z","volume":1000,"label":" ","price":19.16},{"type":"A","date":"2018-04-12T03:13:55.000Z","volume":12000,"label":" ","price":19.2},{"type":"A","date":"2018-04-12T03:13:57.000Z","volume":4000,"label":" ","price":19.2},{"type":"B","date":"2018-04-12T03:13:58.000Z","volume":1000,"label":" ","price":19.16},{"type":"A","date":"2018-04-12T03:13:58.000Z","volume":1000,"label":" ","price":19.2},{"type":"B","date":"2018-04-12T03:13:59.000Z","volume":1000,"label":"Y","price":19.16},{"type":"B","date":"2018-04-12T03:14:00.000Z","volume":1000,"label":"Y","price":19.16},{"type":"A","date":"2018-04-12T03:14:00.000Z","volume":2000,"label":" ","price":19.18},{"type":"A","date":"2018-04-12T03:14:02.000Z","volume":2000,"label":" ","price":19.2},{"type":"A","date":"2018-04-12T03:14:34.000Z","volume":3000,"label":" ","price":19.2},{"type":"A","date":"2018-04-12T03:14:45.000Z","volume":1000,"label":" ","price":19.2},{"type":"A","date":"2018-04-12T03:14:48.000Z","volume":1000,"label":" ","price":19.2},{"type":"B","date":"2018-04-12T03:14:49.000Z","volume":1000,"label":" ","price":19.18},{"type":"A","date":"2018-04-12T03:15:22.000Z","volume":10000,"label":" ","price":19.2},{"type":"A","date":"2018-04-12T03:15:22.000Z","volume":2000,"label":" ","price":19.2},{"type":"B","date":"2018-04-12T03:15:22.000Z","volume":2000,"label":" ","price":19.18},{"type":"B","date":"2018-04-12T03:15:22.000Z","volume":1000,"label":" ","price":19.18},{"type":"B","date":"2018-04-12T03:15:24.000Z","volume":1000,"label":" ","price":19.18},{"type":"B","date":"2018-04-12T03:15:24.000Z","volume":1000,"label":" ","price":19.18},{"type":"A","date":"2018-04-12T03:15:26.000Z","volume":2000,"label":" ","price":19.2},{"type":"A","date":"2018-04-12T03:15:26.000Z","volume":2000,"label":" ","price":19.2},{"type":"B","date":"2018-04-12T03:15:30.000Z","volume":1000,"label":" ","price":19.18},{"type":"A","date":"2018-04-12T03:15:38.000Z","volume":3000,"label":" ","price":19.2},{"type":"A","date":"2018-04-12T03:15:39.000Z","volume":2000,"label":" ","price":19.2},{"type":"B","date":"2018-04-12T03:15:40.000Z","volume":1000,"label":" ","price":19.18},{"type":"A","date":"2018-04-12T03:15:40.000Z","volume":2000,"label":" ","price":19.2},{"type":"A","date":"2018-04-12T03:15:40.000Z","volume":52000,"label":" ","price":19.2},{"type":"A","date":"2018-04-12T03:15:40.000Z","volume":7000,"label":" ","price":19.22},{"type":"U","date":"2018-04-12T03:15:40.000Z","volume":4000,"label":" ","price":19.2},{"type":"B","date":"2018-04-12T03:15:45.000Z","volume":1000,"label":" ","price":19.2},{"type":"A","date":"2018-04-12T03:15:45.000Z","volume":1000,"label":" ","price":19.22},{"type":"A","date":"2018-04-12T03:15:47.000Z","volume":1000,"label":" ","price":19.24},{"type":"A","date":"2018-04-12T03:15:48.000Z","volume":2000,"label":" ","price":19.24},{"type":"A","date":"2018-04-12T03:15:58.000Z","volume":1000,"label":" ","price":19.26},{"type":"A","date":"2018-04-12T03:16:00.000Z","volume":2000,"label":" ","price":19.26},{"type":"B","date":"2018-04-12T03:16:01.000Z","volume":7000,"label":" ","price":19.26},{"type":"B","date":"2018-04-12T03:16:01.000Z","volume":7000,"label":" ","price":19.26},{"type":"B","date":"2018-04-12T03:16:01.000Z","volume":5000,"label":" ","price":19.26},{"type":"B","date":"2018-04-12T03:16:01.000Z","volume":5000,"label":" ","price":19.26},{"type":"B","date":"2018-04-12T03:16:01.000Z","volume":1000,"label":" ","price":19.26},{"type":"B","date":"2018-04-12T03:16:01.000Z","volume":19000,"label":" ","price":19.26},{"type":"B","date":"2018-04-12T03:16:01.000Z","volume":5000,"label":" ","price":19.24},{"type":"B","date":"2018-04-12T03:16:03.000Z","volume":7000,"label":" ","price":19.24},{"type":"B","date":"2018-04-12T03:16:03.000Z","volume":6000,"label":" ","price":19.22},{"type":"U","date":"2018-04-12T03:16:05.000Z","volume":1000,"label":"X","price":19.22},{"type":"B","date":"2018-04-12T03:16:05.000Z","volume":2000,"label":" ","price":19.22},{"type":"B","date":"2018-04-12T03:16:07.000Z","volume":1000,"label":" ","price":19.22},{"type":"B","date":"2018-04-12T03:16:07.000Z","volume":2000,"label":" ","price":19.22},{"type":"U","date":"2018-04-12T03:16:09.000Z","volume":1000,"label":" ","price":19.22},{"type":"B","date":"2018-04-12T03:16:18.000Z","volume":1000,"label":" ","price":19.2},{"type":"B","date":"2018-04-12T03:16:29.000Z","volume":1000,"label":"Y","price":19.2},{"type":"B","date":"2018-04-12T03:16:30.000Z","volume":7000,"label":" ","price":19.2},{"type":"B","date":"2018-04-12T03:16:31.000Z","volume":2000,"label":"Y","price":19.2},{"type":"U","date":"2018-04-12T03:16:33.000Z","volume":3000,"label":"X","price":19.22},{"type":"B","date":"2018-04-12T03:16:49.000Z","volume":1000,"label":"Y","price":19.2},{"type":"A","date":"2018-04-12T03:16:53.000Z","volume":3000,"label":" ","price":19.22},{"type":"B","date":"2018-04-12T03:16:55.000Z","volume":1000,"label":"Y","price":19.2},{"type":"A","date":"2018-04-12T03:17:06.000Z","volume":1000,"label":" ","price":19.22},{"type":"A","date":"2018-04-12T03:17:08.000Z","volume":18000,"label":" ","price":19.22},{"type":"A","date":"2018-04-12T03:17:09.000Z","volume":5000,"label":" ","price":19.22},{"type":"A","date":"2018-04-12T03:18:03.000Z","volume":5000,"label":" ","price":19.22},{"type":"A","date":"2018-04-12T03:18:03.000Z","volume":1000,"label":" ","price":19.22},{"type":"A","date":"2018-04-12T03:18:03.000Z","volume":1000,"label":" ","price":19.24},{"type":"A","date":"2018-04-12T03:18:16.000Z","volume":1000,"label":" ","price":19.26},{"type":"B","date":"2018-04-12T03:18:31.000Z","volume":13000,"label":" ","price":19.24},{"type":"A","date":"2018-04-12T03:18:31.000Z","volume":1000,"label":" ","price":19.24},{"type":"B","date":"2018-04-12T03:18:49.000Z","volume":4000,"label":" ","price":19.22},{"type":"B","date":"2018-04-12T03:18:49.000Z","volume":1000,"label":" ","price":19.22},{"type":"B","date":"2018-04-12T03:18:49.000Z","volume":5000,"label":" ","price":19.22},{"type":"B","date":"2018-04-12T03:18:49.000Z","volume":1000,"label":" ","price":19.22},{"type":"A","date":"2018-04-12T03:18:51.000Z","volume":2000,"label":" ","price":19.22},{"type":"A","date":"2018-04-12T03:19:28.000Z","volume":1000,"label":" ","price":19.22},{"type":"B","date":"2018-04-12T03:19:39.000Z","volume":2000,"label":" ","price":19.2},{"type":"B","date":"2018-04-12T03:19:39.000Z","volume":14000,"label":" ","price":19.2},{"type":"B","date":"2018-04-12T03:19:39.000Z","volume":2000,"label":"Y","price":19.18},{"type":"U","date":"2018-04-12T03:19:42.000Z","volume":1000,"label":"X","price":19.22},{"type":"A","date":"2018-04-12T03:20:05.000Z","volume":15000,"label":" ","price":19.22},{"type":"U","date":"2018-04-12T03:20:06.000Z","volume":1000,"label":"X","price":19.22},{"type":"A","date":"2018-04-12T03:20:06.000Z","volume":3000,"label":" ","price":19.22},{"type":"B","date":"2018-04-12T03:20:06.000Z","volume":2000,"label":"Y","price":19.2},{"type":"B","date":"2018-04-12T03:20:06.000Z","volume":1000,"label":" ","price":19.2},{"type":"B","date":"2018-04-12T03:20:06.000Z","volume":1000,"label":" ","price":19.2},{"type":"B","date":"2018-04-12T03:20:08.000Z","volume":1000,"label":" ","price":19.2},{"type":"B","date":"2018-04-12T03:20:10.000Z","volume":1000,"label":" ","price":19.2},{"type":"U","date":"2018-04-12T03:20:11.000Z","volume":1000,"label":"X","price":19.22},{"type":"A","date":"2018-04-12T03:20:11.000Z","volume":7000,"label":" ","price":19.22},{"type":"B","date":"2018-04-12T03:20:11.000Z","volume":2000,"label":" ","price":19.22},{"type":"A","date":"2018-04-12T03:20:38.000Z","volume":1000,"label":" ","price":19.24},{"type":"A","date":"2018-04-12T03:21:48.000Z","volume":1000,"label":" ","price":19.24},{"type":"A","date":"2018-04-12T03:22:59.000Z","volume":1000,"label":" ","price":19.24},{"type":"A","date":"2018-04-12T03:24:09.000Z","volume":1000,"label":" ","price":19.24},{"type":"A","date":"2018-04-12T03:25:20.000Z","volume":1000,"label":" ","price":19.24},{"type":"A","date":"2018-04-12T03:25:47.000Z","volume":1000,"label":"Y","price":19.24},{"type":"A","date":"2018-04-12T03:26:19.000Z","volume":4000,"label":" ","price":19.24},{"type":"A","date":"2018-04-12T03:26:22.000Z","volume":1000,"label":" ","price":19.24},{"type":"A","date":"2018-04-12T03:26:30.000Z","volume":1000,"label":" ","price":19.24},{"type":"B","date":"2018-04-12T03:26:34.000Z","volume":3000,"label":" ","price":19.22},{"type":"B","date":"2018-04-12T03:26:35.000Z","volume":1000,"label":" ","price":19.22},{"type":"A","date":"2018-04-12T03:26:35.000Z","volume":1000,"label":" ","price":19.24},{"type":"B","date":"2018-04-12T03:27:25.000Z","volume":2000,"label":" ","price":19.22},{"type":"B","date":"2018-04-12T03:27:25.000Z","volume":12000,"label":" ","price":19.22},{"type":"B","date":"2018-04-12T03:27:26.000Z","volume":1000,"label":" ","price":19.22},{"type":"B","date":"2018-04-12T03:27:27.000Z","volume":4000,"label":" ","price":19.22},{"type":"B","date":"2018-04-12T03:27:27.000Z","volume":1000,"label":" ","price":19.22},{"type":"B","date":"2018-04-12T03:27:27.000Z","volume":5000,"label":" ","price":19.22},{"type":"B","date":"2018-04-12T03:27:27.000Z","volume":2000,"label":" ","price":19.22},{"type":"B","date":"2018-04-12T03:27:27.000Z","volume":4000,"label":" ","price":19.22},{"type":"A","date":"2018-04-12T03:27:28.000Z","volume":1000,"label":" ","price":19.24},{"type":"B","date":"2018-04-12T03:27:29.000Z","volume":2000,"label":" ","price":19.22},{"type":"B","date":"2018-04-12T03:27:30.000Z","volume":1000,"label":"Y","price":19.22},{"type":"B","date":"2018-04-12T03:27:30.000Z","volume":1000,"label":" ","price":19.22},{"type":"B","date":"2018-04-12T03:27:31.000Z","volume":1000,"label":" ","price":19.22},{"type":"B","date":"2018-04-12T03:27:32.000Z","volume":5000,"label":" ","price":19.22},{"type":"A","date":"2018-04-12T03:27:41.000Z","volume":1000,"label":" ","price":19.24},{"type":"B","date":"2018-04-12T03:28:06.000Z","volume":1000,"label":" ","price":19.2},{"type":"A","date":"2018-04-12T03:28:51.000Z","volume":1000,"label":" ","price":19.24},{"type":"B","date":"2018-04-12T03:28:54.000Z","volume":1000,"label":" ","price":19.22},{"type":"B","date":"2018-04-12T03:29:00.000Z","volume":1000,"label":" ","price":19.22},{"type":"B","date":"2018-04-12T03:29:01.000Z","volume":1000,"label":" ","price":19.22},{"type":"B","date":"2018-04-12T03:29:02.000Z","volume":1000,"label":" ","price":19.22},{"type":"B","date":"2018-04-12T03:29:06.000Z","volume":1000,"label":" ","price":19.2},{"type":"B","date":"2018-04-12T03:29:37.000Z","volume":32000,"label":" ","price":19.2},{"type":"B","date":"2018-04-12T03:29:37.000Z","volume":2000,"label":" ","price":19.2},{"type":"B","date":"2018-04-12T03:29:37.000Z","volume":8000,"label":" ","price":19.2},{"type":"B","date":"2018-04-12T03:29:38.000Z","volume":1000,"label":" ","price":19.2},{"type":"B","date":"2018-04-12T03:29:39.000Z","volume":1000,"label":" ","price":19.2},{"type":"U","date":"2018-04-12T03:29:39.000Z","volume":3000,"label":"X","price":19.22},{"type":"A","date":"2018-04-12T03:29:39.000Z","volume":6000,"label":" ","price":19.22},{"type":"B","date":"2018-04-12T03:29:39.000Z","volume":1000,"label":" ","price":19.22},{"type":"B","date":"2018-04-12T03:29:39.000Z","volume":2000,"label":" ","price":19.22},{"type":"B","date":"2018-04-12T03:29:41.000Z","volume":2000,"label":" ","price":19.22},{"type":"A","date":"2018-04-12T03:30:01.000Z","volume":1000,"label":" ","price":19.22},{"type":"B","date":"2018-04-12T03:30:08.000Z","volume":5000,"label":" ","price":19.2},{"type":"B","date":"2018-04-12T03:30:09.000Z","volume":1000,"label":"Y","price":19.18},{"type":"A","date":"2018-04-12T03:30:12.000Z","volume":27000,"label":" ","price":19.2},{"type":"A","date":"2018-04-12T03:30:12.000Z","volume":25000,"label":" ","price":19.2},{"type":"A","date":"2018-04-12T03:30:13.000Z","volume":1000,"label":"Y","price":19.22},{"type":"B","date":"2018-04-12T03:30:13.000Z","volume":2000,"label":"Y","price":19.2},{"type":"B","date":"2018-04-12T03:30:13.000Z","volume":1000,"label":"Y","price":19.2},{"type":"B","date":"2018-04-12T03:30:15.000Z","volume":4000,"label":" ","price":19.2},{"type":"B","date":"2018-04-12T03:30:15.000Z","volume":1000,"label":"Y","price":19.2},{"type":"B","date":"2018-04-12T03:30:17.000Z","volume":1000,"label":"Y","price":19.2},{"type":"A","date":"2018-04-12T03:31:12.000Z","volume":1000,"label":" ","price":19.22},{"type":"A","date":"2018-04-12T03:31:55.000Z","volume":3000,"label":" ","price":19.22},{"type":"A","date":"2018-04-12T03:32:00.000Z","volume":3000,"label":" ","price":19.22},{"type":"B","date":"2018-04-12T03:32:04.000Z","volume":10000,"label":" ","price":19.2},{"type":"B","date":"2018-04-12T03:32:06.000Z","volume":2000,"label":" ","price":19.2},{"type":"B","date":"2018-04-12T03:32:09.000Z","volume":1000,"label":"Y","price":19.2},{"type":"A","date":"2018-04-12T03:32:23.000Z","volume":1000,"label":" ","price":19.22},{"type":"A","date":"2018-04-12T03:32:23.000Z","volume":2000,"label":" ","price":19.22},{"type":"B","date":"2018-04-12T03:32:39.000Z","volume":5000,"label":" ","price":19.22},{"type":"B","date":"2018-04-12T03:32:40.000Z","volume":1000,"label":" ","price":19.22},{"type":"B","date":"2018-04-12T03:32:40.000Z","volume":1000,"label":" ","price":19.22},{"type":"B","date":"2018-04-12T03:33:33.000Z","volume":2000,"label":" ","price":19.2},{"type":"A","date":"2018-04-12T03:33:33.000Z","volume":1000,"label":" ","price":19.22},{"type":"B","date":"2018-04-12T03:33:35.000Z","volume":1000,"label":"Y","price":19.2},{"type":"A","date":"2018-04-12T03:33:40.000Z","volume":1000,"label":" ","price":19.22},{"type":"A","date":"2018-04-12T03:33:42.000Z","volume":3000,"label":" ","price":19.22},{"type":"A","date":"2018-04-12T03:33:51.000Z","volume":6000,"label":" ","price":19.22},{"type":"B","date":"2018-04-12T03:34:12.000Z","volume":2000,"label":" ","price":19.2},{"type":"B","date":"2018-04-12T03:34:12.000Z","volume":1000,"label":" ","price":19.2},{"type":"B","date":"2018-04-12T03:34:15.000Z","volume":1000,"label":"Y","price":19.2},{"type":"A","date":"2018-04-12T03:34:15.000Z","volume":2000,"label":" ","price":19.22},{"type":"A","date":"2018-04-12T03:34:44.000Z","volume":1000,"label":" ","price":19.22},{"type":"A","date":"2018-04-12T03:34:47.000Z","volume":15000,"label":" ","price":19.22},{"type":"A","date":"2018-04-12T03:34:50.000Z","volume":1000,"label":" ","price":19.22},{"type":"A","date":"2018-04-12T03:35:09.000Z","volume":3000,"label":" ","price":19.22},{"type":"A","date":"2018-04-12T03:35:42.000Z","volume":3000,"label":" ","price":19.22},{"type":"A","date":"2018-04-12T03:35:54.000Z","volume":1000,"label":" ","price":19.22},{"type":"A","date":"2018-04-12T03:37:04.000Z","volume":1000,"label":" ","price":19.22},{"type":"A","date":"2018-04-12T03:37:22.000Z","volume":1000,"label":" ","price":19.22},{"type":"A","date":"2018-04-12T03:37:31.000Z","volume":3000,"label":" ","price":19.22},{"type":"B","date":"2018-04-12T03:38:03.000Z","volume":10000,"label":" ","price":19.2},{"type":"B","date":"2018-04-12T03:38:05.000Z","volume":3000,"label":" ","price":19.2},{"type":"B","date":"2018-04-12T03:38:05.000Z","volume":1000,"label":" ","price":19.2},{"type":"A","date":"2018-04-12T03:38:14.000Z","volume":1000,"label":" ","price":19.22},{"type":"A","date":"2018-04-12T03:38:22.000Z","volume":3000,"label":" ","price":19.22},{"type":"B","date":"2018-04-12T03:38:22.000Z","volume":1000,"label":" ","price":19.2},{"type":"A","date":"2018-04-12T03:38:35.000Z","volume":3000,"label":" ","price":19.22},{"type":"A","date":"2018-04-12T03:38:41.000Z","volume":3000,"label":" ","price":19.22},{"type":"A","date":"2018-04-12T03:39:24.000Z","volume":3000,"label":" ","price":19.22},{"type":"U","date":"2018-04-12T03:39:26.000Z","volume":1000,"label":" ","price":19.22},{"type":"B","date":"2018-04-12T03:40:04.000Z","volume":1000,"label":" ","price":19.2},{"type":"B","date":"2018-04-12T03:40:22.000Z","volume":1000,"label":" ","price":19.2},{"type":"B","date":"2018-04-12T03:40:23.000Z","volume":1000,"label":" ","price":19.2},{"type":"A","date":"2018-04-12T03:40:32.000Z","volume":3000,"label":" ","price":19.22},{"type":"A","date":"2018-04-12T03:40:36.000Z","volume":1000,"label":" ","price":19.22},{"type":"A","date":"2018-04-12T03:41:46.000Z","volume":1000,"label":" ","price":19.22},{"type":"A","date":"2018-04-12T03:42:11.000Z","volume":1000,"label":" ","price":19.22},{"type":"A","date":"2018-04-12T03:42:57.000Z","volume":1000,"label":" ","price":19.22},{"type":"A","date":"2018-04-12T03:44:07.000Z","volume":1000,"label":" ","price":19.22},{"type":"B","date":"2018-04-12T03:44:29.000Z","volume":1000,"label":" ","price":19.2},{"type":"A","date":"2018-04-12T03:44:32.000Z","volume":1000,"label":" ","price":19.22},{"type":"A","date":"2018-04-12T03:44:51.000Z","volume":1000,"label":" ","price":19.22},{"type":"A","date":"2018-04-12T03:45:18.000Z","volume":1000,"label":" ","price":19.22},{"type":"A","date":"2018-04-12T03:46:02.000Z","volume":3000,"label":" ","price":19.22},{"type":"A","date":"2018-04-12T03:46:07.000Z","volume":3000,"label":" ","price":19.22},{"type":"A","date":"2018-04-12T03:46:12.000Z","volume":3000,"label":" ","price":19.22},{"type":"A","date":"2018-04-12T03:46:19.000Z","volume":3000,"label":" ","price":19.22},{"type":"A","date":"2018-04-12T03:46:19.000Z","volume":1000,"label":" ","price":19.22},{"type":"A","date":"2018-04-12T03:46:25.000Z","volume":2000,"label":" ","price":19.22},{"type":"A","date":"2018-04-12T03:46:25.000Z","volume":1000,"label":" ","price":19.22},{"type":"A","date":"2018-04-12T03:46:25.000Z","volume":1000,"label":" ","price":19.22},{"type":"A","date":"2018-04-12T03:46:29.000Z","volume":1000,"label":" ","price":19.24},{"type":"B","date":"2018-04-12T03:46:42.000Z","volume":4000,"label":"Y","price":19.22},{"type":"B","date":"2018-04-12T03:46:42.000Z","volume":2000,"label":" ","price":19.22},{"type":"B","date":"2018-04-12T03:46:42.000Z","volume":1000,"label":" ","price":19.22},{"type":"B","date":"2018-04-12T03:46:43.000Z","volume":1000,"label":"Y","price":19.22},{"type":"B","date":"2018-04-12T03:47:02.000Z","volume":4000,"label":" ","price":19.2},{"type":"B","date":"2018-04-12T03:47:02.000Z","volume":1000,"label":"Y","price":19.2},{"type":"A","date":"2018-04-12T03:47:39.000Z","volume":1000,"label":" ","price":19.22},{"type":"B","date":"2018-04-12T03:47:39.000Z","volume":2000,"label":"Y","price":19.2},{"type":"B","date":"2018-04-12T03:47:39.000Z","volume":6000,"label":" ","price":19.2},{"type":"B","date":"2018-04-12T03:47:40.000Z","volume":11000,"label":" ","price":19.2},{"type":"B","date":"2018-04-12T03:47:40.000Z","volume":5000,"label":" ","price":19.18},{"type":"U","date":"2018-04-12T03:47:42.000Z","volume":1000,"label":" ","price":19.18},{"type":"B","date":"2018-04-12T03:48:05.000Z","volume":1000,"label":" ","price":19.18},{"type":"A","date":"2018-04-12T03:48:49.000Z","volume":1000,"label":" ","price":19.2},{"type":"U","date":"2018-04-12T03:49:26.000Z","volume":4000,"label":"X","price":19.2},{"type":"A","date":"2018-04-12T03:49:26.000Z","volume":1000,"label":"Y","price":19.2},{"type":"A","date":"2018-04-12T03:49:26.000Z","volume":10000,"label":" ","price":19.2},{"type":"A","date":"2018-04-12T03:49:27.000Z","volume":3000,"label":" ","price":19.2},{"type":"U","date":"2018-04-12T03:49:28.000Z","volume":1000,"label":"Y","price":19.2},{"type":"A","date":"2018-04-12T03:49:59.000Z","volume":1000,"label":" ","price":19.22},{"type":"B","date":"2018-04-12T03:50:16.000Z","volume":2000,"label":" ","price":19.2},{"type":"B","date":"2018-04-12T03:50:16.000Z","volume":1000,"label":" ","price":19.2},{"type":"B","date":"2018-04-12T03:50:40.000Z","volume":2000,"label":" ","price":19.2},{"type":"B","date":"2018-04-12T03:50:40.000Z","volume":1000,"label":" ","price":19.2},{"type":"A","date":"2018-04-12T03:50:50.000Z","volume":1000,"label":" ","price":19.2},{"type":"A","date":"2018-04-12T03:51:04.000Z","volume":5000,"label":" ","price":19.2},{"type":"B","date":"2018-04-12T03:51:04.000Z","volume":2000,"label":"Y","price":19.2},{"type":"A","date":"2018-04-12T03:51:06.000Z","volume":1000,"label":" ","price":19.2},{"type":"A","date":"2018-04-12T03:51:11.000Z","volume":1000,"label":" ","price":19.22},{"type":"A","date":"2018-04-12T03:51:45.000Z","volume":3000,"label":" ","price":19.2},{"type":"A","date":"2018-04-12T03:51:48.000Z","volume":1000,"label":"Y","price":19.2},{"type":"A","date":"2018-04-12T03:52:21.000Z","volume":1000,"label":" ","price":19.2},{"type":"A","date":"2018-04-12T03:52:31.000Z","volume":2000,"label":" ","price":19.2},{"type":"A","date":"2018-04-12T03:53:31.000Z","volume":1000,"label":" ","price":19.22},{"type":"A","date":"2018-04-12T03:53:46.000Z","volume":3000,"label":" ","price":19.22},{"type":"A","date":"2018-04-12T03:53:52.000Z","volume":3000,"label":" ","price":19.22},{"type":"A","date":"2018-04-12T03:53:59.000Z","volume":3000,"label":" ","price":19.22},{"type":"A","date":"2018-04-12T03:54:05.000Z","volume":3000,"label":" ","price":19.22},{"type":"A","date":"2018-04-12T03:54:25.000Z","volume":3000,"label":" ","price":19.22},{"type":"A","date":"2018-04-12T03:54:41.000Z","volume":1000,"label":" ","price":19.22},{"type":"B","date":"2018-04-12T03:55:09.000Z","volume":8000,"label":" ","price":19.2},{"type":"A","date":"2018-04-12T03:55:09.000Z","volume":1000,"label":" ","price":19.2},{"type":"A","date":"2018-04-12T03:55:12.000Z","volume":1000,"label":" ","price":19.2},{"type":"A","date":"2018-04-12T03:55:52.000Z","volume":1000,"label":" ","price":19.22},{"type":"A","date":"2018-04-12T03:56:41.000Z","volume":4000,"label":" ","price":19.22},{"type":"A","date":"2018-04-12T03:56:42.000Z","volume":1000,"label":" ","price":19.24},{"type":"A","date":"2018-04-12T03:58:39.000Z","volume":16000,"label":" ","price":19.24},{"type":"A","date":"2018-04-12T03:58:40.000Z","volume":2000,"label":" ","price":19.26},{"type":"A","date":"2018-04-12T03:59:03.000Z","volume":7000,"label":" ","price":19.24},{"type":"A","date":"2018-04-12T03:59:03.000Z","volume":21000,"label":" ","price":19.26},{"type":"B","date":"2018-04-12T03:59:03.000Z","volume":2000,"label":" ","price":19.24},{"type":"A","date":"2018-04-12T03:59:03.000Z","volume":5000,"label":" ","price":19.26},{"type":"A","date":"2018-04-12T03:59:03.000Z","volume":1000,"label":" ","price":19.26},{"type":"A","date":"2018-04-12T03:59:03.000Z","volume":1000,"label":" ","price":19.26},{"type":"A","date":"2018-04-12T03:59:04.000Z","volume":2000,"label":" ","price":19.28},{"type":"A","date":"2018-04-12T03:59:09.000Z","volume":3000,"label":" ","price":19.28},{"type":"A","date":"2018-04-12T03:59:09.000Z","volume":1000,"label":" ","price":19.3},{"type":"U","date":"2018-04-12T03:59:14.000Z","volume":3000,"label":" ","price":19.28},{"type":"B","date":"2018-04-12T03:59:19.000Z","volume":1000,"label":" ","price":19.26},{"type":"B","date":"2018-04-12T03:59:19.000Z","volume":4000,"label":" ","price":19.26},{"type":"B","date":"2018-04-12T03:59:25.000Z","volume":2000,"label":" ","price":19.26},{"type":"A","date":"2018-04-12T03:59:33.000Z","volume":3000,"label":" ","price":19.28},{"type":"B","date":"2018-04-12T03:59:34.000Z","volume":1000,"label":" ","price":19.26},{"type":"A","date":"2018-04-12T03:59:34.000Z","volume":1000,"label":" ","price":19.28},{"type":"A","date":"2018-04-12T03:59:45.000Z","volume":2000,"label":" ","price":19.28},{"type":"A","date":"2018-04-12T03:59:45.000Z","volume":1000,"label":" ","price":19.28},{"type":"A","date":"2018-04-12T03:59:45.000Z","volume":1000,"label":" ","price":19.3},{"type":"B","date":"2018-04-12T03:59:55.000Z","volume":7000,"label":" ","price":19.28},{"type":"B","date":"2018-04-12T03:59:55.000Z","volume":19000,"label":" ","price":19.26},{"type":"B","date":"2018-04-12T03:59:55.000Z","volume":1000,"label":" ","price":19.26},{"type":"B","date":"2018-04-12T03:59:56.000Z","volume":1000,"label":"Y","price":19.24},{"type":"A","date":"2018-04-12T03:59:56.000Z","volume":1000,"label":" ","price":19.26},{"type":"B","date":"2018-04-12T03:59:58.000Z","volume":1000,"label":" ","price":19.24},{"type":"B","date":"2018-04-12T03:59:58.000Z","volume":1000,"label":"Y","price":19.24},{"type":"A","date":"2018-04-12T05:00:00.000Z","volume":1000,"label":" ","price":19.26},{"type":"B","date":"2018-04-12T05:00:00.000Z","volume":2000,"label":" ","price":19.24},{"type":"B","date":"2018-04-12T05:00:00.000Z","volume":1000,"label":" ","price":19.24},{"type":"A","date":"2018-04-12T05:00:00.000Z","volume":1000,"label":" ","price":19.26},{"type":"A","date":"2018-04-12T05:00:02.000Z","volume":2000,"label":" ","price":19.26},{"type":"A","date":"2018-04-12T05:00:08.000Z","volume":14000,"label":" ","price":19.26},{"type":"B","date":"2018-04-12T05:00:08.000Z","volume":1000,"label":" ","price":19.26},{"type":"A","date":"2018-04-12T05:00:08.000Z","volume":1000,"label":" ","price":19.26},{"type":"B","date":"2018-04-12T05:00:10.000Z","volume":1000,"label":" ","price":19.26},{"type":"A","date":"2018-04-12T05:00:12.000Z","volume":2000,"label":" ","price":19.28},{"type":"A","date":"2018-04-12T05:00:12.000Z","volume":1000,"label":" ","price":19.28},{"type":"B","date":"2018-04-12T05:00:12.000Z","volume":1000,"label":" ","price":19.26},{"type":"A","date":"2018-04-12T05:01:13.000Z","volume":2000,"label":" ","price":19.3},{"type":"B","date":"2018-04-12T05:01:13.000Z","volume":1000,"label":" ","price":19.28},{"type":"A","date":"2018-04-12T05:01:13.000Z","volume":1000,"label":"Y","price":19.28},{"type":"B","date":"2018-04-12T05:01:30.000Z","volume":10000,"label":" ","price":19.28},{"type":"B","date":"2018-04-12T05:01:30.000Z","volume":1000,"label":" ","price":19.28},{"type":"B","date":"2018-04-12T05:01:33.000Z","volume":2000,"label":" ","price":19.28},{"type":"A","date":"2018-04-12T05:01:33.000Z","volume":1000,"label":"Y","price":19.28},{"type":"A","date":"2018-04-12T05:01:53.000Z","volume":3000,"label":" ","price":19.28},{"type":"U","date":"2018-04-12T05:01:53.000Z","volume":1000,"label":"X","price":19.28},{"type":"A","date":"2018-04-12T05:01:53.000Z","volume":1000,"label":"Y","price":19.28},{"type":"A","date":"2018-04-12T05:01:53.000Z","volume":2000,"label":" ","price":19.28},{"type":"A","date":"2018-04-12T05:02:02.000Z","volume":2000,"label":" ","price":19.28},{"type":"A","date":"2018-04-12T05:02:02.000Z","volume":1000,"label":" ","price":19.28},{"type":"B","date":"2018-04-12T05:02:04.000Z","volume":1000,"label":" ","price":19.28},{"type":"A","date":"2018-04-12T05:02:18.000Z","volume":3000,"label":"Y","price":19.3},{"type":"A","date":"2018-04-12T05:02:18.000Z","volume":87000,"label":" ","price":19.3},{"type":"B","date":"2018-04-12T05:02:19.000Z","volume":4000,"label":" ","price":19.3},{"type":"A","date":"2018-04-12T05:02:19.000Z","volume":1000,"label":"Y","price":19.3},{"type":"B","date":"2018-04-12T05:02:19.000Z","volume":1000,"label":"Y","price":19.3},{"type":"A","date":"2018-04-12T05:02:19.000Z","volume":20000,"label":" ","price":19.32},{"type":"B","date":"2018-04-12T05:02:21.000Z","volume":1000,"label":"Y","price":19.3},{"type":"B","date":"2018-04-12T05:02:22.000Z","volume":1000,"label":"Y","price":19.3},{"type":"A","date":"2018-04-12T05:03:49.000Z","volume":4000,"label":" ","price":19.32},{"type":"B","date":"2018-04-12T05:03:49.000Z","volume":11000,"label":" ","price":19.3},{"type":"B","date":"2018-04-12T05:03:51.000Z","volume":3000,"label":"Y","price":19.3},{"type":"B","date":"2018-04-12T05:03:52.000Z","volume":1000,"label":"Y","price":19.3},{"type":"B","date":"2018-04-12T05:03:53.000Z","volume":12000,"label":" ","price":19.3},{"type":"B","date":"2018-04-12T05:03:53.000Z","volume":15000,"label":" ","price":19.3},{"type":"B","date":"2018-04-12T05:03:53.000Z","volume":1000,"label":" ","price":19.3},{"type":"B","date":"2018-04-12T05:03:53.000Z","volume":1000,"label":" ","price":19.3},{"type":"B","date":"2018-04-12T05:03:53.000Z","volume":5000,"label":" ","price":19.3},{"type":"B","date":"2018-04-12T05:03:53.000Z","volume":4000,"label":"Y","price":19.3},{"type":"A","date":"2018-04-12T05:03:55.000Z","volume":2000,"label":" ","price":19.3},{"type":"A","date":"2018-04-12T05:03:55.000Z","volume":1000,"label":"Y","price":19.3},{"type":"A","date":"2018-04-12T05:04:01.000Z","volume":1000,"label":" ","price":19.3},{"type":"A","date":"2018-04-12T05:04:07.000Z","volume":3000,"label":" ","price":19.3},{"type":"A","date":"2018-04-12T05:04:07.000Z","volume":3000,"label":" ","price":19.3},{"type":"B","date":"2018-04-12T05:04:07.000Z","volume":1000,"label":"Y","price":19.3},{"type":"B","date":"2018-04-12T05:06:06.000Z","volume":1000,"label":" ","price":19.3},{"type":"B","date":"2018-04-12T05:06:08.000Z","volume":1000,"label":" ","price":19.3},{"type":"B","date":"2018-04-12T05:08:08.000Z","volume":1000,"label":" ","price":19.3},{"type":"B","date":"2018-04-12T05:08:09.000Z","volume":1000,"label":" ","price":19.3},{"type":"B","date":"2018-04-12T05:09:40.000Z","volume":1000,"label":" ","price":19.3},{"type":"B","date":"2018-04-12T05:10:15.000Z","volume":1000,"label":" ","price":19.3},{"type":"B","date":"2018-04-12T05:10:17.000Z","volume":1000,"label":" ","price":19.3},{"type":"A","date":"2018-04-12T05:10:22.000Z","volume":17000,"label":" ","price":19.32},{"type":"B","date":"2018-04-12T05:10:25.000Z","volume":1000,"label":" ","price":19.3},{"type":"B","date":"2018-04-12T05:11:00.000Z","volume":1000,"label":" ","price":19.3},{"type":"B","date":"2018-04-12T05:11:00.000Z","volume":1000,"label":"Y","price":19.3},{"type":"B","date":"2018-04-12T05:11:01.000Z","volume":1000,"label":"Y","price":19.3},{"type":"B","date":"2018-04-12T05:11:03.000Z","volume":3000,"label":" ","price":19.3},{"type":"A","date":"2018-04-12T05:11:05.000Z","volume":1000,"label":" ","price":19.32},{"type":"B","date":"2018-04-12T05:11:06.000Z","volume":1000,"label":"Y","price":19.3},{"type":"B","date":"2018-04-12T05:11:15.000Z","volume":3000,"label":" ","price":19.3},{"type":"B","date":"2018-04-12T05:11:17.000Z","volume":1000,"label":" ","price":19.3},{"type":"A","date":"2018-04-12T05:11:39.000Z","volume":1000,"label":"Y","price":19.32},{"type":"A","date":"2018-04-12T05:11:39.000Z","volume":223000,"label":" ","price":19.32},{"type":"A","date":"2018-04-12T05:11:39.000Z","volume":19000,"label":" ","price":19.32},{"type":"U","date":"2018-04-12T05:11:39.000Z","volume":9000,"label":" ","price":19.32},{"type":"A","date":"2018-04-12T05:11:39.000Z","volume":45000,"label":" ","price":19.34},{"type":"A","date":"2018-04-12T05:11:39.000Z","volume":6000,"label":" ","price":19.36},{"type":"U","date":"2018-04-12T05:11:39.000Z","volume":37000,"label":" ","price":19.36},{"type":"B","date":"2018-04-12T05:11:40.000Z","volume":2000,"label":"Y","price":19.32},{"type":"B","date":"2018-04-12T05:11:40.000Z","volume":2000,"label":"Y","price":19.34},{"type":"A","date":"2018-04-12T05:12:24.000Z","volume":2000,"label":" ","price":19.38},{"type":"A","date":"2018-04-12T05:13:05.000Z","volume":2000,"label":" ","price":19.4},{"type":"B","date":"2018-04-12T05:13:25.000Z","volume":7000,"label":" ","price":19.38},{"type":"B","date":"2018-04-12T05:13:25.000Z","volume":30000,"label":" ","price":19.38},{"type":"B","date":"2018-04-12T05:13:25.000Z","volume":1000,"label":" ","price":19.36},{"type":"A","date":"2018-04-12T05:13:25.000Z","volume":2000,"label":" ","price":19.38},{"type":"A","date":"2018-04-12T05:13:43.000Z","volume":5000,"label":" ","price":19.38},{"type":"B","date":"2018-04-12T05:13:45.000Z","volume":1000,"label":" ","price":19.36},{"type":"A","date":"2018-04-12T05:14:12.000Z","volume":3000,"label":" ","price":19.38},{"type":"A","date":"2018-04-12T05:14:20.000Z","volume":2000,"label":"Y","price":19.4},{"type":"A","date":"2018-04-12T05:14:20.000Z","volume":1000,"label":" ","price":19.4},{"type":"A","date":"2018-04-12T05:14:22.000Z","volume":3000,"label":" ","price":19.4},{"type":"U","date":"2018-04-12T05:14:23.000Z","volume":1000,"label":" ","price":19.38},{"type":"B","date":"2018-04-12T05:14:24.000Z","volume":3000,"label":" ","price":19.38},{"type":"B","date":"2018-04-12T05:14:25.000Z","volume":19000,"label":" ","price":19.36},{"type":"A","date":"2018-04-12T05:14:25.000Z","volume":1000,"label":" ","price":19.36},{"type":"A","date":"2018-04-12T05:14:25.000Z","volume":1000,"label":" ","price":19.36},{"type":"A","date":"2018-04-12T05:14:29.000Z","volume":3000,"label":" ","price":19.38},{"type":"A","date":"2018-04-12T05:14:35.000Z","volume":3000,"label":" ","price":19.38},{"type":"A","date":"2018-04-12T05:14:45.000Z","volume":3000,"label":" ","price":19.38},{"type":"A","date":"2018-04-12T05:14:50.000Z","volume":3000,"label":" ","price":19.38},{"type":"A","date":"2018-04-12T05:14:55.000Z","volume":3000,"label":" ","price":19.38},{"type":"A","date":"2018-04-12T05:14:57.000Z","volume":3000,"label":" ","price":19.38},{"type":"A","date":"2018-04-12T05:14:57.000Z","volume":12000,"label":" ","price":19.38},{"type":"U","date":"2018-04-12T05:15:01.000Z","volume":3000,"label":" ","price":19.38},{"type":"U","date":"2018-04-12T05:15:06.000Z","volume":3000,"label":" ","price":19.38},{"type":"B","date":"2018-04-12T05:15:06.000Z","volume":4000,"label":" ","price":19.36},{"type":"B","date":"2018-04-12T05:15:07.000Z","volume":1000,"label":" ","price":19.36},{"type":"B","date":"2018-04-12T05:15:15.000Z","volume":3000,"label":" ","price":19.36},{"type":"A","date":"2018-04-12T05:15:29.000Z","volume":3000,"label":" ","price":19.38},{"type":"A","date":"2018-04-12T05:15:35.000Z","volume":3000,"label":" ","price":19.38},{"type":"A","date":"2018-04-12T05:15:41.000Z","volume":3000,"label":" ","price":19.38},{"type":"A","date":"2018-04-12T05:15:47.000Z","volume":3000,"label":" ","price":19.38},{"type":"B","date":"2018-04-12T05:15:48.000Z","volume":1000,"label":" ","price":19.36},{"type":"A","date":"2018-04-12T05:17:03.000Z","volume":1000,"label":" ","price":19.38},{"type":"A","date":"2018-04-12T05:17:21.000Z","volume":1000,"label":" ","price":19.38},{"type":"B","date":"2018-04-12T05:17:44.000Z","volume":3000,"label":" ","price":19.36},{"type":"B","date":"2018-04-12T05:17:45.000Z","volume":1000,"label":" ","price":19.36},{"type":"B","date":"2018-04-12T05:17:46.000Z","volume":1000,"label":" ","price":19.36},{"type":"B","date":"2018-04-12T05:17:50.000Z","volume":1000,"label":"Y","price":19.36},{"type":"A","date":"2018-04-12T05:17:57.000Z","volume":19000,"label":" ","price":19.38},{"type":"B","date":"2018-04-12T05:17:57.000Z","volume":1000,"label":" ","price":19.38},{"type":"A","date":"2018-04-12T05:18:01.000Z","volume":3000,"label":" ","price":19.38},{"type":"B","date":"2018-04-12T05:18:01.000Z","volume":2000,"label":" ","price":19.38},{"type":"B","date":"2018-04-12T05:18:08.000Z","volume":10000,"label":" ","price":19.38},{"type":"A","date":"2018-04-12T05:18:39.000Z","volume":13000,"label":" ","price":19.38},{"type":"B","date":"2018-04-12T05:18:41.000Z","volume":3000,"label":" ","price":19.38},{"type":"U","date":"2018-04-12T05:18:41.000Z","volume":1000,"label":" ","price":19.38},{"type":"A","date":"2018-04-12T05:19:21.000Z","volume":1000,"label":" ","price":19.38},{"type":"U","date":"2018-04-12T05:20:03.000Z","volume":3000,"label":" ","price":19.38},{"type":"A","date":"2018-04-12T05:20:12.000Z","volume":3000,"label":" ","price":19.38},{"type":"A","date":"2018-04-12T05:21:23.000Z","volume":3000,"label":" ","price":19.4},{"type":"A","date":"2018-04-12T05:21:35.000Z","volume":3000,"label":" ","price":19.4},{"type":"B","date":"2018-04-12T05:21:35.000Z","volume":7000,"label":" ","price":19.38},{"type":"A","date":"2018-04-12T05:21:37.000Z","volume":1000,"label":" ","price":19.4},{"type":"B","date":"2018-04-12T05:21:37.000Z","volume":3000,"label":" ","price":19.38},{"type":"B","date":"2018-04-12T05:21:38.000Z","volume":3000,"label":" ","price":19.38},{"type":"B","date":"2018-04-12T05:21:38.000Z","volume":1000,"label":" ","price":19.38},{"type":"B","date":"2018-04-12T05:21:39.000Z","volume":1000,"label":" ","price":19.38},{"type":"A","date":"2018-04-12T05:21:53.000Z","volume":9000,"label":" ","price":19.4},{"type":"B","date":"2018-04-12T05:21:53.000Z","volume":1000,"label":" ","price":19.4},{"type":"B","date":"2018-04-12T05:21:53.000Z","volume":5000,"label":" ","price":19.4},{"type":"A","date":"2018-04-12T05:22:08.000Z","volume":1000,"label":"Y","price":19.42},{"type":"A","date":"2018-04-12T05:22:08.000Z","volume":9000,"label":" ","price":19.42},{"type":"A","date":"2018-04-12T05:22:08.000Z","volume":11000,"label":"Y","price":19.44},{"type":"A","date":"2018-04-12T05:22:08.000Z","volume":4000,"label":" ","price":19.44},{"type":"B","date":"2018-04-12T05:22:08.000Z","volume":3000,"label":" ","price":19.44},{"type":"B","date":"2018-04-12T05:22:08.000Z","volume":18000,"label":" ","price":19.44},{"type":"B","date":"2018-04-12T05:22:11.000Z","volume":6000,"label":" ","price":19.42},{"type":"B","date":"2018-04-12T05:22:19.000Z","volume":4000,"label":" ","price":19.4},{"type":"B","date":"2018-04-12T05:22:19.000Z","volume":15000,"label":" ","price":19.4},{"type":"A","date":"2018-04-12T05:22:19.000Z","volume":1000,"label":" ","price":19.42},{"type":"B","date":"2018-04-12T05:22:21.000Z","volume":1000,"label":"Y","price":19.4},{"type":"A","date":"2018-04-12T05:23:33.000Z","volume":12000,"label":" ","price":19.42},{"type":"B","date":"2018-04-12T05:23:33.000Z","volume":6000,"label":" ","price":19.42},{"type":"B","date":"2018-04-12T05:23:34.000Z","volume":2000,"label":" ","price":19.42},{"type":"B","date":"2018-04-12T05:23:40.000Z","volume":16000,"label":" ","price":19.44},{"type":"B","date":"2018-04-12T05:23:40.000Z","volume":1000,"label":" ","price":19.42},{"type":"A","date":"2018-04-12T05:23:48.000Z","volume":5000,"label":" ","price":19.44},{"type":"B","date":"2018-04-12T05:23:52.000Z","volume":2000,"label":" ","price":19.42},{"type":"A","date":"2018-04-12T05:24:03.000Z","volume":1000,"label":"Y","price":19.44},{"type":"A","date":"2018-04-12T05:24:03.000Z","volume":1000,"label":" ","price":19.44},{"type":"B","date":"2018-04-12T05:24:03.000Z","volume":1000,"label":" ","price":19.42},{"type":"A","date":"2018-04-12T05:27:06.000Z","volume":2000,"label":" ","price":19.44},{"type":"A","date":"2018-04-12T05:27:06.000Z","volume":1000,"label":" ","price":19.44},{"type":"B","date":"2018-04-12T05:27:09.000Z","volume":7000,"label":" ","price":19.42},{"type":"B","date":"2018-04-12T05:27:11.000Z","volume":2000,"label":" ","price":19.42},{"type":"A","date":"2018-04-12T05:27:11.000Z","volume":1000,"label":" ","price":19.46},{"type":"B","date":"2018-04-12T05:27:13.000Z","volume":1000,"label":" ","price":19.42},{"type":"A","date":"2018-04-12T05:28:16.000Z","volume":8000,"label":" ","price":19.46},{"type":"B","date":"2018-04-12T05:28:16.000Z","volume":1000,"label":"Y","price":19.44},{"type":"A","date":"2018-04-12T05:28:26.000Z","volume":5000,"label":" ","price":19.46},{"type":"A","date":"2018-04-12T05:29:13.000Z","volume":1000,"label":" ","price":19.46},{"type":"B","date":"2018-04-12T05:29:33.000Z","volume":2000,"label":" ","price":19.44},{"type":"B","date":"2018-04-12T05:29:36.000Z","volume":1000,"label":" ","price":19.44},{"type":"A","date":"2018-04-12T05:29:43.000Z","volume":18000,"label":" ","price":19.46},{"type":"A","date":"2018-04-12T05:29:43.000Z","volume":19000,"label":" ","price":19.48},{"type":"A","date":"2018-04-12T05:29:43.000Z","volume":1000,"label":"Y","price":19.46},{"type":"A","date":"2018-04-12T05:29:43.000Z","volume":1000,"label":"Y","price":19.46},{"type":"A","date":"2018-04-12T05:29:44.000Z","volume":2000,"label":" ","price":19.48},{"type":"B","date":"2018-04-12T05:29:47.000Z","volume":6000,"label":" ","price":19.44},{"type":"B","date":"2018-04-12T05:29:47.000Z","volume":1000,"label":" ","price":19.46},{"type":"B","date":"2018-04-12T05:29:47.000Z","volume":6000,"label":" ","price":19.46},{"type":"B","date":"2018-04-12T05:29:47.000Z","volume":8000,"label":" ","price":19.46},{"type":"B","date":"2018-04-12T05:29:47.000Z","volume":7000,"label":" ","price":19.46},{"type":"B","date":"2018-04-12T05:29:47.000Z","volume":1000,"label":"Y","price":19.44},{"type":"B","date":"2018-04-12T05:29:51.000Z","volume":4000,"label":" ","price":19.44},{"type":"B","date":"2018-04-12T05:29:51.000Z","volume":1000,"label":"Y","price":19.44},{"type":"B","date":"2018-04-12T05:29:51.000Z","volume":30000,"label":" ","price":19.44},{"type":"B","date":"2018-04-12T05:29:51.000Z","volume":20000,"label":" ","price":19.42},{"type":"B","date":"2018-04-12T05:29:53.000Z","volume":27000,"label":" ","price":19.4},{"type":"B","date":"2018-04-12T05:29:53.000Z","volume":12000,"label":" ","price":19.38},{"type":"B","date":"2018-04-12T05:29:54.000Z","volume":2000,"label":" ","price":19.36},{"type":"B","date":"2018-04-12T05:29:55.000Z","volume":4000,"label":" ","price":19.34},{"type":"U","date":"2018-04-12T05:29:55.000Z","volume":4000,"label":" ","price":19.22},{"type":"B","date":"2018-04-12T05:29:55.000Z","volume":1000,"label":" ","price":19.2},{"type":"B","date":"2018-04-12T05:29:55.000Z","volume":3000,"label":" ","price":19.18},{"type":"A","date":"2018-04-12T05:29:55.000Z","volume":5000,"label":"Y","price":19.34},{"type":"A","date":"2018-04-12T05:29:55.000Z","volume":1000,"label":" ","price":19.34},{"type":"A","date":"2018-04-12T05:29:57.000Z","volume":1000,"label":" ","price":19.36},{"type":"B","date":"2018-04-12T05:29:58.000Z","volume":3000,"label":" ","price":19.34},{"type":"B","date":"2018-04-12T05:29:58.000Z","volume":1000,"label":"Y","price":19.34},{"type":"B","date":"2018-04-12T05:29:58.000Z","volume":1000,"label":" ","price":19.34},{"type":"U","date":"2018-04-12T05:30:00.000Z","volume":1000,"label":" ","price":19.34},{"type":"A","date":"2018-04-12T05:30:01.000Z","volume":10000,"label":" ","price":19.36},{"type":"A","date":"2018-04-12T05:30:02.000Z","volume":2000,"label":" ","price":19.36},{"type":"A","date":"2018-04-12T05:30:02.000Z","volume":11000,"label":" ","price":19.36},{"type":"A","date":"2018-04-12T05:30:05.000Z","volume":1000,"label":" ","price":19.36},{"type":"B","date":"2018-04-12T05:30:05.000Z","volume":1000,"label":" ","price":19.32},{"type":"A","date":"2018-04-12T05:30:26.000Z","volume":10000,"label":" ","price":19.38},{"type":"B","date":"2018-04-12T05:30:26.000Z","volume":1000,"label":"Y","price":19.38},{"type":"B","date":"2018-04-12T05:30:39.000Z","volume":2000,"label":" ","price":19.32},{"type":"B","date":"2018-04-12T05:30:39.000Z","volume":1000,"label":"Y","price":19.32},{"type":"A","date":"2018-04-12T05:31:11.000Z","volume":1000,"label":" ","price":19.38},{"type":"B","date":"2018-04-12T05:31:45.000Z","volume":2000,"label":" ","price":19.32},{"type":"B","date":"2018-04-12T05:31:45.000Z","volume":1000,"label":"Y","price":19.32},{"type":"A","date":"2018-04-12T05:31:45.000Z","volume":7000,"label":" ","price":19.38},{"type":"B","date":"2018-04-12T05:31:45.000Z","volume":1000,"label":" ","price":19.38},{"type":"B","date":"2018-04-12T05:31:45.000Z","volume":3000,"label":" ","price":19.38},{"type":"B","date":"2018-04-12T05:31:45.000Z","volume":1000,"label":" ","price":19.38},{"type":"A","date":"2018-04-12T05:31:47.000Z","volume":2000,"label":" ","price":19.36},{"type":"A","date":"2018-04-12T05:32:45.000Z","volume":1000,"label":" ","price":19.38},{"type":"B","date":"2018-04-12T05:32:51.000Z","volume":2000,"label":" ","price":19.34},{"type":"B","date":"2018-04-12T05:32:54.000Z","volume":1000,"label":" ","price":19.34},{"type":"B","date":"2018-04-12T05:33:35.000Z","volume":1000,"label":" ","price":19.34},{"type":"B","date":"2018-04-12T05:33:37.000Z","volume":1000,"label":" ","price":19.34},{"type":"B","date":"2018-04-12T05:33:48.000Z","volume":1000,"label":" ","price":19.34},{"type":"B","date":"2018-04-12T05:33:48.000Z","volume":1000,"label":" ","price":19.34},{"type":"B","date":"2018-04-12T05:33:57.000Z","volume":2000,"label":" ","price":19.34},{"type":"B","date":"2018-04-12T05:33:59.000Z","volume":1000,"label":" ","price":19.34},{"type":"B","date":"2018-04-12T05:35:03.000Z","volume":2000,"label":" ","price":19.34},{"type":"B","date":"2018-04-12T05:35:05.000Z","volume":1000,"label":" ","price":19.34},{"type":"B","date":"2018-04-12T05:36:09.000Z","volume":2000,"label":" ","price":19.34},{"type":"B","date":"2018-04-12T05:36:12.000Z","volume":1000,"label":" ","price":19.34},{"type":"B","date":"2018-04-12T05:36:15.000Z","volume":1000,"label":" ","price":19.34},{"type":"B","date":"2018-04-12T05:36:48.000Z","volume":2000,"label":" ","price":19.34},{"type":"B","date":"2018-04-12T05:36:49.000Z","volume":1000,"label":" ","price":19.34},{"type":"B","date":"2018-04-12T05:37:05.000Z","volume":1000,"label":" ","price":19.34},{"type":"B","date":"2018-04-12T05:37:05.000Z","volume":1000,"label":" ","price":19.34},{"type":"B","date":"2018-04-12T05:37:15.000Z","volume":2000,"label":" ","price":19.34},{"type":"B","date":"2018-04-12T05:37:16.000Z","volume":1000,"label":" ","price":19.34},{"type":"A","date":"2018-04-12T05:37:16.000Z","volume":1000,"label":" ","price":19.38},{"type":"A","date":"2018-04-12T05:37:16.000Z","volume":1000,"label":" ","price":19.38},{"type":"A","date":"2018-04-12T05:37:43.000Z","volume":10000,"label":" ","price":19.38},{"type":"U","date":"2018-04-12T05:38:16.000Z","volume":1000,"label":" ","price":19.38},{"type":"B","date":"2018-04-12T05:38:17.000Z","volume":3000,"label":" ","price":19.36},{"type":"B","date":"2018-04-12T05:38:17.000Z","volume":1000,"label":" ","price":19.36},{"type":"B","date":"2018-04-12T05:38:18.000Z","volume":19000,"label":" ","price":19.36},{"type":"B","date":"2018-04-12T05:38:22.000Z","volume":18000,"label":" ","price":19.34},{"type":"A","date":"2018-04-12T05:38:22.000Z","volume":1000,"label":" ","price":19.36},{"type":"A","date":"2018-04-12T05:38:28.000Z","volume":18000,"label":" ","price":19.36},{"type":"B","date":"2018-04-12T05:38:40.000Z","volume":6000,"label":" ","price":19.32},{"type":"A","date":"2018-04-12T05:38:42.000Z","volume":1000,"label":"Y","price":19.34},{"type":"A","date":"2018-04-12T05:38:42.000Z","volume":9000,"label":" ","price":19.34},{"type":"B","date":"2018-04-12T05:38:42.000Z","volume":1000,"label":"Y","price":19.32},{"type":"B","date":"2018-04-12T05:38:42.000Z","volume":1000,"label":" ","price":19.32},{"type":"B","date":"2018-04-12T05:38:42.000Z","volume":1000,"label":" ","price":19.32},{"type":"A","date":"2018-04-12T05:39:16.000Z","volume":8000,"label":" ","price":19.36},{"type":"B","date":"2018-04-12T05:39:17.000Z","volume":1000,"label":" ","price":19.34},{"type":"B","date":"2018-04-12T05:39:27.000Z","volume":2000,"label":" ","price":19.34},{"type":"B","date":"2018-04-12T05:39:30.000Z","volume":1000,"label":" ","price":19.34},{"type":"A","date":"2018-04-12T05:39:41.000Z","volume":13000,"label":" ","price":19.38},{"type":"A","date":"2018-04-12T05:39:42.000Z","volume":1000,"label":"Y","price":19.38},{"type":"A","date":"2018-04-12T05:39:44.000Z","volume":1000,"label":" ","price":19.36},{"type":"A","date":"2018-04-12T05:39:45.000Z","volume":1000,"label":" ","price":19.36},{"type":"A","date":"2018-04-12T05:40:01.000Z","volume":1000,"label":" ","price":19.38},{"type":"A","date":"2018-04-12T05:40:11.000Z","volume":5000,"label":" ","price":19.36},{"type":"A","date":"2018-04-12T05:40:11.000Z","volume":1000,"label":" ","price":19.36},{"type":"A","date":"2018-04-12T05:40:19.000Z","volume":1000,"label":" ","price":19.36},{"type":"B","date":"2018-04-12T05:40:33.000Z","volume":2000,"label":" ","price":19.34},{"type":"B","date":"2018-04-12T05:40:35.000Z","volume":1000,"label":" ","price":19.34},{"type":"B","date":"2018-04-12T05:40:36.000Z","volume":1000,"label":" ","price":19.34},{"type":"A","date":"2018-04-12T05:41:18.000Z","volume":10000,"label":" ","price":19.38},{"type":"A","date":"2018-04-12T05:41:20.000Z","volume":2000,"label":" ","price":19.36},{"type":"A","date":"2018-04-12T05:41:22.000Z","volume":1000,"label":"Y","price":19.38},{"type":"B","date":"2018-04-12T05:41:32.000Z","volume":1000,"label":" ","price":19.36},{"type":"A","date":"2018-04-12T05:41:33.000Z","volume":2000,"label":" ","price":19.38},{"type":"A","date":"2018-04-12T05:41:37.000Z","volume":1000,"label":" ","price":19.36},{"type":"A","date":"2018-04-12T05:41:37.000Z","volume":1000,"label":"Y","price":19.4},{"type":"B","date":"2018-04-12T05:41:39.000Z","volume":2000,"label":" ","price":19.34},{"type":"B","date":"2018-04-12T05:41:42.000Z","volume":1000,"label":"Y","price":19.34},{"type":"B","date":"2018-04-12T05:42:45.000Z","volume":2000,"label":" ","price":19.34},{"type":"B","date":"2018-04-12T05:42:49.000Z","volume":1000,"label":" ","price":19.34},{"type":"B","date":"2018-04-12T05:43:51.000Z","volume":2000,"label":" ","price":19.34},{"type":"B","date":"2018-04-12T05:43:54.000Z","volume":1000,"label":"Y","price":19.34},{"type":"A","date":"2018-04-12T05:43:58.000Z","volume":1000,"label":" ","price":19.38},{"type":"A","date":"2018-04-12T05:44:00.000Z","volume":2000,"label":" ","price":19.38},{"type":"B","date":"2018-04-12T05:44:05.000Z","volume":1000,"label":" ","price":19.34},{"type":"B","date":"2018-04-12T05:44:09.000Z","volume":1000,"label":"Y","price":19.34},{"type":"A","date":"2018-04-12T05:44:52.000Z","volume":10000,"label":" ","price":19.38},{"type":"A","date":"2018-04-12T05:44:52.000Z","volume":1000,"label":" ","price":19.38},{"type":"A","date":"2018-04-12T05:44:54.000Z","volume":1000,"label":" ","price":19.36},{"type":"B","date":"2018-04-12T05:44:57.000Z","volume":2000,"label":" ","price":19.34},{"type":"B","date":"2018-04-12T05:45:00.000Z","volume":1000,"label":" ","price":19.34},{"type":"B","date":"2018-04-12T05:45:01.000Z","volume":26000,"label":" ","price":19.34},{"type":"A","date":"2018-04-12T05:45:02.000Z","volume":1000,"label":" ","price":19.34},{"type":"B","date":"2018-04-12T05:45:15.000Z","volume":8000,"label":" ","price":19.32},{"type":"B","date":"2018-04-12T05:45:15.000Z","volume":3000,"label":" ","price":19.32},{"type":"B","date":"2018-04-12T05:45:20.000Z","volume":7000,"label":" ","price":19.3},{"type":"B","date":"2018-04-12T05:45:20.000Z","volume":8000,"label":" ","price":19.3},{"type":"B","date":"2018-04-12T05:45:20.000Z","volume":1000,"label":" ","price":19.28},{"type":"B","date":"2018-04-12T05:45:20.000Z","volume":18000,"label":" ","price":19.28},{"type":"B","date":"2018-04-12T05:45:21.000Z","volume":3000,"label":" ","price":19.22},{"type":"U","date":"2018-04-12T05:46:00.000Z","volume":8000,"label":" ","price":19.2},{"type":"B","date":"2018-04-12T05:46:03.000Z","volume":2000,"label":" ","price":19.14},{"type":"B","date":"2018-04-12T05:46:04.000Z","volume":1000,"label":" ","price":19.14},{"type":"A","date":"2018-04-12T05:46:04.000Z","volume":8000,"label":" ","price":19.22},{"type":"A","date":"2018-04-12T05:46:14.000Z","volume":4000,"label":" ","price":19.24},{"type":"A","date":"2018-04-12T05:46:18.000Z","volume":1000,"label":" ","price":19.26},{"type":"A","date":"2018-04-12T05:46:20.000Z","volume":1000,"label":" ","price":19.24},{"type":"A","date":"2018-04-12T05:46:20.000Z","volume":13000,"label":" ","price":19.26},{"type":"U","date":"2018-04-12T05:46:20.000Z","volume":2000,"label":" ","price":19.26},{"type":"A","date":"2018-04-12T05:46:21.000Z","volume":2000,"label":"Y","price":19.28},{"type":"A","date":"2018-04-12T05:46:21.000Z","volume":2000,"label":" ","price":19.28},{"type":"A","date":"2018-04-12T05:46:41.000Z","volume":3000,"label":" ","price":19.28},{"type":"A","date":"2018-04-12T05:46:41.000Z","volume":1000,"label":" ","price":19.3},{"type":"A","date":"2018-04-12T05:46:41.000Z","volume":1000,"label":" ","price":19.3},{"type":"A","date":"2018-04-12T05:46:58.000Z","volume":5000,"label":" ","price":19.3},{"type":"B","date":"2018-04-12T05:46:58.000Z","volume":5000,"label":" ","price":19.3},{"type":"B","date":"2018-04-12T05:46:58.000Z","volume":1000,"label":" ","price":19.3},{"type":"A","date":"2018-04-12T05:46:58.000Z","volume":1000,"label":"Y","price":19.3},{"type":"B","date":"2018-04-12T05:46:59.000Z","volume":1000,"label":"Y","price":19.3},{"type":"A","date":"2018-04-12T05:46:59.000Z","volume":1000,"label":" ","price":19.32},{"type":"B","date":"2018-04-12T05:47:09.000Z","volume":2000,"label":" ","price":19.22},{"type":"B","date":"2018-04-12T05:47:09.000Z","volume":1000,"label":" ","price":19.22},{"type":"B","date":"2018-04-12T05:47:35.000Z","volume":1000,"label":" ","price":19.26},{"type":"A","date":"2018-04-12T05:47:37.000Z","volume":4000,"label":" ","price":19.28},{"type":"A","date":"2018-04-12T05:47:37.000Z","volume":1000,"label":" ","price":19.3},{"type":"B","date":"2018-04-12T05:48:15.000Z","volume":2000,"label":" ","price":19.26},{"type":"A","date":"2018-04-12T05:48:18.000Z","volume":1000,"label":" ","price":19.3},{"type":"B","date":"2018-04-12T05:48:19.000Z","volume":1000,"label":" ","price":19.26},{"type":"B","date":"2018-04-12T05:48:35.000Z","volume":2000,"label":" ","price":19.26},{"type":"B","date":"2018-04-12T05:48:35.000Z","volume":1000,"label":"Y","price":19.26},{"type":"B","date":"2018-04-12T05:49:21.000Z","volume":2000,"label":" ","price":19.26},{"type":"B","date":"2018-04-12T05:49:21.000Z","volume":3000,"label":" ","price":19.26},{"type":"B","date":"2018-04-12T05:50:27.000Z","volume":2000,"label":" ","price":19.22},{"type":"B","date":"2018-04-12T05:50:30.000Z","volume":1000,"label":" ","price":19.22},{"type":"B","date":"2018-04-12T05:50:45.000Z","volume":6000,"label":" ","price":19.22},{"type":"A","date":"2018-04-12T05:50:45.000Z","volume":1000,"label":" ","price":19.22},{"type":"B","date":"2018-04-12T05:51:05.000Z","volume":1000,"label":" ","price":19.2},{"type":"B","date":"2018-04-12T05:51:08.000Z","volume":3000,"label":" ","price":19.2},{"type":"B","date":"2018-04-12T05:51:33.000Z","volume":2000,"label":" ","price":19.18},{"type":"B","date":"2018-04-12T05:51:33.000Z","volume":2000,"label":" ","price":19.18},{"type":"A","date":"2018-04-12T05:51:34.000Z","volume":2000,"label":" ","price":19.2},{"type":"B","date":"2018-04-12T05:51:34.000Z","volume":1000,"label":"Y","price":19.18},{"type":"A","date":"2018-04-12T05:51:35.000Z","volume":2000,"label":"Y","price":19.2},{"type":"A","date":"2018-04-12T05:51:35.000Z","volume":16000,"label":" ","price":19.2},{"type":"U","date":"2018-04-12T05:51:35.000Z","volume":4000,"label":" ","price":19.2},{"type":"A","date":"2018-04-12T05:51:36.000Z","volume":1000,"label":"Y","price":19.22},{"type":"A","date":"2018-04-12T05:51:36.000Z","volume":3000,"label":" ","price":19.22},{"type":"A","date":"2018-04-12T05:51:38.000Z","volume":5000,"label":" ","price":19.22}