[{"type":"A","date":"2018-03-13T07:40:39.000Z","volume":100000,"price":0.8,"category":"ubbull"},{"type":"A","date":"2018-03-13T02:39:20.000Z","volume":100000,"price":0.81,"category":"ubbull"},{"type":"A","date":"2018-03-13T02:16:57.000Z","volume":112000,"price":0.8,"category":"ubbull"},{"type":"A","date":"2018-03-13T02:16:57.000Z","volume":100000,"price":0.8,"category":"ubbull"},{"type":"A","date":"2018-03-13T02:12:29.000Z","volume":110000,"price":0.79,"category":"ubbull"},{"type":"A","date":"2018-03-13T02:12:11.000Z","volume":300000,"price":0.79,"category":"ubbull"},{"type":"A","date":"2018-03-13T02:10:15.000Z","volume":56000,"price":0.78,"category":"ubbull"},{"type":"A","date":"2018-03-13T02:18:01.000Z","volume":10000,"price":0.82,"category":"bbull"},{"type":"A","date":"2018-03-13T02:17:07.000Z","volume":19000,"price":0.81,"category":"bbull"},{"type":"A","date":"2018-03-13T02:17:01.000Z","volume":38000,"price":0.8,"category":"bbull"},{"type":"A","date":"2018-03-13T02:12:11.000Z","volume":22000,"price":0.79,"category":"bbull"},{"type":"A","date":"2018-03-13T07:59:28.000Z","volume":1000,"price":0.8,"category":"rbull"},{"type":"A","date":"2018-03-13T07:59:15.000Z","volume":1000,"price":0.8,"category":"rbull"},{"type":"A","date":"2018-03-13T07:59:01.000Z","volume":1000,"price":0.8,"category":"rbull"},{"type":"A","date":"2018-03-13T07:58:59.000Z","volume":1000,"price":0.8,"category":"rbull"},{"type":"A","date":"2018-03-13T07:58:44.000Z","volume":1000,"price":0.8,"category":"rbull"},{"type":"A","date":"2018-03-13T07:58:25.000Z","volume":1000,"price":0.8,"category":"rbull"},{"type":"A","date":"2018-03-13T07:58:10.000Z","volume":1000,"price":0.8,"category":"rbull"},{"type":"A","date":"2018-03-13T07:57:55.000Z","volume":1000,"price":0.8,"category":"rbull"},{"type":"A","date":"2018-03-13T07:57:39.000Z","volume":1000,"price":0.8,"category":"rbull"},{"type":"A","date":"2018-03-13T07:57:15.000Z","volume":1000,"price":0.8,"category":"rbull"},{"type":"A","date":"2018-03-13T07:57:00.000Z","volume":1000,"price":0.8,"category":"rbull"},{"type":"A","date":"2018-03-13T07:49:53.000Z","volume":1000,"price":0.8,"category":"rbull"},{"type":"A","date":"2018-03-13T07:49:38.000Z","volume":1000,"price":0.8,"category":"rbull"},{"type":"A","date":"2018-03-13T07:49:23.000Z","volume":1000,"price":0.8,"category":"rbull"},{"type":"A","date":"2018-03-13T07:49:00.000Z","volume":1000,"price":0.8,"category":"rbull"},{"type":"A","date":"2018-03-13T07:48:47.000Z","volume":1000,"price":0.8,"category":"rbull"},{"type":"A","date":"2018-03-13T07:48:45.000Z","volume":1000,"price":0.8,"category":"rbull"},{"type":"A","date":"2018-03-13T07:48:22.000Z","volume":1000,"price":0.8,"category":"rbull"},{"type":"A","date":"2018-03-13T07:47:52.000Z","volume":1000,"price":0.8,"category":"rbull"},{"type":"A","date":"2018-03-13T07:47:46.000Z","volume":1000,"price":0.8,"category":"rbull"},{"type":"A","date":"2018-03-13T07:47:27.000Z","volume":1000,"price":0.8,"category":"rbull"},{"type":"A","date":"2018-03-13T07:47:21.000Z","volume":1000,"price":0.8,"category":"rbull"},{"type":"A","date":"2018-03-13T07:47:11.000Z","volume":1000,"price":0.8,"category":"rbull"},{"type":"A","date":"2018-03-13T07:46:54.000Z","volume":1000,"price":0.8,"category":"rbull"},{"type":"A","date":"2018-03-13T07:46:46.000Z","volume":1000,"price":0.8,"category":"rbull"},{"type":"A","date":"2018-03-13T07:46:37.000Z","volume":1000,"price":0.8,"category":"rbull"},{"type":"A","date":"2018-03-13T07:46:25.000Z","volume":1000,"price":0.8,"category":"rbull"},{"type":"A","date":"2018-03-13T07:46:23.000Z","volume":1000,"price":0.8,"category":"rbull"},{"type":"A","date":"2018-03-13T07:46:00.000Z","volume":1000,"price":0.8,"category":"rbull"},{"type":"A","date":"2018-03-13T07:45:49.000Z","volume":1000,"price":0.8,"category":"rbull"},{"type":"A","date":"2018-03-13T07:45:46.000Z","volume":1000,"price":0.8,"category":"rbull"},{"type":"A","date":"2018-03-13T07:45:29.000Z","volume":1000,"price":0.8,"category":"rbull"},{"type":"A","date":"2018-03-13T07:45:20.000Z","volume":1000,"price":0.8,"category":"rbull"},{"type":"A","date":"2018-03-13T07:45:11.000Z","volume":1000,"price":0.8,"category":"rbull"},{"type":"A","date":"2018-03-13T07:44:54.000Z","volume":1000,"price":0.8,"category":"rbull"},{"type":"A","date":"2018-03-13T07:44:49.000Z","volume":1000,"price":0.8,"category":"rbull"},{"type":"A","date":"2018-03-13T07:44:36.000Z","volume":1000,"price":0.8,"category":"rbull"},{"type":"A","date":"2018-03-13T07:44:18.000Z","volume":1000,"price":0.8,"category":"rbull"},{"type":"A","date":"2018-03-13T07:43:59.000Z","volume":1000,"price":0.8,"category":"rbull"},{"type":"A","date":"2018-03-13T07:43:40.000Z","volume":1000,"price":0.8,"category":"rbull"},{"type":"A","date":"2018-03-13T07:43:35.000Z","volume":1000,"price":0.8,"category":"rbull"},{"type":"A","date":"2018-03-13T07:43:21.000Z","volume":1000,"price":0.8,"category":"rbull"},{"type":"A","date":"2018-03-13T07:43:12.000Z","volume":1000,"price":0.8,"category":"rbull"},{"type":"A","date":"2018-03-13T07:43:01.000Z","volume":1000,"price":0.8,"category":"rbull"},{"type":"A","date":"2018-03-13T07:42:48.000Z","volume":1000,"price":0.8,"category":"rbull"},{"type":"A","date":"2018-03-13T07:42:41.000Z","volume":1000,"price":0.8,"category":"rbull"},{"type":"A","date":"2018-03-13T07:42:21.000Z","volume":1000,"price":0.8,"category":"rbull"},{"type":"A","date":"2018-03-13T07:42:17.000Z","volume":1000,"price":0.8,"category":"rbull"},{"type":"A","date":"2018-03-13T07:42:00.000Z","volume":1000,"price":0.8,"category":"rbull"},{"type":"A","date":"2018-03-13T07:41:47.000Z","volume":1000,"price":0.8,"category":"rbull"},{"type":"A","date":"2018-03-13T07:41:39.000Z","volume":1000,"price":0.8,"category":"rbull"},{"type":"A","date":"2018-03-13T07:41:16.000Z","volume":1000,"price":0.8,"category":"rbull"},{"type":"A","date":"2018-03-13T07:40:54.000Z","volume":1000,"price":0.8,"category":"rbull"},{"type":"A","date":"2018-03-13T07:40:45.000Z","volume":1000,"price":0.8,"category":"rbull"},{"type":"A","date":"2018-03-13T07:40:43.000Z","volume":1000,"price":0.8,"category":"rbull"},{"type":"A","date":"2018-03-13T07:40:36.000Z","volume":1000,"price":0.8,"category":"rbull"},{"type":"A","date":"2018-03-13T07:39:45.000Z","volume":1000,"price":0.8,"category":"rbull"},{"type":"A","date":"2018-03-13T07:38:44.000Z","volume":1000,"price":0.8,"category":"rbull"},{"type":"A","date":"2018-03-13T07:37:43.000Z","volume":1000,"price":0.8,"category":"rbull"},{"type":"A","date":"2018-03-13T07:36:37.000Z","volume":1000,"price":0.8,"category":"rbull"},{"type":"A","date":"2018-03-13T07:35:42.000Z","volume":1000,"price":0.8,"category":"rbull"},{"type":"A","date":"2018-03-13T07:34:41.000Z","volume":1000,"price":0.8,"category":"rbull"},{"type":"A","date":"2018-03-13T07:33:38.000Z","volume":1000,"price":0.8,"category":"rbull"},{"type":"A","date":"2018-03-13T06:42:50.000Z","volume":1000,"price":0.8,"category":"rbull"},{"type":"A","date":"2018-03-13T05:08:37.000Z","volume":1000,"price":0.8,"category":"rbull"},{"type":"A","date":"2018-03-13T05:07:37.000Z","volume":1000,"price":0.8,"category":"rbull"},{"type":"A","date":"2018-03-13T03:45:34.000Z","volume":1000,"price":0.8,"category":"rbull"},{"type":"A","date":"2018-03-13T03:45:34.000Z","volume":1000,"price":0.8,"category":"rbull"},{"type":"A","date":"2018-03-13T03:11:30.000Z","volume":1000,"price":0.8,"category":"rbull"},{"type":"A","date":"2018-03-13T03:10:59.000Z","volume":1000,"price":0.8,"category":"rbull"},{"type":"A","date":"2018-03-13T02:59:00.000Z","volume":1000,"price":0.8,"category":"rbull"},{"type":"A","date":"2018-03-13T02:57:47.000Z","volume":1000,"price":0.8,"category":"rbull"},{"type":"A","date":"2018-03-13T02:57:01.000Z","volume":1000,"price":0.8,"category":"rbull"},{"type":"A","date":"2018-03-13T02:53:26.000Z","volume":1000,"price":0.8,"category":"rbull"},{"type":"A","date":"2018-03-13T02:53:17.000Z","volume":1000,"price":0.81,"category":"rbull"},{"type":"A","date":"2018-03-13T02:51:47.000Z","volume":1000,"price":0.81,"category":"rbull"},{"type":"A","date":"2018-03-13T02:50:02.000Z","volume":1000,"price":0.81,"category":"rbull"},{"type":"A","date":"2018-03-13T02:47:32.000Z","volume":1000,"price":0.81,"category":"rbull"},{"type":"A","date":"2018-03-13T02:45:17.000Z","volume":1000,"price":0.81,"category":"rbull"},{"type":"A","date":"2018-03-13T02:40:14.000Z","volume":1000,"price":0.81,"category":"rbull"},{"type":"A","date":"2018-03-13T02:35:12.000Z","volume":1000,"price":0.81,"category":"rbull"},{"type":"A","date":"2018-03-13T02:30:41.000Z","volume":1000,"price":0.82,"category":"rbull"},{"type":"A","date":"2018-03-13T02:24:32.000Z","volume":1000,"price":0.82,"category":"rbull"},{"type":"A","date":"2018-03-13T02:21:47.000Z","volume":1000,"price":0.82,"category":"rbull"},{"type":"A","date":"2018-03-13T02:19:02.000Z","volume":1000,"price":0.82,"category":"rbull"},{"type":"A","date":"2018-03-13T02:18:02.000Z","volume":1000,"price":0.82,"category":"rbull"},{"type":"A","date":"2018-03-13T02:17:07.000Z","volume":1000,"price":0.82,"category":"rbull"},{"type":"A","date":"2018-03-13T02:16:47.000Z","volume":1000,"price":0.8,"category":"rbull"},{"type":"A","date":"2018-03-13T02:13:17.000Z","volume":1000,"price":0.8,"category":"rbull"},{"type":"A","date":"2018-03-13T02:12:32.000Z","volume":1000,"price":0.8,"category":"rbull"},{"type":"A","date":"2018-03-13T02:10:20.000Z","volume":1000,"price":0.79,"category":"rbull"},{"type":"A","date":"2018-03-13T02:06:02.000Z","volume":1000,"price":0.78,"category":"rbull"},{"type":"A","date":"2018-03-13T02:02:46.000Z","volume":1000,"price":0.78,"category":"rbull"},{"type":"A","date":"2018-03-13T02:02:14.000Z","volume":1000,"price":0.78,"category":"rbull"},{"type":"A","date":"2018-03-13T02:01:57.000Z","volume":1000,"price":0.78,"category":"rbull"},{"type":"A","date":"2018-03-13T01:41:08.000Z","volume":1000,"price":0.78,"category":"rbull"},{"type":"A","date":"2018-03-13T01:40:30.000Z","volume":1000,"price":0.78,"category":"rbull"},{"type":"B","date":"2018-03-13T03:11:47.000Z","volume":1000,"price":0.79,"category":"rbear"},{"type":"B","date":"2018-03-13T02:28:59.000Z","volume":1000,"price":0.81,"category":"rbear"},{"type":"B","date":"2018-03-13T03:45:29.000Z","volume":25000,"price":0.79,"category":"bbear"},{"type":"B","date":"2018-03-13T02:53:21.000Z","volume":26000,"price":0.8,"category":"bbear"},{"type":"B","date":"2018-03-13T01:36:10.000Z","volume":11000,"price":0.78,"category":"bbear"},{"type":"B","date":"2018-03-13T01:36:10.000Z","volume":23000,"price":0.78,"category":"bbear"}]