[{"type":"B","date":"2018-04-24T01:30:08.000Z","volume":200,"label":" ","price":10.3},{"type":"B","date":"2018-04-24T01:30:08.000Z","volume":600,"label":" ","price":10.28},{"type":"B","date":"2018-04-24T01:30:34.000Z","volume":600,"label":" ","price":10.26},{"type":"A","date":"2018-04-24T02:08:06.000Z","volume":1000,"label":" ","price":10.26},{"type":"A","date":"2018-04-24T02:08:06.000Z","volume":4000,"label":" ","price":10.26},{"type":"A","date":"2018-04-24T02:08:06.000Z","volume":5000,"label":" ","price":10.26},{"type":"A","date":"2018-04-24T02:08:07.000Z","volume":1400,"label":" ","price":10.26},{"type":"B","date":"2018-04-24T02:08:07.000Z","volume":3600,"label":" ","price":10.26},{"type":"U","date":"2018-04-24T02:08:08.000Z","volume":2000,"label":" ","price":10.26},{"type":"B","date":"2018-04-24T02:08:14.000Z","volume":1600,"label":" ","price":10.26},{"type":"B","date":"2018-04-24T02:08:14.000Z","volume":1400,"label":" ","price":10.26},{"type":"B","date":"2018-04-24T02:08:17.000Z","volume":3200,"label":" ","price":10.26},{"type":"B","date":"2018-04-24T02:08:17.000Z","volume":600,"label":" ","price":10.26},{"type":"B","date":"2018-04-24T02:08:20.000Z","volume":1200,"label":" ","price":10.26},{"type":"A","date":"2018-04-24T02:08:20.000Z","volume":3400,"label":" ","price":10.26},{"type":"B","date":"2018-04-24T02:09:30.000Z","volume":800,"label":" ","price":10.26},{"type":"U","date":"2018-04-24T02:12:22.000Z","volume":200,"label":"X","price":10.26},{"type":"B","date":"2018-04-24T02:19:33.000Z","volume":1400,"label":" ","price":10.26},{"type":"A","date":"2018-04-24T02:19:33.000Z","volume":4200,"label":" ","price":10.26},{"type":"U","date":"2018-04-24T02:22:22.000Z","volume":200,"label":"X","price":10.26},{"type":"A","date":"2018-04-24T02:22:40.000Z","volume":2000,"label":" ","price":10.28},{"type":"A","date":"2018-04-24T02:32:03.000Z","volume":17000,"label":" ","price":10.28},{"type":"A","date":"2018-04-24T02:32:03.000Z","volume":3200,"label":" ","price":10.28},{"type":"A","date":"2018-04-24T02:42:44.000Z","volume":200,"label":" ","price":10.28},{"type":"A","date":"2018-04-24T02:42:56.000Z","volume":11000,"label":" ","price":10.28},{"type":"A","date":"2018-04-24T02:43:07.000Z","volume":3200,"label":" ","price":10.3},{"type":"B","date":"2018-04-24T02:44:31.000Z","volume":1800,"label":" ","price":10.28},{"type":"B","date":"2018-04-24T02:44:31.000Z","volume":800,"label":" ","price":10.26},{"type":"B","date":"2018-04-24T02:44:31.000Z","volume":5400,"label":" ","price":10.24},{"type":"B","date":"2018-04-24T02:44:31.000Z","volume":5000,"label":" ","price":10.22},{"type":"B","date":"2018-04-24T02:44:31.000Z","volume":10000,"label":" ","price":10.2},{"type":"B","date":"2018-04-24T02:44:31.000Z","volume":16000,"label":" ","price":10.18},{"type":"U","date":"2018-04-24T02:44:37.000Z","volume":200,"label":"X","price":10.226},{"type":"B","date":"2018-04-24T02:49:24.000Z","volume":200,"label":" ","price":10.26},{"type":"A","date":"2018-04-24T03:11:41.000Z","volume":20000,"label":"Y","price":10.3},{"type":"A","date":"2018-04-24T03:12:14.000Z","volume":1000,"label":" ","price":10.3},{"type":"A","date":"2018-04-24T03:12:14.000Z","volume":14400,"label":" ","price":10.3},{"type":"U","date":"2018-04-24T03:15:15.000Z","volume":200,"label":"X","price":10.3},{"type":"A","date":"2018-04-24T03:18:53.000Z","volume":200,"label":" ","price":10.32},{"type":"U","date":"2018-04-24T03:25:15.000Z","volume":200,"label":"X","price":10.32},{"type":"B","date":"2018-04-24T03:30:22.000Z","volume":10000,"label":" ","price":10.3},{"type":"A","date":"2018-04-24T03:39:34.000Z","volume":5400,"label":" ","price":10.32},{"type":"A","date":"2018-04-24T03:40:51.000Z","volume":200,"label":" ","price":10.34},{"type":"A","date":"2018-04-24T03:48:24.000Z","volume":200,"label":" ","price":10.34},{"type":"A","date":"2018-04-24T03:52:23.000Z","volume":200,"label":" ","price":10.34},{"type":"A","date":"2018-04-24T03:53:24.000Z","volume":200,"label":" ","price":10.34},{"type":"A","date":"2018-04-24T03:57:51.000Z","volume":200,"label":" ","price":10.34},{"type":"A","date":"2018-04-24T05:01:26.000Z","volume":12200,"label":" ","price":10.34},{"type":"A","date":"2018-04-24T05:03:58.000Z","volume":6400,"label":" ","price":10.36},{"type":"A","date":"2018-04-24T05:03:58.000Z","volume":5600,"label":" ","price":10.38},{"type":"A","date":"2018-04-24T05:12:11.000Z","volume":200,"label":" ","price":10.38},{"type":"A","date":"2018-04-24T05:21:53.000Z","volume":6000,"label":" ","price":10.38},{"type":"B","date":"2018-04-24T05:32:51.000Z","volume":200,"label":" ","price":10.34},{"type":"A","date":"2018-04-24T05:35:00.000Z","volume":200,"label":" ","price":10.4},{"type":"A","date":"2018-04-24T05:56:48.000Z","volume":200,"label":" ","price":10.4},{"type":"B","date":"2018-04-24T06:15:28.000Z","volume":7800,"label":" ","price":10.34},{"type":"A","date":"2018-04-24T06:16:01.000Z","volume":2000,"label":"Y","price":10.34},{"type":"B","date":"2018-04-24T06:17:00.000Z","volume":600,"label":"Y","price":10.32},{"type":"B","date":"2018-04-24T06:18:26.000Z","volume":1000,"label":"Y","price":10.3},{"type":"B","date":"2018-04-24T06:18:26.000Z","volume":5200,"label":" ","price":10.3},{"type":"A","date":"2018-04-24T06:18:55.000Z","volume":400,"label":" ","price":10.3},{"type":"A","date":"2018-04-24T06:21:45.000Z","volume":4200,"label":" ","price":10.3},{"type":"A","date":"2018-04-24T06:22:40.000Z","volume":1000,"label":" ","price":10.3},{"type":"A","date":"2018-04-24T06:26:01.000Z","volume":200,"label":" ","price":10.3},{"type":"B","date":"2018-04-24T06:27:51.000Z","volume":4800,"label":"Y","price":10.28},{"type":"B","date":"2018-04-24T06:27:51.000Z","volume":1600,"label":" ","price":10.28},{"type":"B","date":"2018-04-24T06:27:51.000Z","volume":10200,"label":" ","price":10.28},{"type":"B","date":"2018-04-24T06:33:53.000Z","volume":200,"label":" ","price":10.26},{"type":"B","date":"2018-04-24T06:48:23.000Z","volume":200,"label":" ","price":10.26},{"type":"A","date":"2018-04-24T07:22:25.000Z","volume":7200,"label":" ","price":10.3},{"type":"B","date":"2018-04-24T07:22:28.000Z","volume":2000,"label":" ","price":10.3},{"type":"B","date":"2018-04-24T07:24:20.000Z","volume":800,"label":" ","price":10.3},{"type":"A","date":"2018-04-24T07:36:55.000Z","volume":5400,"label":" ","price":10.28},{"type":"A","date":"2018-04-24T07:40:15.000Z","volume":9200,"label":"Y","price":10.3},{"type":"A","date":"2018-04-24T07:40:15.000Z","volume":5400,"label":" ","price":10.3},{"type":"B","date":"2018-04-24T07:48:55.000Z","volume":200,"label":" ","price":10.26},{"type":"A","date":"2018-04-24T07:53:21.000Z","volume":3000,"label":" ","price":10.3},{"type":"A","date":"2018-04-24T07:58:22.000Z","volume":200,"label":" ","price":10.3},{"type":"A","date":"2018-04-24T07:58:44.000Z","volume":200,"label":" ","price":10.3},{"type":"A","date":"2018-04-24T07:59:24.000Z","volume":200,"label":" ","price":10.3},{"type":"U","date":"2018-04-24T08:08:02.000Z","volume":13200,"label":"U","price":10.28}]