[{"type":"U","date":"2018-04-13T01:20:00.000Z","volume":3000,"label":"U","price":3.53},{"type":"A","date":"2018-04-13T01:40:23.000Z","volume":1000,"label":" ","price":3.6},{"type":"A","date":"2018-04-13T01:43:55.000Z","volume":1000,"label":" ","price":3.61},{"type":"U","date":"2018-04-13T01:46:31.000Z","volume":1000,"label":"X","price":3.61},{"type":"A","date":"2018-04-13T01:54:08.000Z","volume":2000,"label":" ","price":3.62},{"type":"B","date":"2018-04-13T01:54:11.000Z","volume":1000,"label":" ","price":3.6},{"type":"A","date":"2018-04-13T01:55:23.000Z","volume":1000,"label":" ","price":3.63},{"type":"B","date":"2018-04-13T01:55:32.000Z","volume":1000,"label":" ","price":3.61},{"type":"B","date":"2018-04-13T01:55:35.000Z","volume":1000,"label":" ","price":3.61},{"type":"B","date":"2018-04-13T01:55:45.000Z","volume":5000,"label":" ","price":3.62},{"type":"B","date":"2018-04-13T01:55:47.000Z","volume":2000,"label":" ","price":3.61},{"type":"A","date":"2018-04-13T01:56:00.000Z","volume":8000,"label":" ","price":3.62},{"type":"A","date":"2018-04-13T01:56:00.000Z","volume":1000,"label":" ","price":3.64},{"type":"B","date":"2018-04-13T01:56:02.000Z","volume":2000,"label":" ","price":3.62},{"type":"B","date":"2018-04-13T01:56:47.000Z","volume":1000,"label":" ","price":3.62},{"type":"B","date":"2018-04-13T01:57:31.000Z","volume":2000,"label":" ","price":3.62},{"type":"B","date":"2018-04-13T01:57:33.000Z","volume":1000,"label":" ","price":3.62},{"type":"B","date":"2018-04-13T01:58:38.000Z","volume":1000,"label":" ","price":3.62},{"type":"A","date":"2018-04-13T01:58:38.000Z","volume":1000,"label":" ","price":3.63},{"type":"A","date":"2018-04-13T02:01:00.000Z","volume":5000,"label":" ","price":3.63},{"type":"B","date":"2018-04-13T02:02:18.000Z","volume":3000,"label":" ","price":3.63},{"type":"B","date":"2018-04-13T02:02:20.000Z","volume":1000,"label":" ","price":3.63},{"type":"A","date":"2018-04-13T02:02:20.000Z","volume":1000,"label":" ","price":3.64},{"type":"A","date":"2018-04-13T02:05:41.000Z","volume":80000,"label":" ","price":3.64},{"type":"A","date":"2018-04-13T02:05:42.000Z","volume":3000,"label":" ","price":3.64},{"type":"A","date":"2018-04-13T02:05:42.000Z","volume":2000,"label":" ","price":3.64},{"type":"B","date":"2018-04-13T02:05:45.000Z","volume":4000,"label":" ","price":3.63},{"type":"A","date":"2018-04-13T02:05:59.000Z","volume":1000,"label":" ","price":3.64},{"type":"A","date":"2018-04-13T02:07:11.000Z","volume":1000,"label":" ","price":3.64},{"type":"B","date":"2018-04-13T02:07:13.000Z","volume":1000,"label":" ","price":3.63},{"type":"A","date":"2018-04-13T02:07:30.000Z","volume":2000,"label":" ","price":3.64},{"type":"B","date":"2018-04-13T02:07:39.000Z","volume":2000,"label":" ","price":3.63},{"type":"B","date":"2018-04-13T02:07:41.000Z","volume":2000,"label":" ","price":3.63},{"type":"B","date":"2018-04-13T02:07:43.000Z","volume":1000,"label":" ","price":3.63},{"type":"B","date":"2018-04-13T02:07:43.000Z","volume":2000,"label":" ","price":3.63},{"type":"B","date":"2018-04-13T02:07:45.000Z","volume":1000,"label":" ","price":3.63},{"type":"B","date":"2018-04-13T02:07:45.000Z","volume":4000,"label":" ","price":3.63},{"type":"B","date":"2018-04-13T02:07:47.000Z","volume":2000,"label":" ","price":3.63},{"type":"B","date":"2018-04-13T02:09:27.000Z","volume":1000,"label":" ","price":3.63},{"type":"A","date":"2018-04-13T02:09:42.000Z","volume":2000,"label":" ","price":3.64},{"type":"B","date":"2018-04-13T02:09:45.000Z","volume":1000,"label":" ","price":3.63},{"type":"B","date":"2018-04-13T02:10:26.000Z","volume":5000,"label":" ","price":3.63},{"type":"B","date":"2018-04-13T02:10:26.000Z","volume":2000,"label":" ","price":3.63},{"type":"B","date":"2018-04-13T02:10:28.000Z","volume":3000,"label":" ","price":3.63},{"type":"B","date":"2018-04-13T02:10:30.000Z","volume":3000,"label":" ","price":3.63},{"type":"B","date":"2018-04-13T02:10:32.000Z","volume":2000,"label":" ","price":3.63},{"type":"B","date":"2018-04-13T02:10:37.000Z","volume":4000,"label":" ","price":3.63},{"type":"B","date":"2018-04-13T02:10:37.000Z","volume":2000,"label":" ","price":3.63},{"type":"B","date":"2018-04-13T02:10:40.000Z","volume":2000,"label":" ","price":3.63},{"type":"B","date":"2018-04-13T02:10:56.000Z","volume":8000,"label":"Y","price":3.63},{"type":"B","date":"2018-04-13T02:10:56.000Z","volume":3000,"label":" ","price":3.63},{"type":"B","date":"2018-04-13T02:11:00.000Z","volume":5000,"label":" ","price":3.62},{"type":"U","date":"2018-04-13T02:12:55.000Z","volume":2000,"label":"X","price":3.629},{"type":"A","date":"2018-04-13T02:17:51.000Z","volume":1000,"label":" ","price":3.63},{"type":"A","date":"2018-04-13T02:31:55.000Z","volume":20000,"label":" ","price":3.63},{"type":"A","date":"2018-04-13T02:31:55.000Z","volume":2000,"label":" ","price":3.63},{"type":"B","date":"2018-04-13T02:31:57.000Z","volume":1000,"label":" ","price":3.62},{"type":"A","date":"2018-04-13T02:33:34.000Z","volume":1000,"label":"Y","price":3.63},{"type":"A","date":"2018-04-13T02:35:08.000Z","volume":2000,"label":" ","price":3.63},{"type":"B","date":"2018-04-13T02:35:10.000Z","volume":1000,"label":" ","price":3.62},{"type":"B","date":"2018-04-13T02:40:42.000Z","volume":10000,"label":" ","price":3.62},{"type":"A","date":"2018-04-13T02:40:42.000Z","volume":1000,"label":" ","price":3.63},{"type":"B","date":"2018-04-13T02:40:44.000Z","volume":4000,"label":" ","price":3.62},{"type":"A","date":"2018-04-13T02:40:44.000Z","volume":1000,"label":" ","price":3.62},{"type":"A","date":"2018-04-13T02:41:46.000Z","volume":8000,"label":" ","price":3.62},{"type":"A","date":"2018-04-13T02:41:46.000Z","volume":1000,"label":" ","price":3.62},{"type":"A","date":"2018-04-13T02:41:46.000Z","volume":2000,"label":" ","price":3.62},{"type":"B","date":"2018-04-13T02:41:48.000Z","volume":1000,"label":" ","price":3.61},{"type":"B","date":"2018-04-13T02:45:15.000Z","volume":5000,"label":" ","price":3.61},{"type":"A","date":"2018-04-13T02:45:15.000Z","volume":1000,"label":" ","price":3.62},{"type":"B","date":"2018-04-13T02:45:17.000Z","volume":1000,"label":" ","price":3.61},{"type":"B","date":"2018-04-13T02:45:17.000Z","volume":3000,"label":" ","price":3.61},{"type":"B","date":"2018-04-13T02:45:20.000Z","volume":3000,"label":" ","price":3.61},{"type":"A","date":"2018-04-13T02:46:02.000Z","volume":2000,"label":" ","price":3.62},{"type":"A","date":"2018-04-13T02:46:05.000Z","volume":1000,"label":" ","price":3.6},{"type":"A","date":"2018-04-13T02:49:17.000Z","volume":7000,"label":" ","price":3.6},{"type":"U","date":"2018-04-13T02:49:18.000Z","volume":2000,"label":" ","price":3.59},{"type":"A","date":"2018-04-13T02:55:16.000Z","volume":1000,"label":" ","price":3.61},{"type":"A","date":"2018-04-13T02:58:34.000Z","volume":1000,"label":"Y","price":3.61},{"type":"B","date":"2018-04-13T02:58:47.000Z","volume":1000,"label":" ","price":3.59},{"type":"B","date":"2018-04-13T02:58:55.000Z","volume":1000,"label":" ","price":3.59},{"type":"B","date":"2018-04-13T03:01:19.000Z","volume":1000,"label":"Y","price":3.58},{"type":"B","date":"2018-04-13T03:10:00.000Z","volume":40000,"label":" ","price":3.57},{"type":"A","date":"2018-04-13T03:10:00.000Z","volume":5000,"label":" ","price":3.58},{"type":"A","date":"2018-04-13T03:10:00.000Z","volume":3000,"label":" ","price":3.58},{"type":"B","date":"2018-04-13T03:10:02.000Z","volume":1000,"label":" ","price":3.56},{"type":"B","date":"2018-04-13T03:10:03.000Z","volume":5000,"label":" ","price":3.55},{"type":"B","date":"2018-04-13T03:10:03.000Z","volume":1000,"label":" ","price":3.55},{"type":"A","date":"2018-04-13T03:10:03.000Z","volume":1000,"label":" ","price":3.56},{"type":"U","date":"2018-04-13T03:10:05.000Z","volume":2000,"label":" ","price":3.56},{"type":"A","date":"2018-04-13T03:15:47.000Z","volume":1000,"label":" ","price":3.57},{"type":"A","date":"2018-04-13T03:15:49.000Z","volume":1000,"label":" ","price":3.57},{"type":"B","date":"2018-04-13T03:15:56.000Z","volume":5000,"label":" ","price":3.55},{"type":"U","date":"2018-04-13T03:15:59.000Z","volume":3000,"label":" ","price":3.55},{"type":"U","date":"2018-04-13T03:17:26.000Z","volume":1000,"label":"X","price":3.554},{"type":"A","date":"2018-04-13T03:17:32.000Z","volume":1000,"label":" ","price":3.58},{"type":"B","date":"2018-04-13T03:17:35.000Z","volume":1000,"label":" ","price":3.55},{"type":"A","date":"2018-04-13T03:27:04.000Z","volume":1000,"label":" ","price":3.58},{"type":"A","date":"2018-04-13T03:29:35.000Z","volume":16000,"label":" ","price":3.57},{"type":"A","date":"2018-04-13T03:29:35.000Z","volume":2000,"label":" ","price":3.58},{"type":"B","date":"2018-04-13T03:29:37.000Z","volume":7000,"label":" ","price":3.55},{"type":"A","date":"2018-04-13T03:29:47.000Z","volume":1000,"label":"Y","price":3.56},{"type":"U","date":"2018-04-13T03:30:12.000Z","volume":280,"label":"D","price":3.5},{"type":"A","date":"2018-04-13T03:37:02.000Z","volume":1000,"label":" ","price":3.56},{"type":"A","date":"2018-04-13T03:37:04.000Z","volume":1000,"label":" ","price":3.56},{"type":"B","date":"2018-04-13T03:37:05.000Z","volume":1000,"label":" ","price":3.55},{"type":"B","date":"2018-04-13T03:37:59.000Z","volume":17000,"label":" ","price":3.55},{"type":"A","date":"2018-04-13T03:37:59.000Z","volume":2000,"label":" ","price":3.56},{"type":"A","date":"2018-04-13T03:38:01.000Z","volume":1000,"label":" ","price":3.56},{"type":"B","date":"2018-04-13T03:40:32.000Z","volume":2000,"label":" ","price":3.55},{"type":"B","date":"2018-04-13T03:43:57.000Z","volume":1000,"label":" ","price":3.54},{"type":"B","date":"2018-04-13T03:47:26.000Z","volume":1000,"label":" ","price":3.54},{"type":"B","date":"2018-04-13T03:48:14.000Z","volume":2000,"label":"Y","price":3.54},{"type":"B","date":"2018-04-13T03:48:14.000Z","volume":3000,"label":" ","price":3.54},{"type":"B","date":"2018-04-13T03:48:25.000Z","volume":95000,"label":" ","price":3.53},{"type":"A","date":"2018-04-13T03:48:26.000Z","volume":4000,"label":" ","price":3.54},{"type":"B","date":"2018-04-13T03:48:28.000Z","volume":3000,"label":" ","price":3.51},{"type":"B","date":"2018-04-13T03:48:29.000Z","volume":5000,"label":" ","price":3.51},{"type":"B","date":"2018-04-13T03:48:29.000Z","volume":12000,"label":" ","price":3.5},{"type":"A","date":"2018-04-13T03:48:30.000Z","volume":4000,"label":" ","price":3.51},{"type":"A","date":"2018-04-13T03:48:30.000Z","volume":2000,"label":" ","price":3.51},{"type":"B","date":"2018-04-13T03:48:32.000Z","volume":5000,"label":" ","price":3.51},{"type":"A","date":"2018-04-13T03:48:33.000Z","volume":6000,"label":" ","price":3.52},{"type":"A","date":"2018-04-13T03:48:33.000Z","volume":1000,"label":" ","price":3.53},{"type":"U","date":"2018-04-13T03:48:34.000Z","volume":1000,"label":"X","price":3.53},{"type":"A","date":"2018-04-13T03:51:03.000Z","volume":1000,"label":" ","price":3.54},{"type":"A","date":"2018-04-13T03:51:34.000Z","volume":17000,"label":" ","price":3.54},{"type":"A","date":"2018-04-13T03:51:34.000Z","volume":7000,"label":" ","price":3.54},{"type":"A","date":"2018-04-13T03:51:57.000Z","volume":1000,"label":" ","price":3.55},{"type":"B","date":"2018-04-13T03:51:59.000Z","volume":5000,"label":" ","price":3.54},{"type":"B","date":"2018-04-13T03:52:00.000Z","volume":6000,"label":" ","price":3.53},{"type":"B","date":"2018-04-13T03:52:00.000Z","volume":1000,"label":" ","price":3.52},{"type":"A","date":"2018-04-13T03:52:03.000Z","volume":3000,"label":" ","price":3.53},{"type":"A","date":"2018-04-13T03:52:03.000Z","volume":8000,"label":" ","price":3.53},{"type":"B","date":"2018-04-13T03:57:34.000Z","volume":1000,"label":" ","price":3.53},{"type":"A","date":"2018-04-13T05:00:32.000Z","volume":1000,"label":" ","price":3.55},{"type":"A","date":"2018-04-13T05:00:52.000Z","volume":2000,"label":" ","price":3.55},{"type":"B","date":"2018-04-13T05:00:55.000Z","volume":1000,"label":" ","price":3.53},{"type":"A","date":"2018-04-13T05:01:02.000Z","volume":3000,"label":"Y","price":3.54},{"type":"B","date":"2018-04-13T05:01:04.000Z","volume":2000,"label":" ","price":3.53},{"type":"A","date":"2018-04-13T05:01:04.000Z","volume":1000,"label":" ","price":3.54},{"type":"A","date":"2018-04-13T05:03:16.000Z","volume":10000,"label":" ","price":3.54},{"type":"A","date":"2018-04-13T05:03:16.000Z","volume":1000,"label":" ","price":3.54},{"type":"U","date":"2018-04-13T05:04:28.000Z","volume":1000,"label":"X","price":3.54},{"type":"B","date":"2018-04-13T05:04:29.000Z","volume":11000,"label":" ","price":3.54},{"type":"A","date":"2018-04-13T05:04:30.000Z","volume":4000,"label":" ","price":3.55},{"type":"B","date":"2018-04-13T05:04:31.000Z","volume":6000,"label":" ","price":3.54},{"type":"A","date":"2018-04-13T05:04:31.000Z","volume":4000,"label":" ","price":3.55},{"type":"A","date":"2018-04-13T05:05:13.000Z","volume":1000,"label":" ","price":3.55},{"type":"A","date":"2018-04-13T05:05:13.000Z","volume":2000,"label":" ","price":3.55},{"type":"B","date":"2018-04-13T05:05:15.000Z","volume":2000,"label":" ","price":3.54},{"type":"A","date":"2018-04-13T05:05:23.000Z","volume":9000,"label":" ","price":3.55},{"type":"A","date":"2018-04-13T05:05:34.000Z","volume":59000,"label":" ","price":3.56},{"type":"A","date":"2018-04-13T05:05:34.000Z","volume":1000,"label":" ","price":3.56},{"type":"A","date":"2018-04-13T05:05:57.000Z","volume":9000,"label":" ","price":3.56},{"type":"B","date":"2018-04-13T05:06:04.000Z","volume":5000,"label":" ","price":3.56},{"type":"B","date":"2018-04-13T05:06:06.000Z","volume":2000,"label":" ","price":3.56},{"type":"B","date":"2018-04-13T05:06:07.000Z","volume":4000,"label":" ","price":3.55},{"type":"B","date":"2018-04-13T05:06:07.000Z","volume":7000,"label":" ","price":3.56},{"type":"B","date":"2018-04-13T05:06:10.000Z","volume":5000,"label":" ","price":3.54},{"type":"B","date":"2018-04-13T05:07:03.000Z","volume":8000,"label":" ","price":3.54},{"type":"B","date":"2018-04-13T05:07:25.000Z","volume":16000,"label":" ","price":3.54},{"type":"B","date":"2018-04-13T05:07:28.000Z","volume":9000,"label":" ","price":3.53},{"type":"A","date":"2018-04-13T05:09:09.000Z","volume":1000,"label":" ","price":3.54},{"type":"A","date":"2018-04-13T05:09:10.000Z","volume":1000,"label":" ","price":3.54},{"type":"A","date":"2018-04-13T05:09:35.000Z","volume":20000,"label":" ","price":3.54},{"type":"A","date":"2018-04-13T05:09:52.000Z","volume":1000,"label":" ","price":3.54},{"type":"U","date":"2018-04-13T05:11:07.000Z","volume":1000,"label":"X","price":3.541},{"type":"B","date":"2018-04-13T05:19:48.000Z","volume":1000,"label":" ","price":3.53},{"type":"A","date":"2018-04-13T05:20:35.000Z","volume":1000,"label":" ","price":3.55},{"type":"B","date":"2018-04-13T05:21:15.000Z","volume":20000,"label":" ","price":3.54},{"type":"B","date":"2018-04-13T05:21:18.000Z","volume":2000,"label":" ","price":3.54},{"type":"B","date":"2018-04-13T05:21:18.000Z","volume":8000,"label":" ","price":3.53},{"type":"B","date":"2018-04-13T05:21:21.000Z","volume":2000,"label":" ","price":3.53},{"type":"A","date":"2018-04-13T05:28:22.000Z","volume":19000,"label":" ","price":3.54},{"type":"A","date":"2018-04-13T05:28:32.000Z","volume":1000,"label":" ","price":3.55},{"type":"B","date":"2018-04-13T05:28:35.000Z","volume":1000,"label":" ","price":3.54},{"type":"B","date":"2018-04-13T05:28:43.000Z","volume":4000,"label":" ","price":3.54},{"type":"B","date":"2018-04-13T05:28:46.000Z","volume":2000,"label":" ","price":3.53},{"type":"U","date":"2018-04-13T05:29:57.000Z","volume":1000,"label":"X","price":3.54},{"type":"A","date":"2018-04-13T05:33:17.000Z","volume":1000,"label":" ","price":3.54},{"type":"A","date":"2018-04-13T05:33:51.000Z","volume":7000,"label":" ","price":3.54},{"type":"A","date":"2018-04-13T05:35:11.000Z","volume":7000,"label":" ","price":3.54},{"type":"A","date":"2018-04-13T05:36:01.000Z","volume":1000,"label":" ","price":3.54},{"type":"A","date":"2018-04-13T05:36:02.000Z","volume":1000,"label":" ","price":3.54},{"type":"B","date":"2018-04-13T05:36:04.000Z","volume":2000,"label":" ","price":3.53},{"type":"A","date":"2018-04-13T05:36:24.000Z","volume":1000,"label":" ","price":3.54},{"type":"A","date":"2018-04-13T05:36:55.000Z","volume":10000,"label":" ","price":3.54},{"type":"B","date":"2018-04-13T05:36:58.000Z","volume":3000,"label":" ","price":3.53},{"type":"A","date":"2018-04-13T05:38:17.000Z","volume":2000,"label":" ","price":3.54},{"type":"A","date":"2018-04-13T05:38:54.000Z","volume":8000,"label":" ","price":3.54},{"type":"A","date":"2018-04-13T05:40:23.000Z","volume":14000,"label":" ","price":3.55},{"type":"A","date":"2018-04-13T05:41:09.000Z","volume":15000,"label":" ","price":3.55},{"type":"A","date":"2018-04-13T05:45:46.000Z","volume":15000,"label":" ","price":3.56},{"type":"A","date":"2018-04-13T05:46:23.000Z","volume":5000,"label":" ","price":3.56},{"type":"A","date":"2018-04-13T05:46:46.000Z","volume":60000,"label":" ","price":3.57},{"type":"B","date":"2018-04-13T05:46:48.000Z","volume":16000,"label":" ","price":3.54},{"type":"A","date":"2018-04-13T05:46:48.000Z","volume":1000,"label":" ","price":3.54},{"type":"A","date":"2018-04-13T05:46:48.000Z","volume":3000,"label":" ","price":3.54},{"type":"B","date":"2018-04-13T05:46:52.000Z","volume":1000,"label":" ","price":3.54},{"type":"A","date":"2018-04-13T05:47:09.000Z","volume":1000,"label":"Y","price":3.57},{"type":"A","date":"2018-04-13T06:02:47.000Z","volume":1000,"label":" ","price":3.56},{"type":"A","date":"2018-04-13T06:03:00.000Z","volume":37000,"label":" ","price":3.56},{"type":"A","date":"2018-04-13T06:05:00.000Z","volume":2000,"label":" ","price":3.56},{"type":"A","date":"2018-04-13T06:07:01.000Z","volume":2000,"label":" ","price":3.56},{"type":"U","date":"2018-04-13T06:07:44.000Z","volume":1000,"label":"X","price":3.56},{"type":"A","date":"2018-04-13T06:14:17.000Z","volume":1000,"label":" ","price":3.56},{"type":"A","date":"2018-04-13T06:15:30.000Z","volume":20000,"label":" ","price":3.55},{"type":"A","date":"2018-04-13T06:15:31.000Z","volume":2000,"label":" ","price":3.55},{"type":"A","date":"2018-04-13T06:17:23.000Z","volume":20000,"label":" ","price":3.55},{"type":"A","date":"2018-04-13T06:17:23.000Z","volume":3000,"label":" ","price":3.56},{"type":"A","date":"2018-04-13T06:17:32.000Z","volume":1000,"label":" ","price":3.55},{"type":"A","date":"2018-04-13T06:17:32.000Z","volume":1000,"label":" ","price":3.55},{"type":"B","date":"2018-04-13T06:17:34.000Z","volume":2000,"label":" ","price":3.55},{"type":"A","date":"2018-04-13T06:21:07.000Z","volume":20000,"label":" ","price":3.55},{"type":"A","date":"2018-04-13T06:21:07.000Z","volume":2000,"label":" ","price":3.56},{"type":"A","date":"2018-04-13T06:21:17.000Z","volume":1000,"label":" ","price":3.55},{"type":"A","date":"2018-04-13T06:32:32.000Z","volume":49000,"label":" ","price":3.55},{"type":"B","date":"2018-04-13T06:32:32.000Z","volume":1000,"label":" ","price":3.55},{"type":"A","date":"2018-04-13T06:32:33.000Z","volume":1000,"label":" ","price":3.55},{"type":"A","date":"2018-04-13T06:32:34.000Z","volume":5000,"label":" ","price":3.56},{"type":"A","date":"2018-04-13T06:37:33.000Z","volume":13000,"label":" ","price":3.55},{"type":"A","date":"2018-04-13T06:37:33.000Z","volume":1000,"label":" ","price":3.55},{"type":"A","date":"2018-04-13T06:37:47.000Z","volume":1000,"label":" ","price":3.55},{"type":"A","date":"2018-04-13T06:37:47.000Z","volume":1000,"label":"Y","price":3.55},{"type":"A","date":"2018-04-13T06:37:47.000Z","volume":1000,"label":" ","price":3.55},{"type":"A","date":"2018-04-13T06:40:27.000Z","volume":1000,"label":" ","price":3.55},{"type":"A","date":"2018-04-13T06:42:53.000Z","volume":22000,"label":" ","price":3.55},{"type":"A","date":"2018-04-13T06:42:53.000Z","volume":2000,"label":" ","price":3.55},{"type":"A","date":"2018-04-13T06:44:48.000Z","volume":1000,"label":"Y","price":3.55},{"type":"A","date":"2018-04-13T06:45:02.000Z","volume":1000,"label":"Y","price":3.55},{"type":"A","date":"2018-04-13T06:46:32.000Z","volume":13000,"label":" ","price":3.55},{"type":"A","date":"2018-04-13T06:46:33.000Z","volume":2000,"label":" ","price":3.56},{"type":"U","date":"2018-04-13T06:47:57.000Z","volume":1000,"label":"X","price":3.551},{"type":"A","date":"2018-04-13T06:48:49.000Z","volume":50000,"label":" ","price":3.55},{"type":"A","date":"2018-04-13T06:48:49.000Z","volume":5000,"label":" ","price":3.55},{"type":"A","date":"2018-04-13T06:48:51.000Z","volume":6000,"label":" ","price":3.55},{"type":"A","date":"2018-04-13T06:48:52.000Z","volume":1000,"label":" ","price":3.56},{"type":"A","date":"2018-04-13T07:00:15.000Z","volume":100000,"label":" ","price":3.56},{"type":"A","date":"2018-04-13T07:00:15.000Z","volume":3000,"label":" ","price":3.56},{"type":"A","date":"2018-04-13T07:00:16.000Z","volume":2000,"label":" ","price":3.56},{"type":"A","date":"2018-04-13T07:00:17.000Z","volume":3000,"label":" ","price":3.56},{"type":"A","date":"2018-04-13T07:00:27.000Z","volume":4000,"label":" ","price":3.57},{"type":"A","date":"2018-04-13T07:00:29.000Z","volume":2000,"label":" ","price":3.56},{"type":"U","date":"2018-04-13T07:02:57.000Z","volume":1000,"label":"X","price":3.56},{"type":"A","date":"2018-04-13T07:04:08.000Z","volume":1000,"label":" ","price":3.57},{"type":"U","date":"2018-04-13T07:04:57.000Z","volume":2000,"label":"X","price":3.57},{"type":"A","date":"2018-04-13T07:05:02.000Z","volume":1000,"label":" ","price":3.57},{"type":"B","date":"2018-04-13T07:11:02.000Z","volume":5000,"label":" ","price":3.56},{"type":"B","date":"2018-04-13T07:11:02.000Z","volume":2000,"label":" ","price":3.56},{"type":"A","date":"2018-04-13T07:11:54.000Z","volume":1000,"label":"Y","price":3.56},{"type":"A","date":"2018-04-13T07:11:54.000Z","volume":1000,"label":" ","price":3.56},{"type":"A","date":"2018-04-13T07:12:33.000Z","volume":1000,"label":"Y","price":3.56},{"type":"B","date":"2018-04-13T07:14:54.000Z","volume":10000,"label":" ","price":3.55},{"type":"A","date":"2018-04-13T07:14:54.000Z","volume":1000,"label":" ","price":3.56},{"type":"B","date":"2018-04-13T07:15:02.000Z","volume":20000,"label":" ","price":3.55},{"type":"A","date":"2018-04-13T07:15:02.000Z","volume":1000,"label":" ","price":3.56},{"type":"A","date":"2018-04-13T07:18:26.000Z","volume":1000,"label":" ","price":3.55},{"type":"B","date":"2018-04-13T07:22:50.000Z","volume":4000,"label":" ","price":3.53},{"type":"B","date":"2018-04-13T07:28:37.000Z","volume":24000,"label":" ","price":3.53},{"type":"A","date":"2018-04-13T07:28:37.000Z","volume":3000,"label":" ","price":3.54},{"type":"B","date":"2018-04-13T07:28:39.000Z","volume":2000,"label":" ","price":3.53},{"type":"B","date":"2018-04-13T07:28:47.000Z","volume":1000,"label":" ","price":3.53},{"type":"B","date":"2018-04-13T07:28:59.000Z","volume":5000,"label":" ","price":3.53},{"type":"A","date":"2018-04-13T07:28:59.000Z","volume":1000,"label":" ","price":3.54},{"type":"B","date":"2018-04-13T07:29:02.000Z","volume":4000,"label":" ","price":3.53},{"type":"B","date":"2018-04-13T07:31:20.000Z","volume":5000,"label":" ","price":3.53},{"type":"A","date":"2018-04-13T07:31:20.000Z","volume":1000,"label":" ","price":3.54},{"type":"B","date":"2018-04-13T07:31:23.000Z","volume":3000,"label":" ","price":3.53},{"type":"B","date":"2018-04-13T07:31:40.000Z","volume":5000,"label":" ","price":3.53},{"type":"A","date":"2018-04-13T07:31:41.000Z","volume":1000,"label":"Y","price":3.54},{"type":"B","date":"2018-04-13T07:31:42.000Z","volume":3000,"label":" ","price":3.53},{"type":"A","date":"2018-04-13T07:32:51.000Z","volume":1000,"label":" ","price":3.54},{"type":"A","date":"2018-04-13T07:33:11.000Z","volume":1000,"label":" ","price":3.54},{"type":"B","date":"2018-04-13T07:33:14.000Z","volume":1000,"label":" ","price":3.53},{"type":"A","date":"2018-04-13T07:33:51.000Z","volume":1000,"label":" ","price":3.54},{"type":"A","date":"2018-04-13T07:34:32.000Z","volume":1000,"label":" ","price":3.54},{"type":"B","date":"2018-04-13T07:34:34.000Z","volume":1000,"label":" ","price":3.53},{"type":"A","date":"2018-04-13T07:34:52.000Z","volume":1000,"label":" ","price":3.54},{"type":"B","date":"2018-04-13T07:34:54.000Z","volume":1000,"label":" ","price":3.53},{"type":"A","date":"2018-04-13T07:35:18.000Z","volume":1000,"label":" ","price":3.54},{"type":"A","date":"2018-04-13T07:35:18.000Z","volume":1000,"label":" ","price":3.54},{"type":"B","date":"2018-04-13T07:35:20.000Z","volume":1000,"label":" ","price":3.53},{"type":"A","date":"2018-04-13T07:35:52.000Z","volume":1000,"label":" ","price":3.54},{"type":"A","date":"2018-04-13T07:36:32.000Z","volume":1000,"label":" ","price":3.54},{"type":"B","date":"2018-04-13T07:36:34.000Z","volume":1000,"label":" ","price":3.53},{"type":"A","date":"2018-04-13T07:36:52.000Z","volume":1000,"label":" ","price":3.54},{"type":"A","date":"2018-04-13T07:37:32.000Z","volume":1000,"label":" ","price":3.54},{"type":"B","date":"2018-04-13T07:37:34.000Z","volume":1000,"label":" ","price":3.53},{"type":"A","date":"2018-04-13T07:37:52.000Z","volume":1000,"label":" ","price":3.54},{"type":"A","date":"2018-04-13T07:38:32.000Z","volume":1000,"label":" ","price":3.54},{"type":"B","date":"2018-04-13T07:38:35.000Z","volume":1000,"label":" ","price":3.53},{"type":"A","date":"2018-04-13T07:39:12.000Z","volume":1000,"label":" ","price":3.54},{"type":"A","date":"2018-04-13T07:39:32.000Z","volume":1000,"label":" ","price":3.54},{"type":"A","date":"2018-04-13T07:39:43.000Z","volume":1000,"label":" ","price":3.54},{"type":"A","date":"2018-04-13T07:40:12.000Z","volume":1000,"label":" ","price":3.54},{"type":"A","date":"2018-04-13T07:40:33.000Z","volume":1000,"label":" ","price":3.54},{"type":"B","date":"2018-04-13T07:40:54.000Z","volume":5000,"label":" ","price":3.53},{"type":"B","date":"2018-04-13T07:40:58.000Z","volume":2000,"label":" ","price":3.53},{"type":"A","date":"2018-04-13T07:40:58.000Z","volume":1000,"label":" ","price":3.54},{"type":"A","date":"2018-04-13T07:41:33.000Z","volume":1000,"label":" ","price":3.54},{"type":"A","date":"2018-04-13T07:42:13.000Z","volume":1000,"label":" ","price":3.54},{"type":"A","date":"2018-04-13T07:42:33.000Z","volume":1000,"label":" ","price":3.54},{"type":"A","date":"2018-04-13T07:43:13.000Z","volume":1000,"label":" ","price":3.54},{"type":"B","date":"2018-04-13T07:43:19.000Z","volume":1000,"label":" ","price":3.53},{"type":"A","date":"2018-04-13T07:43:41.000Z","volume":1000,"label":" ","price":3.54},{"type":"A","date":"2018-04-13T07:44:07.000Z","volume":1000,"label":" ","price":3.54},{"type":"A","date":"2018-04-13T07:44:53.000Z","volume":1000,"label":" ","price":3.54},{"type":"A","date":"2018-04-13T07:45:13.000Z","volume":1000,"label":" ","price":3.54},{"type":"A","date":"2018-04-13T07:45:17.000Z","volume":1000,"label":" ","price":3.54},{"type":"A","date":"2018-04-13T07:45:33.000Z","volume":1000,"label":" ","price":3.54},{"type":"A","date":"2018-04-13T07:45:53.000Z","volume":1000,"label":" ","price":3.54},{"type":"A","date":"2018-04-13T07:46:13.000Z","volume":1000,"label":" ","price":3.54},{"type":"A","date":"2018-04-13T07:46:33.000Z","volume":1000,"label":" ","price":3.54},{"type":"A","date":"2018-04-13T07:46:54.000Z","volume":1000,"label":" ","price":3.54},{"type":"A","date":"2018-04-13T07:47:14.000Z","volume":1000,"label":" ","price":3.54},{"type":"A","date":"2018-04-13T07:47:34.000Z","volume":1000,"label":" ","price":3.54},{"type":"A","date":"2018-04-13T07:47:54.000Z","volume":1000,"label":" ","price":3.54},{"type":"A","date":"2018-04-13T07:48:14.000Z","volume":1000,"label":" ","price":3.54},{"type":"A","date":"2018-04-13T07:48:34.000Z","volume":1000,"label":" ","price":3.54},{"type":"A","date":"2018-04-13T07:48:47.000Z","volume":24000,"label":" ","price":3.54},{"type":"A","date":"2018-04-13T07:48:47.000Z","volume":1000,"label":" ","price":3.54},{"type":"A","date":"2018-04-13T07:49:14.000Z","volume":1000,"label":" ","price":3.54},{"type":"A","date":"2018-04-13T07:49:32.000Z","volume":1000,"label":" ","price":3.54},{"type":"A","date":"2018-04-13T07:49:54.000Z","volume":1000,"label":" ","price":3.54},{"type":"A","date":"2018-04-13T07:50:10.000Z","volume":1000,"label":" ","price":3.54},{"type":"A","date":"2018-04-13T07:50:17.000Z","volume":1000,"label":"Y","price":3.54},{"type":"A","date":"2018-04-13T07:50:20.000Z","volume":1000,"label":" ","price":3.54},{"type":"A","date":"2018-04-13T07:50:34.000Z","volume":1000,"label":" ","price":3.54},{"type":"A","date":"2018-04-13T07:50:54.000Z","volume":1000,"label":" ","price":3.54},{"type":"A","date":"2018-04-13T07:51:14.000Z","volume":1000,"label":" ","price":3.54},{"type":"A","date":"2018-04-13T07:51:34.000Z","volume":1000,"label":" ","price":3.54},{"type":"A","date":"2018-04-13T07:51:54.000Z","volume":1000,"label":" ","price":3.54},{"type":"A","date":"2018-04-13T07:52:14.000Z","volume":1000,"label":" ","price":3.54},{"type":"B","date":"2018-04-13T07:52:17.000Z","volume":1000,"label":" ","price":3.53},{"type":"A","date":"2018-04-13T07:52:35.000Z","volume":1000,"label":" ","price":3.54},{"type":"A","date":"2018-04-13T07:52:55.000Z","volume":1000,"label":" ","price":3.54},{"type":"B","date":"2018-04-13T07:52:57.000Z","volume":1000,"label":" ","price":3.53},{"type":"A","date":"2018-04-13T07:53:15.000Z","volume":1000,"label":" ","price":3.54},{"type":"A","date":"2018-04-13T07:53:35.000Z","volume":1000,"label":" ","price":3.54},{"type":"A","date":"2018-04-13T07:53:55.000Z","volume":1000,"label":" ","price":3.54},{"type":"A","date":"2018-04-13T07:54:03.000Z","volume":1000,"label":" ","price":3.54},{"type":"A","date":"2018-04-13T07:54:15.000Z","volume":1000,"label":" ","price":3.54},{"type":"A","date":"2018-04-13T07:54:32.000Z","volume":1000,"label":"Y","price":3.54},{"type":"A","date":"2018-04-13T07:54:32.000Z","volume":1000,"label":" ","price":3.54},{"type":"B","date":"2018-04-13T07:54:46.000Z","volume":5000,"label":" ","price":3.53},{"type":"B","date":"2018-04-13T07:54:51.000Z","volume":10000,"label":" ","price":3.53},{"type":"B","date":"2018-04-13T07:54:53.000Z","volume":6000,"label":" ","price":3.53},{"type":"A","date":"2018-04-13T07:56:15.000Z","volume":1000,"label":" ","price":3.54},{"type":"A","date":"2018-04-13T07:56:35.000Z","volume":1000,"label":" ","price":3.54},{"type":"A","date":"2018-04-13T07:56:50.000Z","volume":4000,"label":" ","price":3.54},{"type":"B","date":"2018-04-13T07:56:51.000Z","volume":4000,"label":" ","price":3.53},{"type":"B","date":"2018-04-13T07:56:53.000Z","volume":2000,"label":" ","price":3.53},{"type":"A","date":"2018-04-13T07:57:17.000Z","volume":1000,"label":" ","price":3.54},{"type":"A","date":"2018-04-13T07:57:35.000Z","volume":1000,"label":" ","price":3.54},{"type":"A","date":"2018-04-13T07:57:55.000Z","volume":5000,"label":" ","price":3.54},{"type":"A","date":"2018-04-13T07:57:55.000Z","volume":1000,"label":" ","price":3.54},{"type":"A","date":"2018-04-13T07:58:15.000Z","volume":1000,"label":" ","price":3.55},{"type":"A","date":"2018-04-13T07:58:18.000Z","volume":1000,"label":" ","price":3.55},{"type":"A","date":"2018-04-13T07:58:34.000Z","volume":1000,"label":" ","price":3.55},{"type":"B","date":"2018-04-13T07:58:38.000Z","volume":1000,"label":" ","price":3.53},{"type":"A","date":"2018-04-13T07:58:55.000Z","volume":2000,"label":" ","price":3.55},{"type":"B","date":"2018-04-13T07:58:58.000Z","volume":2000,"label":" ","price":3.53},{"type":"A","date":"2018-04-13T07:59:01.000Z","volume":1000,"label":" ","price":3.55},{"type":"A","date":"2018-04-13T07:59:07.000Z","volume":2000,"label":" ","price":3.55},{"type":"B","date":"2018-04-13T07:59:22.000Z","volume":1000,"label":" ","price":3.53},{"type":"U","date":"2018-04-13T08:08:17.000Z","volume":34000,"label":"U","price":3.52}]