[{"type":"U","date":"2018-04-06T01:20:00.000Z","volume":16000,"label":"U","price":9.69},{"type":"A","date":"2018-04-06T01:30:02.000Z","volume":2000,"label":" ","price":9.69},{"type":"B","date":"2018-04-06T01:30:17.000Z","volume":4000,"label":" ","price":9.59},{"type":"B","date":"2018-04-06T01:30:17.000Z","volume":18000,"label":" ","price":9.58},{"type":"B","date":"2018-04-06T01:30:17.000Z","volume":4000,"label":" ","price":9.54},{"type":"B","date":"2018-04-06T01:30:17.000Z","volume":2000,"label":" ","price":9.53},{"type":"B","date":"2018-04-06T01:30:17.000Z","volume":6000,"label":" ","price":9.52},{"type":"B","date":"2018-04-06T01:30:17.000Z","volume":10000,"label":" ","price":9.51},{"type":"B","date":"2018-04-06T01:30:17.000Z","volume":6000,"label":" ","price":9.5},{"type":"B","date":"2018-04-06T01:30:17.000Z","volume":2000,"label":" ","price":9.59},{"type":"A","date":"2018-04-06T01:30:17.000Z","volume":2000,"label":" ","price":9.66},{"type":"B","date":"2018-04-06T01:30:17.000Z","volume":4000,"label":" ","price":9.59},{"type":"B","date":"2018-04-06T01:30:19.000Z","volume":8000,"label":" ","price":9.52},{"type":"U","date":"2018-04-06T01:30:19.000Z","volume":2000,"label":" ","price":9.59},{"type":"A","date":"2018-04-06T01:30:20.000Z","volume":2000,"label":" ","price":9.66},{"type":"A","date":"2018-04-06T01:30:31.000Z","volume":2000,"label":" ","price":9.65},{"type":"A","date":"2018-04-06T01:30:31.000Z","volume":2000,"label":" ","price":9.65},{"type":"A","date":"2018-04-06T01:30:31.000Z","volume":2000,"label":" ","price":9.65},{"type":"A","date":"2018-04-06T01:30:31.000Z","volume":4000,"label":" ","price":9.66},{"type":"A","date":"2018-04-06T01:30:32.000Z","volume":2000,"label":" ","price":9.65},{"type":"U","date":"2018-04-06T01:32:32.000Z","volume":2000,"label":" ","price":9.6},{"type":"A","date":"2018-04-06T01:32:32.000Z","volume":2000,"label":" ","price":9.6},{"type":"A","date":"2018-04-06T01:32:33.000Z","volume":2000,"label":"Y","price":9.6},{"type":"A","date":"2018-04-06T01:32:41.000Z","volume":2000,"label":" ","price":9.6},{"type":"A","date":"2018-04-06T01:32:50.000Z","volume":4000,"label":" ","price":9.6},{"type":"B","date":"2018-04-06T01:32:52.000Z","volume":10000,"label":" ","price":9.59},{"type":"A","date":"2018-04-06T01:32:53.000Z","volume":4000,"label":" ","price":9.6},{"type":"A","date":"2018-04-06T01:32:56.000Z","volume":2000,"label":" ","price":9.61},{"type":"A","date":"2018-04-06T01:33:05.000Z","volume":4000,"label":" ","price":9.61},{"type":"A","date":"2018-04-06T01:33:06.000Z","volume":2000,"label":" ","price":9.61},{"type":"A","date":"2018-04-06T01:33:07.000Z","volume":2000,"label":" ","price":9.61},{"type":"A","date":"2018-04-06T01:33:23.000Z","volume":2000,"label":" ","price":9.62},{"type":"A","date":"2018-04-06T01:33:23.000Z","volume":2000,"label":" ","price":9.63},{"type":"A","date":"2018-04-06T01:33:38.000Z","volume":4000,"label":" ","price":9.63},{"type":"B","date":"2018-04-06T01:33:38.000Z","volume":4000,"label":" ","price":9.64},{"type":"B","date":"2018-04-06T01:33:38.000Z","volume":6000,"label":" ","price":9.63},{"type":"A","date":"2018-04-06T01:33:39.000Z","volume":4000,"label":" ","price":9.66},{"type":"A","date":"2018-04-06T01:33:40.000Z","volume":2000,"label":" ","price":9.66},{"type":"A","date":"2018-04-06T01:33:42.000Z","volume":4000,"label":" ","price":9.66},{"type":"B","date":"2018-04-06T01:34:03.000Z","volume":10000,"label":" ","price":9.64},{"type":"A","date":"2018-04-06T01:34:04.000Z","volume":2000,"label":" ","price":9.66},{"type":"A","date":"2018-04-06T01:34:12.000Z","volume":4000,"label":" ","price":9.66},{"type":"A","date":"2018-04-06T01:34:24.000Z","volume":2000,"label":" ","price":9.66},{"type":"B","date":"2018-04-06T01:35:32.000Z","volume":20000,"label":" ","price":9.65},{"type":"A","date":"2018-04-06T01:35:43.000Z","volume":2000,"label":" ","price":9.66},{"type":"B","date":"2018-04-06T01:36:10.000Z","volume":20000,"label":" ","price":9.65},{"type":"A","date":"2018-04-06T01:36:11.000Z","volume":2000,"label":" ","price":9.66},{"type":"A","date":"2018-04-06T01:36:11.000Z","volume":4000,"label":" ","price":9.66},{"type":"A","date":"2018-04-06T01:36:13.000Z","volume":2000,"label":" ","price":9.66},{"type":"A","date":"2018-04-06T01:36:13.000Z","volume":4000,"label":" ","price":9.66},{"type":"B","date":"2018-04-06T01:36:23.000Z","volume":8000,"label":" ","price":9.65},{"type":"A","date":"2018-04-06T01:36:24.000Z","volume":2000,"label":" ","price":9.66},{"type":"A","date":"2018-04-06T01:36:25.000Z","volume":6000,"label":" ","price":9.66},{"type":"B","date":"2018-04-06T01:36:26.000Z","volume":16000,"label":" ","price":9.65},{"type":"A","date":"2018-04-06T01:36:29.000Z","volume":2000,"label":" ","price":9.66},{"type":"A","date":"2018-04-06T01:38:20.000Z","volume":2000,"label":" ","price":9.66},{"type":"B","date":"2018-04-06T01:39:33.000Z","volume":20000,"label":" ","price":9.65},{"type":"B","date":"2018-04-06T01:39:36.000Z","volume":10000,"label":" ","price":9.65},{"type":"B","date":"2018-04-06T01:39:36.000Z","volume":12000,"label":" ","price":9.65},{"type":"A","date":"2018-04-06T01:39:37.000Z","volume":4000,"label":" ","price":9.66},{"type":"B","date":"2018-04-06T01:39:42.000Z","volume":4000,"label":" ","price":9.65},{"type":"A","date":"2018-04-06T01:39:47.000Z","volume":10000,"label":" ","price":9.66},{"type":"A","date":"2018-04-06T01:39:48.000Z","volume":2000,"label":" ","price":9.66},{"type":"B","date":"2018-04-06T01:40:21.000Z","volume":4000,"label":" ","price":9.65},{"type":"B","date":"2018-04-06T01:40:21.000Z","volume":2000,"label":"Y","price":9.65},{"type":"B","date":"2018-04-06T01:40:21.000Z","volume":28000,"label":" ","price":9.65},{"type":"A","date":"2018-04-06T01:40:21.000Z","volume":2000,"label":" ","price":9.66},{"type":"A","date":"2018-04-06T01:40:32.000Z","volume":8000,"label":" ","price":9.66},{"type":"B","date":"2018-04-06T01:40:50.000Z","volume":4000,"label":" ","price":9.65},{"type":"B","date":"2018-04-06T01:40:51.000Z","volume":2000,"label":" ","price":9.65},{"type":"B","date":"2018-04-06T01:40:52.000Z","volume":2000,"label":"Y","price":9.65},{"type":"B","date":"2018-04-06T01:40:58.000Z","volume":4000,"label":" ","price":9.65},{"type":"A","date":"2018-04-06T01:41:00.000Z","volume":2000,"label":" ","price":9.66},{"type":"B","date":"2018-04-06T01:41:25.000Z","volume":14000,"label":" ","price":9.65},{"type":"A","date":"2018-04-06T01:41:33.000Z","volume":6000,"label":" ","price":9.66},{"type":"A","date":"2018-04-06T01:41:34.000Z","volume":4000,"label":" ","price":9.66},{"type":"B","date":"2018-04-06T01:41:42.000Z","volume":10000,"label":" ","price":9.65},{"type":"B","date":"2018-04-06T01:42:09.000Z","volume":10000,"label":" ","price":9.65},{"type":"B","date":"2018-04-06T01:42:32.000Z","volume":2000,"label":"Y","price":9.65},{"type":"B","date":"2018-04-06T01:42:32.000Z","volume":48000,"label":" ","price":9.65},{"type":"A","date":"2018-04-06T01:42:32.000Z","volume":6000,"label":" ","price":9.66},{"type":"A","date":"2018-04-06T01:42:34.000Z","volume":14000,"label":" ","price":9.66},{"type":"A","date":"2018-04-06T01:42:44.000Z","volume":2000,"label":" ","price":9.66},{"type":"A","date":"2018-04-06T01:42:44.000Z","volume":14000,"label":" ","price":9.66},{"type":"A","date":"2018-04-06T01:42:45.000Z","volume":2000,"label":" ","price":9.66},{"type":"A","date":"2018-04-06T01:42:45.000Z","volume":6000,"label":" ","price":9.66},{"type":"A","date":"2018-04-06T01:42:45.000Z","volume":34000,"label":" ","price":9.66},{"type":"A","date":"2018-04-06T01:42:45.000Z","volume":142000,"label":" ","price":9.66},{"type":"A","date":"2018-04-06T01:42:45.000Z","volume":2000,"label":" ","price":9.67},{"type":"A","date":"2018-04-06T01:42:46.000Z","volume":10000,"label":" ","price":9.68},{"type":"A","date":"2018-04-06T01:42:46.000Z","volume":22000,"label":" ","price":9.69},{"type":"A","date":"2018-04-06T01:42:46.000Z","volume":24000,"label":" ","price":9.69},{"type":"A","date":"2018-04-06T01:42:49.000Z","volume":64000,"label":" ","price":9.69},{"type":"A","date":"2018-04-06T01:42:50.000Z","volume":20000,"label":" ","price":9.69},{"type":"A","date":"2018-04-06T01:42:50.000Z","volume":14000,"label":" ","price":9.69},{"type":"A","date":"2018-04-06T01:42:51.000Z","volume":10000,"label":" ","price":9.69},{"type":"A","date":"2018-04-06T01:42:51.000Z","volume":6000,"label":" ","price":9.69},{"type":"A","date":"2018-04-06T01:43:04.000Z","volume":12000,"label":" ","price":9.7},{"type":"A","date":"2018-04-06T01:43:04.000Z","volume":158000,"label":" ","price":9.7},{"type":"A","date":"2018-04-06T01:43:07.000Z","volume":2000,"label":" ","price":9.71},{"type":"A","date":"2018-04-06T01:43:08.000Z","volume":4000,"label":" ","price":9.73},{"type":"A","date":"2018-04-06T01:43:09.000Z","volume":2000,"label":" ","price":9.73},{"type":"B","date":"2018-04-06T01:43:12.000Z","volume":2000,"label":" ","price":9.72},{"type":"A","date":"2018-04-06T01:43:12.000Z","volume":4000,"label":" ","price":9.73},{"type":"B","date":"2018-04-06T01:43:14.000Z","volume":2000,"label":" ","price":9.72},{"type":"A","date":"2018-04-06T01:43:17.000Z","volume":56000,"label":" ","price":9.73},{"type":"A","date":"2018-04-06T01:43:17.000Z","volume":236000,"label":" ","price":9.73},{"type":"A","date":"2018-04-06T01:43:17.000Z","volume":2000,"label":" ","price":9.74},{"type":"A","date":"2018-04-06T01:43:17.000Z","volume":2000,"label":" ","price":9.74},{"type":"A","date":"2018-04-06T01:43:17.000Z","volume":2000,"label":" ","price":9.75},{"type":"A","date":"2018-04-06T01:43:17.000Z","volume":2000,"label":" ","price":9.75},{"type":"A","date":"2018-04-06T01:43:17.000Z","volume":2000,"label":" ","price":9.75},{"type":"U","date":"2018-04-06T01:43:18.000Z","volume":2000,"label":" ","price":9.73},{"type":"A","date":"2018-04-06T01:43:19.000Z","volume":24000,"label":" ","price":9.75},{"type":"A","date":"2018-04-06T01:43:19.000Z","volume":4000,"label":" ","price":9.75},{"type":"A","date":"2018-04-06T01:43:19.000Z","volume":36000,"label":" ","price":9.75},{"type":"A","date":"2018-04-06T01:43:19.000Z","volume":40000,"label":" ","price":9.75},{"type":"A","date":"2018-04-06T01:43:19.000Z","volume":14000,"label":" ","price":9.75},{"type":"B","date":"2018-04-06T01:43:19.000Z","volume":8000,"label":" ","price":9.73},{"type":"B","date":"2018-04-06T01:43:23.000Z","volume":2000,"label":" ","price":9.74},{"type":"A","date":"2018-04-06T01:43:23.000Z","volume":2000,"label":" ","price":9.76},{"type":"B","date":"2018-04-06T01:43:52.000Z","volume":20000,"label":" ","price":9.78},{"type":"B","date":"2018-04-06T01:43:52.000Z","volume":24000,"label":" ","price":9.78},{"type":"A","date":"2018-04-06T01:43:55.000Z","volume":10000,"label":" ","price":9.78},{"type":"A","date":"2018-04-06T01:43:58.000Z","volume":2000,"label":" ","price":9.79},{"type":"A","date":"2018-04-06T01:43:59.000Z","volume":4000,"label":" ","price":9.79},{"type":"A","date":"2018-04-06T01:44:04.000Z","volume":36000,"label":" ","price":9.79},{"type":"A","date":"2018-04-06T01:44:13.000Z","volume":30000,"label":" ","price":9.79},{"type":"A","date":"2018-04-06T01:44:14.000Z","volume":10000,"label":" ","price":9.79},{"type":"A","date":"2018-04-06T01:44:17.000Z","volume":4000,"label":" ","price":9.79},{"type":"A","date":"2018-04-06T01:44:17.000Z","volume":4000,"label":" ","price":9.79},{"type":"A","date":"2018-04-06T01:44:21.000Z","volume":22000,"label":" ","price":9.79},{"type":"A","date":"2018-04-06T01:44:23.000Z","volume":40000,"label":" ","price":9.79},{"type":"A","date":"2018-04-06T01:44:26.000Z","volume":82000,"label":" ","price":9.79},{"type":"A","date":"2018-04-06T01:44:26.000Z","volume":4000,"label":" ","price":9.79},{"type":"A","date":"2018-04-06T01:44:26.000Z","volume":4000,"label":" ","price":9.79},{"type":"A","date":"2018-04-06T01:44:26.000Z","volume":4000,"label":" ","price":9.79},{"type":"A","date":"2018-04-06T01:44:27.000Z","volume":6000,"label":" ","price":9.79},{"type":"A","date":"2018-04-06T01:44:32.000Z","volume":10000,"label":" ","price":9.79},{"type":"A","date":"2018-04-06T01:44:33.000Z","volume":4000,"label":" ","price":9.79},{"type":"A","date":"2018-04-06T01:44:36.000Z","volume":2000,"label":"Y","price":9.79},{"type":"A","date":"2018-04-06T01:44:36.000Z","volume":34000,"label":" ","price":9.79},{"type":"A","date":"2018-04-06T01:44:40.000Z","volume":4000,"label":" ","price":9.8},{"type":"B","date":"2018-04-06T01:44:40.000Z","volume":14000,"label":" ","price":9.79},{"type":"A","date":"2018-04-06T01:44:40.000Z","volume":2000,"label":" ","price":9.8},{"type":"A","date":"2018-04-06T01:44:40.000Z","volume":4000,"label":" ","price":9.8},{"type":"A","date":"2018-04-06T01:44:48.000Z","volume":18000,"label":" ","price":9.8},{"type":"B","date":"2018-04-06T01:45:02.000Z","volume":2000,"label":" ","price":9.79},{"type":"B","date":"2018-04-06T01:45:06.000Z","volume":6000,"label":" ","price":9.79},{"type":"B","date":"2018-04-06T01:45:06.000Z","volume":32000,"label":" ","price":9.78},{"type":"B","date":"2018-04-06T01:45:10.000Z","volume":24000,"label":" ","price":9.79},{"type":"B","date":"2018-04-06T01:45:18.000Z","volume":24000,"label":" ","price":9.78},{"type":"B","date":"2018-04-06T01:45:23.000Z","volume":64000,"label":" ","price":9.77},{"type":"B","date":"2018-04-06T01:45:23.000Z","volume":66000,"label":" ","price":9.76},{"type":"B","date":"2018-04-06T01:45:23.000Z","volume":14000,"label":" ","price":9.76},{"type":"B","date":"2018-04-06T01:45:23.000Z","volume":16000,"label":" ","price":9.75},{"type":"U","date":"2018-04-06T01:45:23.000Z","volume":4000,"label":" ","price":9.78},{"type":"B","date":"2018-04-06T01:45:23.000Z","volume":8000,"label":" ","price":9.74},{"type":"B","date":"2018-04-06T01:45:23.000Z","volume":14000,"label":" ","price":9.73},{"type":"B","date":"2018-04-06T01:45:24.000Z","volume":6000,"label":" ","price":9.71},{"type":"B","date":"2018-04-06T01:45:31.000Z","volume":4000,"label":" ","price":9.71},{"type":"U","date":"2018-04-06T01:45:32.000Z","volume":10000,"label":" ","price":9.72},{"type":"A","date":"2018-04-06T01:45:46.000Z","volume":4000,"label":" ","price":9.74},{"type":"B","date":"2018-04-06T01:46:02.000Z","volume":2000,"label":" ","price":9.67},{"type":"A","date":"2018-04-06T01:46:28.000Z","volume":2000,"label":" ","price":9.7},{"type":"A","date":"2018-04-06T01:46:30.000Z","volume":4000,"label":" ","price":9.7},{"type":"A","date":"2018-04-06T01:46:42.000Z","volume":6000,"label":" ","price":9.7},{"type":"U","date":"2018-04-06T01:48:12.000Z","volume":4000,"label":" ","price":9.7},{"type":"B","date":"2018-04-06T01:48:40.000Z","volume":8000,"label":" ","price":9.69},{"type":"B","date":"2018-04-06T01:48:49.000Z","volume":2000,"label":" ","price":9.69},{"type":"A","date":"2018-04-06T01:49:28.000Z","volume":4000,"label":" ","price":9.7},{"type":"A","date":"2018-04-06T01:49:28.000Z","volume":2000,"label":" ","price":9.7},{"type":"B","date":"2018-04-06T01:49:44.000Z","volume":8000,"label":" ","price":9.68},{"type":"B","date":"2018-04-06T01:50:13.000Z","volume":4000,"label":"Y","price":9.68},{"type":"B","date":"2018-04-06T01:50:13.000Z","volume":24000,"label":" ","price":9.68},{"type":"B","date":"2018-04-06T01:50:13.000Z","volume":8000,"label":" ","price":9.67},{"type":"B","date":"2018-04-06T01:50:13.000Z","volume":6000,"label":" ","price":9.68},{"type":"B","date":"2018-04-06T01:50:13.000Z","volume":2000,"label":" ","price":9.67},{"type":"B","date":"2018-04-06T01:50:13.000Z","volume":8000,"label":" ","price":9.66},{"type":"B","date":"2018-04-06T01:50:13.000Z","volume":4000,"label":" ","price":9.66},{"type":"B","date":"2018-04-06T01:50:13.000Z","volume":2000,"label":" ","price":9.64},{"type":"A","date":"2018-04-06T01:50:35.000Z","volume":2000,"label":" ","price":9.64},{"type":"A","date":"2018-04-06T01:51:05.000Z","volume":10000,"label":" ","price":9.64},{"type":"B","date":"2018-04-06T01:53:55.000Z","volume":8000,"label":" ","price":9.63},{"type":"U","date":"2018-04-06T01:53:57.000Z","volume":4000,"label":" ","price":9.64},{"type":"A","date":"2018-04-06T01:53:58.000Z","volume":2000,"label":" ","price":9.66},{"type":"B","date":"2018-04-06T01:55:00.000Z","volume":6000,"label":" ","price":9.63},{"type":"B","date":"2018-04-06T01:55:00.000Z","volume":14000,"label":" ","price":9.63},{"type":"A","date":"2018-04-06T01:56:00.000Z","volume":36000,"label":" ","price":9.65},{"type":"A","date":"2018-04-06T01:56:01.000Z","volume":2000,"label":" ","price":9.66},{"type":"A","date":"2018-04-06T01:57:00.000Z","volume":2000,"label":" ","price":9.66},{"type":"B","date":"2018-04-06T01:58:22.000Z","volume":2000,"label":" ","price":9.65},{"type":"A","date":"2018-04-06T01:58:31.000Z","volume":4000,"label":" ","price":9.66},{"type":"B","date":"2018-04-06T01:59:31.000Z","volume":4000,"label":" ","price":9.65},{"type":"A","date":"2018-04-06T02:00:18.000Z","volume":2000,"label":" ","price":9.66},{"type":"A","date":"2018-04-06T02:00:33.000Z","volume":4000,"label":" ","price":9.66},{"type":"A","date":"2018-04-06T02:00:34.000Z","volume":2000,"label":" ","price":9.66},{"type":"A","date":"2018-04-06T02:01:24.000Z","volume":20000,"label":" ","price":9.67},{"type":"A","date":"2018-04-06T02:01:46.000Z","volume":14000,"label":" ","price":9.68},{"type":"A","date":"2018-04-06T02:02:12.000Z","volume":4000,"label":" ","price":9.69},{"type":"A","date":"2018-04-06T02:02:13.000Z","volume":2000,"label":" ","price":9.69},{"type":"A","date":"2018-04-06T02:02:15.000Z","volume":2000,"label":" ","price":9.69},{"type":"A","date":"2018-04-06T02:02:36.000Z","volume":4000,"label":" ","price":9.7},{"type":"A","date":"2018-04-06T02:02:42.000Z","volume":4000,"label":" ","price":9.71},{"type":"A","date":"2018-04-06T02:02:57.000Z","volume":2000,"label":" ","price":9.72},{"type":"A","date":"2018-04-06T02:03:06.000Z","volume":30000,"label":" ","price":9.73},{"type":"A","date":"2018-04-06T02:03:07.000Z","volume":2000,"label":" ","price":9.73},{"type":"A","date":"2018-04-06T02:03:10.000Z","volume":2000,"label":" ","price":9.72},{"type":"A","date":"2018-04-06T02:03:49.000Z","volume":10000,"label":" ","price":9.73},{"type":"A","date":"2018-04-06T02:03:49.000Z","volume":10000,"label":" ","price":9.73},{"type":"A","date":"2018-04-06T02:03:49.000Z","volume":40000,"label":" ","price":9.73},{"type":"A","date":"2018-04-06T02:03:50.000Z","volume":2000,"label":" ","price":9.73},{"type":"U","date":"2018-04-06T02:03:53.000Z","volume":2000,"label":"X","price":9.687},{"type":"B","date":"2018-04-06T02:04:39.000Z","volume":10000,"label":" ","price":9.72},{"type":"A","date":"2018-04-06T02:04:43.000Z","volume":2000,"label":" ","price":9.73},{"type":"A","date":"2018-04-06T02:04:43.000Z","volume":2000,"label":" ","price":9.73},{"type":"B","date":"2018-04-06T02:04:58.000Z","volume":20000,"label":" ","price":9.72},{"type":"A","date":"2018-04-06T02:04:58.000Z","volume":2000,"label":"Y","price":9.73},{"type":"A","date":"2018-04-06T02:04:58.000Z","volume":14000,"label":" ","price":9.73},{"type":"A","date":"2018-04-06T02:05:09.000Z","volume":2000,"label":" ","price":9.74},{"type":"A","date":"2018-04-06T02:05:13.000Z","volume":2000,"label":" ","price":9.75},{"type":"B","date":"2018-04-06T02:07:09.000Z","volume":10000,"label":" ","price":9.73},{"type":"B","date":"2018-04-06T02:08:39.000Z","volume":2000,"label":" ","price":9.73},{"type":"A","date":"2018-04-06T02:08:51.000Z","volume":20000,"label":" ","price":9.75},{"type":"A","date":"2018-04-06T02:09:05.000Z","volume":10000,"label":" ","price":9.75},{"type":"A","date":"2018-04-06T02:09:13.000Z","volume":2000,"label":" ","price":9.76},{"type":"A","date":"2018-04-06T02:09:30.000Z","volume":2000,"label":" ","price":9.77},{"type":"B","date":"2018-04-06T02:09:33.000Z","volume":10000,"label":" ","price":9.75},{"type":"U","date":"2018-04-06T02:10:10.000Z","volume":2000,"label":" ","price":9.76},{"type":"A","date":"2018-04-06T02:10:10.000Z","volume":2000,"label":" ","price":9.77},{"type":"B","date":"2018-04-06T02:10:10.000Z","volume":2000,"label":"Y","price":9.76},{"type":"A","date":"2018-04-06T02:10:58.000Z","volume":2000,"label":" ","price":9.77},{"type":"B","date":"2018-04-06T02:11:03.000Z","volume":14000,"label":" ","price":9.76},{"type":"A","date":"2018-04-06T02:11:05.000Z","volume":2000,"label":" ","price":9.76},{"type":"A","date":"2018-04-06T02:11:05.000Z","volume":2000,"label":" ","price":9.77},{"type":"A","date":"2018-04-06T02:11:05.000Z","volume":8000,"label":" ","price":9.78},{"type":"A","date":"2018-04-06T02:11:11.000Z","volume":2000,"label":" ","price":9.78},{"type":"B","date":"2018-04-06T02:11:15.000Z","volume":20000,"label":" ","price":9.77},{"type":"A","date":"2018-04-06T02:11:15.000Z","volume":4000,"label":" ","price":9.77},{"type":"A","date":"2018-04-06T02:11:15.000Z","volume":2000,"label":" ","price":9.77},{"type":"B","date":"2018-04-06T02:11:21.000Z","volume":4000,"label":" ","price":9.76},{"type":"B","date":"2018-04-06T02:11:21.000Z","volume":12000,"label":" ","price":9.76},{"type":"B","date":"2018-04-06T02:11:22.000Z","volume":2000,"label":" ","price":9.75},{"type":"B","date":"2018-04-06T02:11:22.000Z","volume":14000,"label":" ","price":9.75},{"type":"B","date":"2018-04-06T02:11:22.000Z","volume":4000,"label":" ","price":9.74},{"type":"U","date":"2018-04-06T02:11:22.000Z","volume":2000,"label":" ","price":9.74},{"type":"U","date":"2018-04-06T02:11:22.000Z","volume":2000,"label":" ","price":9.74},{"type":"B","date":"2018-04-06T02:11:23.000Z","volume":6000,"label":" ","price":9.73},{"type":"A","date":"2018-04-06T02:12:43.000Z","volume":2000,"label":" ","price":9.76},{"type":"B","date":"2018-04-06T02:15:25.000Z","volume":14000,"label":" ","price":9.73},{"type":"B","date":"2018-04-06T02:15:25.000Z","volume":4000,"label":" ","price":9.72},{"type":"B","date":"2018-04-06T02:15:25.000Z","volume":2000,"label":" ","price":9.72},{"type":"A","date":"2018-04-06T02:15:25.000Z","volume":2000,"label":" ","price":9.74},{"type":"A","date":"2018-04-06T02:16:26.000Z","volume":6000,"label":" ","price":9.74},{"type":"A","date":"2018-04-06T02:16:26.000Z","volume":6000,"label":"Y","price":9.75},{"type":"A","date":"2018-04-06T02:16:26.000Z","volume":8000,"label":" ","price":9.75},{"type":"A","date":"2018-04-06T02:16:28.000Z","volume":2000,"label":" ","price":9.75},{"type":"A","date":"2018-04-06T02:16:35.000Z","volume":2000,"label":" ","price":9.75},{"type":"A","date":"2018-04-06T02:17:34.000Z","volume":2000,"label":" ","price":9.76},{"type":"U","date":"2018-04-06T02:17:38.000Z","volume":2000,"label":" ","price":9.75},{"type":"A","date":"2018-04-06T02:17:55.000Z","volume":38000,"label":" ","price":9.76},{"type":"A","date":"2018-04-06T02:17:58.000Z","volume":2000,"label":" ","price":9.77},{"type":"A","date":"2018-04-06T02:17:59.000Z","volume":6000,"label":" ","price":9.77},{"type":"A","date":"2018-04-06T02:18:04.000Z","volume":2000,"label":" ","price":9.77},{"type":"A","date":"2018-04-06T02:18:39.000Z","volume":16000,"label":" ","price":9.78},{"type":"B","date":"2018-04-06T02:18:40.000Z","volume":10000,"label":" ","price":9.76},{"type":"B","date":"2018-04-06T02:18:50.000Z","volume":2000,"label":" ","price":9.76},{"type":"A","date":"2018-04-06T02:19:02.000Z","volume":10000,"label":" ","price":9.78},{"type":"A","date":"2018-04-06T02:19:59.000Z","volume":58000,"label":" ","price":9.78},{"type":"A","date":"2018-04-06T02:19:59.000Z","volume":36000,"label":" ","price":9.78},{"type":"A","date":"2018-04-06T02:20:09.000Z","volume":108000,"label":" ","price":9.78},{"type":"A","date":"2018-04-06T02:20:09.000Z","volume":116000,"label":" ","price":9.78},{"type":"A","date":"2018-04-06T02:20:12.000Z","volume":100000,"label":" ","price":9.79},{"type":"A","date":"2018-04-06T02:20:13.000Z","volume":2000,"label":" ","price":9.8},{"type":"A","date":"2018-04-06T02:20:14.000Z","volume":100000,"label":" ","price":9.8},{"type":"A","date":"2018-04-06T02:20:15.000Z","volume":20000,"label":" ","price":9.8},{"type":"A","date":"2018-04-06T02:20:15.000Z","volume":6000,"label":" ","price":9.8},{"type":"A","date":"2018-04-06T02:20:15.000Z","volume":20000,"label":" ","price":9.8},{"type":"B","date":"2018-04-06T02:20:15.000Z","volume":2000,"label":" ","price":9.78},{"type":"A","date":"2018-04-06T02:20:15.000Z","volume":16000,"label":" ","price":9.8},{"type":"A","date":"2018-04-06T02:20:16.000Z","volume":214000,"label":" ","price":9.8},{"type":"A","date":"2018-04-06T02:20:17.000Z","volume":22000,"label":" ","price":9.8},{"type":"A","date":"2018-04-06T02:20:17.000Z","volume":26000,"label":" ","price":9.8},{"type":"A","date":"2018-04-06T02:20:17.000Z","volume":20000,"label":" ","price":9.8},{"type":"A","date":"2018-04-06T02:20:22.000Z","volume":2000,"label":" ","price":9.82},{"type":"A","date":"2018-04-06T02:20:22.000Z","volume":22000,"label":" ","price":9.83},{"type":"A","date":"2018-04-06T02:20:28.000Z","volume":4000,"label":" ","price":9.84},{"type":"A","date":"2018-04-06T02:20:36.000Z","volume":118000,"label":" ","price":9.85},{"type":"A","date":"2018-04-06T02:20:44.000Z","volume":4000,"label":" ","price":9.85},{"type":"A","date":"2018-04-06T02:21:30.000Z","volume":4000,"label":" ","price":9.87},{"type":"U","date":"2018-04-06T02:21:34.000Z","volume":4000,"label":" ","price":9.87},{"type":"U","date":"2018-04-06T02:21:35.000Z","volume":2000,"label":" ","price":9.87},{"type":"B","date":"2018-04-06T02:21:35.000Z","volume":2000,"label":"Y","price":9.86},{"type":"B","date":"2018-04-06T02:21:35.000Z","volume":2000,"label":" ","price":9.86},{"type":"U","date":"2018-04-06T02:21:37.000Z","volume":2000,"label":" ","price":9.86},{"type":"U","date":"2018-04-06T02:21:37.000Z","volume":2000,"label":" ","price":9.86},{"type":"B","date":"2018-04-06T02:21:42.000Z","volume":22000,"label":" ","price":9.85},{"type":"B","date":"2018-04-06T02:21:42.000Z","volume":28000,"label":" ","price":9.84},{"type":"A","date":"2018-04-06T02:21:42.000Z","volume":4000,"label":" ","price":9.85},{"type":"A","date":"2018-04-06T02:21:42.000Z","volume":2000,"label":" ","price":9.85},{"type":"U","date":"2018-04-06T02:21:42.000Z","volume":6000,"label":" ","price":9.84},{"type":"B","date":"2018-04-06T02:21:46.000Z","volume":58000,"label":" ","price":9.83},{"type":"U","date":"2018-04-06T02:21:46.000Z","volume":4000,"label":" ","price":9.83},{"type":"B","date":"2018-04-06T02:21:46.000Z","volume":22000,"label":" ","price":9.82},{"type":"U","date":"2018-04-06T02:21:46.000Z","volume":6000,"label":" ","price":9.84},{"type":"B","date":"2018-04-06T02:21:47.000Z","volume":32000,"label":" ","price":9.8},{"type":"A","date":"2018-04-06T02:22:41.000Z","volume":10000,"label":" ","price":9.8},{"type":"A","date":"2018-04-06T02:22:46.000Z","volume":14000,"label":" ","price":9.8},{"type":"B","date":"2018-04-06T02:24:15.000Z","volume":2000,"label":" ","price":9.81},{"type":"B","date":"2018-04-06T02:24:20.000Z","volume":2000,"label":" ","price":9.82},{"type":"B","date":"2018-04-06T02:24:20.000Z","volume":6000,"label":" ","price":9.82},{"type":"B","date":"2018-04-06T02:24:21.000Z","volume":12000,"label":" ","price":9.81},{"type":"A","date":"2018-04-06T02:24:31.000Z","volume":4000,"label":" ","price":9.83},{"type":"B","date":"2018-04-06T02:24:32.000Z","volume":4000,"label":" ","price":9.83},{"type":"A","date":"2018-04-06T02:26:09.000Z","volume":20000,"label":" ","price":9.85},{"type":"A","date":"2018-04-06T02:26:15.000Z","volume":2000,"label":" ","price":9.85},{"type":"B","date":"2018-04-06T02:26:18.000Z","volume":14000,"label":" ","price":9.83},{"type":"U","date":"2018-04-06T02:26:18.000Z","volume":6000,"label":" ","price":9.83},{"type":"B","date":"2018-04-06T02:26:18.000Z","volume":8000,"label":" ","price":9.82},{"type":"B","date":"2018-04-06T02:26:32.000Z","volume":6000,"label":" ","price":9.81},{"type":"B","date":"2018-04-06T02:26:32.000Z","volume":4000,"label":" ","price":9.8},{"type":"B","date":"2018-04-06T02:26:36.000Z","volume":2000,"label":" ","price":9.81},{"type":"B","date":"2018-04-06T02:29:52.000Z","volume":2000,"label":" ","price":9.77},{"type":"U","date":"2018-04-06T02:30:58.000Z","volume":2000,"label":"X","price":9.828},{"type":"A","date":"2018-04-06T02:35:20.000Z","volume":4000,"label":" ","price":9.78},{"type":"A","date":"2018-04-06T02:35:20.000Z","volume":2000,"label":" ","price":9.78},{"type":"A","date":"2018-04-06T02:36:57.000Z","volume":2000,"label":" ","price":9.78},{"type":"A","date":"2018-04-06T02:36:57.000Z","volume":2000,"label":" ","price":9.79},{"type":"A","date":"2018-04-06T02:38:24.000Z","volume":4000,"label":" ","price":9.79},{"type":"A","date":"2018-04-06T02:38:24.000Z","volume":4000,"label":" ","price":9.79},{"type":"A","date":"2018-04-06T02:38:24.000Z","volume":2000,"label":" ","price":9.8},{"type":"A","date":"2018-04-06T02:38:33.000Z","volume":2000,"label":" ","price":9.79},{"type":"B","date":"2018-04-06T02:40:07.000Z","volume":10000,"label":" ","price":9.78},{"type":"A","date":"2018-04-06T02:40:12.000Z","volume":10000,"label":" ","price":9.8},{"type":"A","date":"2018-04-06T02:40:13.000Z","volume":2000,"label":" ","price":9.8},{"type":"A","date":"2018-04-06T02:41:00.000Z","volume":2000,"label":" ","price":9.8},{"type":"A","date":"2018-04-06T02:41:09.000Z","volume":4000,"label":" ","price":9.8},{"type":"B","date":"2018-04-06T02:44:01.000Z","volume":32000,"label":" ","price":9.79},{"type":"B","date":"2018-04-06T02:44:01.000Z","volume":14000,"label":" ","price":9.79},{"type":"B","date":"2018-04-06T02:44:04.000Z","volume":22000,"label":" ","price":9.78},{"type":"B","date":"2018-04-06T02:44:04.000Z","volume":14000,"label":" ","price":9.77},{"type":"U","date":"2018-04-06T02:44:04.000Z","volume":2000,"label":" ","price":9.77},{"type":"U","date":"2018-04-06T02:44:05.000Z","volume":2000,"label":" ","price":9.77},{"type":"B","date":"2018-04-06T02:44:05.000Z","volume":12000,"label":" ","price":9.76},{"type":"B","date":"2018-04-06T02:44:18.000Z","volume":12000,"label":" ","price":9.75},{"type":"B","date":"2018-04-06T02:44:18.000Z","volume":4000,"label":" ","price":9.75},{"type":"U","date":"2018-04-06T02:44:32.000Z","volume":2000,"label":" ","price":9.75},{"type":"B","date":"2018-04-06T02:44:32.000Z","volume":6000,"label":" ","price":9.74},{"type":"B","date":"2018-04-06T02:45:30.000Z","volume":16000,"label":" ","price":9.73},{"type":"B","date":"2018-04-06T02:45:30.000Z","volume":16000,"label":" ","price":9.72},{"type":"U","date":"2018-04-06T02:45:30.000Z","volume":4000,"label":" ","price":9.72},{"type":"A","date":"2018-04-06T02:45:30.000Z","volume":2000,"label":" ","price":9.75},{"type":"U","date":"2018-04-06T02:45:30.000Z","volume":2000,"label":" ","price":9.74},{"type":"U","date":"2018-04-06T02:45:48.000Z","volume":2000,"label":" ","price":9.73},{"type":"B","date":"2018-04-06T02:46:26.000Z","volume":4000,"label":" ","price":9.71},{"type":"B","date":"2018-04-06T02:46:38.000Z","volume":10000,"label":" ","price":9.7},{"type":"B","date":"2018-04-06T02:46:43.000Z","volume":6000,"label":" ","price":9.7},{"type":"A","date":"2018-04-06T02:46:54.000Z","volume":22000,"label":" ","price":9.7},{"type":"B","date":"2018-04-06T02:47:14.000Z","volume":10000,"label":" ","price":9.7},{"type":"A","date":"2018-04-06T02:47:26.000Z","volume":2000,"label":" ","price":9.71},{"type":"A","date":"2018-04-06T02:47:26.000Z","volume":4000,"label":" ","price":9.71},{"type":"A","date":"2018-04-06T02:47:26.000Z","volume":12000,"label":" ","price":9.71},{"type":"A","date":"2018-04-06T02:48:15.000Z","volume":2000,"label":" ","price":9.73},{"type":"A","date":"2018-04-06T02:48:22.000Z","volume":10000,"label":" ","price":9.73},{"type":"U","date":"2018-04-06T02:49:54.000Z","volume":2000,"label":"X","price":9.749},{"type":"A","date":"2018-04-06T02:55:04.000Z","volume":4000,"label":" ","price":9.79},{"type":"A","date":"2018-04-06T02:55:15.000Z","volume":2000,"label":" ","price":9.79},{"type":"A","date":"2018-04-06T02:55:30.000Z","volume":10000,"label":" ","price":9.8},{"type":"A","date":"2018-04-06T02:57:29.000Z","volume":10000,"label":" ","price":9.8},{"type":"A","date":"2018-04-06T02:58:28.000Z","volume":10000,"label":" ","price":9.8},{"type":"A","date":"2018-04-06T02:59:43.000Z","volume":2000,"label":" ","price":9.8},{"type":"B","date":"2018-04-06T02:59:44.000Z","volume":4000,"label":" ","price":9.79},{"type":"A","date":"2018-04-06T03:01:00.000Z","volume":4000,"label":" ","price":9.8},{"type":"A","date":"2018-04-06T03:02:11.000Z","volume":2000,"label":" ","price":9.8},{"type":"B","date":"2018-04-06T03:06:12.000Z","volume":20000,"label":" ","price":9.79},{"type":"B","date":"2018-04-06T03:06:12.000Z","volume":32000,"label":" ","price":9.79},{"type":"U","date":"2018-04-06T03:06:12.000Z","volume":2000,"label":" ","price":9.79},{"type":"B","date":"2018-04-06T03:06:13.000Z","volume":16000,"label":" ","price":9.79},{"type":"B","date":"2018-04-06T03:06:13.000Z","volume":12000,"label":" ","price":9.78},{"type":"B","date":"2018-04-06T03:06:13.000Z","volume":16000,"label":" ","price":9.77},{"type":"B","date":"2018-04-06T03:06:13.000Z","volume":12000,"label":" ","price":9.77},{"type":"B","date":"2018-04-06T03:06:19.000Z","volume":10000,"label":" ","price":9.76},{"type":"B","date":"2018-04-06T03:06:30.000Z","volume":4000,"label":" ","price":9.75},{"type":"B","date":"2018-04-06T03:06:30.000Z","volume":4000,"label":" ","price":9.74},{"type":"B","date":"2018-04-06T03:07:23.000Z","volume":2000,"label":" ","price":9.74},{"type":"B","date":"2018-04-06T03:07:25.000Z","volume":2000,"label":" ","price":9.74},{"type":"B","date":"2018-04-06T03:07:50.000Z","volume":6000,"label":" ","price":9.73},{"type":"B","date":"2018-04-06T03:07:53.000Z","volume":2000,"label":" ","price":9.73},{"type":"A","date":"2018-04-06T03:07:55.000Z","volume":4000,"label":" ","price":9.77},{"type":"A","date":"2018-04-06T03:11:56.000Z","volume":2000,"label":"Y","price":9.77},{"type":"A","date":"2018-04-06T03:11:56.000Z","volume":6000,"label":" ","price":9.77},{"type":"A","date":"2018-04-06T03:11:57.000Z","volume":2000,"label":"Y","price":9.77},{"type":"A","date":"2018-04-06T03:12:01.000Z","volume":2000,"label":" ","price":9.77},{"type":"A","date":"2018-04-06T03:13:19.000Z","volume":2000,"label":" ","price":9.77},{"type":"A","date":"2018-04-06T03:16:38.000Z","volume":8000,"label":" ","price":9.77},{"type":"A","date":"2018-04-06T03:16:38.000Z","volume":2000,"label":" ","price":9.78},{"type":"A","date":"2018-04-06T03:16:38.000Z","volume":8000,"label":" ","price":9.79},{"type":"A","date":"2018-04-06T03:16:38.000Z","volume":94000,"label":" ","price":9.8},{"type":"A","date":"2018-04-06T03:16:38.000Z","volume":2000,"label":" ","price":9.81},{"type":"A","date":"2018-04-06T03:16:38.000Z","volume":8000,"label":" ","price":9.81},{"type":"A","date":"2018-04-06T03:16:50.000Z","volume":4000,"label":" ","price":9.82},{"type":"B","date":"2018-04-06T03:16:52.000Z","volume":4000,"label":" ","price":9.81},{"type":"B","date":"2018-04-06T03:17:21.000Z","volume":2000,"label":" ","price":9.82},{"type":"B","date":"2018-04-06T03:17:41.000Z","volume":28000,"label":" ","price":9.82},{"type":"B","date":"2018-04-06T03:17:41.000Z","volume":6000,"label":" ","price":9.81},{"type":"A","date":"2018-04-06T03:17:41.000Z","volume":2000,"label":" ","price":9.82},{"type":"A","date":"2018-04-06T03:17:41.000Z","volume":4000,"label":"Y","price":9.83},{"type":"A","date":"2018-04-06T03:17:41.000Z","volume":10000,"label":" ","price":9.83},{"type":"A","date":"2018-04-06T03:17:41.000Z","volume":20000,"label":" ","price":9.82},{"type":"A","date":"2018-04-06T03:17:42.000Z","volume":2000,"label":" ","price":9.83},{"type":"B","date":"2018-04-06T03:18:11.000Z","volume":106000,"label":" ","price":9.8},{"type":"B","date":"2018-04-06T03:18:11.000Z","volume":6000,"label":" ","price":9.78},{"type":"A","date":"2018-04-06T03:18:11.000Z","volume":6000,"label":" ","price":9.82},{"type":"U","date":"2018-04-06T03:18:11.000Z","volume":8000,"label":" ","price":9.8},{"type":"B","date":"2018-04-06T03:22:15.000Z","volume":10000,"label":" ","price":9.75},{"type":"A","date":"2018-04-06T03:22:36.000Z","volume":8000,"label":" ","price":9.78},{"type":"B","date":"2018-04-06T03:22:41.000Z","volume":2000,"label":" ","price":9.76},{"type":"B","date":"2018-04-06T03:24:09.000Z","volume":6000,"label":" ","price":9.75},{"type":"A","date":"2018-04-06T03:24:10.000Z","volume":2000,"label":" ","price":9.75},{"type":"A","date":"2018-04-06T03:26:47.000Z","volume":4000,"label":" ","price":9.79},{"type":"A","date":"2018-04-06T03:27:48.000Z","volume":4000,"label":" ","price":9.79},{"type":"B","date":"2018-04-06T03:28:32.000Z","volume":2000,"label":" ","price":9.76},{"type":"A","date":"2018-04-06T03:28:56.000Z","volume":2000,"label":" ","price":9.79},{"type":"A","date":"2018-04-06T03:33:24.000Z","volume":26000,"label":" ","price":9.79},{"type":"A","date":"2018-04-06T03:33:24.000Z","volume":4000,"label":" ","price":9.79},{"type":"U","date":"2018-04-06T03:33:24.000Z","volume":2000,"label":" ","price":9.79},{"type":"A","date":"2018-04-06T03:33:25.000Z","volume":2000,"label":" ","price":9.8},{"type":"A","date":"2018-04-06T03:34:40.000Z","volume":2000,"label":" ","price":9.79},{"type":"A","date":"2018-04-06T03:35:49.000Z","volume":12000,"label":" ","price":9.79},{"type":"A","date":"2018-04-06T03:36:06.000Z","volume":2000,"label":" ","price":9.8},{"type":"A","date":"2018-04-06T03:37:37.000Z","volume":2000,"label":" ","price":9.8},{"type":"B","date":"2018-04-06T03:40:18.000Z","volume":4000,"label":" ","price":9.79},{"type":"U","date":"2018-04-06T03:40:22.000Z","volume":2000,"label":"X","price":9.791},{"type":"B","date":"2018-04-06T03:43:23.000Z","volume":14000,"label":" ","price":9.79},{"type":"B","date":"2018-04-06T03:43:23.000Z","volume":12000,"label":" ","price":9.78},{"type":"A","date":"2018-04-06T03:43:23.000Z","volume":18000,"label":" ","price":9.79},{"type":"B","date":"2018-04-06T03:43:37.000Z","volume":2000,"label":" ","price":9.78},{"type":"B","date":"2018-04-06T03:43:37.000Z","volume":4000,"label":" ","price":9.78},{"type":"A","date":"2018-04-06T03:43:49.000Z","volume":2000,"label":" ","price":9.79},{"type":"B","date":"2018-04-06T03:43:49.000Z","volume":14000,"label":" ","price":9.78},{"type":"B","date":"2018-04-06T03:43:49.000Z","volume":4000,"label":" ","price":9.77},{"type":"A","date":"2018-04-06T03:43:49.000Z","volume":2000,"label":" ","price":9.78},{"type":"B","date":"2018-04-06T03:43:49.000Z","volume":10000,"label":" ","price":9.76},{"type":"A","date":"2018-04-06T03:44:08.000Z","volume":2000,"label":"Y","price":9.78},{"type":"U","date":"2018-04-06T03:45:59.000Z","volume":2000,"label":" ","price":9.76},{"type":"A","date":"2018-04-06T03:49:45.000Z","volume":2000,"label":" ","price":9.77},{"type":"A","date":"2018-04-06T03:49:45.000Z","volume":2000,"label":" ","price":9.77},{"type":"A","date":"2018-04-06T03:52:48.000Z","volume":12000,"label":" ","price":9.78},{"type":"A","date":"2018-04-06T03:54:03.000Z","volume":36000,"label":" ","price":9.79},{"type":"A","date":"2018-04-06T03:54:04.000Z","volume":2000,"label":" ","price":9.79},{"type":"B","date":"2018-04-06T03:54:08.000Z","volume":2000,"label":" ","price":9.77},{"type":"A","date":"2018-04-06T03:54:11.000Z","volume":40000,"label":" ","price":9.79},{"type":"A","date":"2018-04-06T03:54:23.000Z","volume":2000,"label":" ","price":9.79},{"type":"A","date":"2018-04-06T03:55:15.000Z","volume":2000,"label":" ","price":9.78},{"type":"U","date":"2018-04-06T03:55:21.000Z","volume":20000,"label":" ","price":9.78},{"type":"B","date":"2018-04-06T03:55:21.000Z","volume":8000,"label":" ","price":9.77},{"type":"B","date":"2018-04-06T03:55:22.000Z","volume":14000,"label":" ","price":9.77},{"type":"B","date":"2018-04-06T03:55:22.000Z","volume":14000,"label":" ","price":9.76},{"type":"A","date":"2018-04-06T03:55:22.000Z","volume":8000,"label":" ","price":9.78},{"type":"A","date":"2018-04-06T03:55:23.000Z","volume":2000,"label":" ","price":9.78},{"type":"B","date":"2018-04-06T03:56:45.000Z","volume":2000,"label":" ","price":9.75},{"type":"A","date":"2018-04-06T03:58:01.000Z","volume":4000,"label":" ","price":9.75},{"type":"A","date":"2018-04-06T03:58:21.000Z","volume":4000,"label":"Y","price":9.78},{"type":"B","date":"2018-04-06T03:58:45.000Z","volume":2000,"label":" ","price":9.77},{"type":"A","date":"2018-04-06T03:58:45.000Z","volume":8000,"label":" ","price":9.79},{"type":"B","date":"2018-04-06T03:58:59.000Z","volume":6000,"label":" ","price":9.77},{"type":"A","date":"2018-04-06T03:59:00.000Z","volume":2000,"label":" ","price":9.77},{"type":"A","date":"2018-04-06T03:59:12.000Z","volume":2000,"label":" ","price":9.77},{"type":"A","date":"2018-04-06T03:59:23.000Z","volume":2000,"label":" ","price":9.77},{"type":"B","date":"2018-04-06T05:00:00.000Z","volume":10000,"label":" ","price":9.76},{"type":"B","date":"2018-04-06T05:00:00.000Z","volume":4000,"label":" ","price":9.76},{"type":"B","date":"2018-04-06T05:00:00.000Z","volume":2000,"label":" ","price":9.76},{"type":"A","date":"2018-04-06T05:00:00.000Z","volume":4000,"label":" ","price":9.77},{"type":"A","date":"2018-04-06T05:00:00.000Z","volume":4000,"label":" ","price":9.77},{"type":"A","date":"2018-04-06T05:00:00.000Z","volume":4000,"label":" ","price":9.77},{"type":"B","date":"2018-04-06T05:00:06.000Z","volume":2000,"label":" ","price":9.76},{"type":"B","date":"2018-04-06T05:00:06.000Z","volume":2000,"label":" ","price":9.76},{"type":"A","date":"2018-04-06T05:00:22.000Z","volume":4000,"label":" ","price":9.77},{"type":"A","date":"2018-04-06T05:00:40.000Z","volume":4000,"label":" ","price":9.77},{"type":"A","date":"2018-04-06T05:00:47.000Z","volume":2000,"label":" ","price":9.77},{"type":"B","date":"2018-04-06T05:01:06.000Z","volume":2000,"label":" ","price":9.76},{"type":"B","date":"2018-04-06T05:01:51.000Z","volume":2000,"label":" ","price":9.76},{"type":"A","date":"2018-04-06T05:02:30.000Z","volume":2000,"label":" ","price":9.77},{"type":"B","date":"2018-04-06T05:02:51.000Z","volume":2000,"label":" ","price":9.76},{"type":"B","date":"2018-04-06T05:04:19.000Z","volume":2000,"label":" ","price":9.76},{"type":"B","date":"2018-04-06T05:04:19.000Z","volume":12000,"label":" ","price":9.76},{"type":"A","date":"2018-04-06T05:08:20.000Z","volume":4000,"label":" ","price":9.76},{"type":"B","date":"2018-04-06T05:12:06.000Z","volume":34000,"label":" ","price":9.75},{"type":"A","date":"2018-04-06T05:12:06.000Z","volume":4000,"label":" ","price":9.75},{"type":"B","date":"2018-04-06T05:13:48.000Z","volume":2000,"label":" ","price":9.74},{"type":"B","date":"2018-04-06T05:15:19.000Z","volume":4000,"label":" ","price":9.74},{"type":"A","date":"2018-04-06T05:15:55.000Z","volume":14000,"label":" ","price":9.75},{"type":"A","date":"2018-04-06T05:15:56.000Z","volume":2000,"label":" ","price":9.75},{"type":"A","date":"2018-04-06T05:15:58.000Z","volume":4000,"label":" ","price":9.75},{"type":"A","date":"2018-04-06T05:17:58.000Z","volume":2000,"label":" ","price":9.76},{"type":"A","date":"2018-04-06T05:19:51.000Z","volume":2000,"label":" ","price":9.75},{"type":"A","date":"2018-04-06T05:21:55.000Z","volume":4000,"label":" ","price":9.76},{"type":"B","date":"2018-04-06T05:22:54.000Z","volume":36000,"label":" ","price":9.75},{"type":"U","date":"2018-04-06T05:22:54.000Z","volume":10000,"label":" ","price":9.75},{"type":"B","date":"2018-04-06T05:22:55.000Z","volume":18000,"label":" ","price":9.74},{"type":"B","date":"2018-04-06T05:22:55.000Z","volume":8000,"label":" ","price":9.73},{"type":"U","date":"2018-04-06T05:22:55.000Z","volume":2000,"label":" ","price":9.75},{"type":"B","date":"2018-04-06T05:23:17.000Z","volume":14000,"label":" ","price":9.73},{"type":"B","date":"2018-04-06T05:23:17.000Z","volume":20000,"label":" ","price":9.72},{"type":"B","date":"2018-04-06T05:23:17.000Z","volume":6000,"label":" ","price":9.7},{"type":"B","date":"2018-04-06T05:23:17.000Z","volume":2000,"label":" ","price":9.72},{"type":"B","date":"2018-04-06T05:23:17.000Z","volume":6000,"label":" ","price":9.72},{"type":"A","date":"2018-04-06T05:23:17.000Z","volume":2000,"label":" ","price":9.72},{"type":"U","date":"2018-04-06T05:23:18.000Z","volume":30000,"label":" ","price":9.7},{"type":"U","date":"2018-04-06T05:23:18.000Z","volume":2000,"label":" ","price":9.71},{"type":"U","date":"2018-04-06T05:23:18.000Z","volume":12000,"label":" ","price":9.7},{"type":"A","date":"2018-04-06T05:23:38.000Z","volume":2000,"label":" ","price":9.7},{"type":"A","date":"2018-04-06T05:23:38.000Z","volume":2000,"label":" ","price":9.7},{"type":"A","date":"2018-04-06T05:24:35.000Z","volume":8000,"label":" ","price":9.71},{"type":"A","date":"2018-04-06T05:24:35.000Z","volume":2000,"label":" ","price":9.71},{"type":"A","date":"2018-04-06T05:24:36.000Z","volume":2000,"label":" ","price":9.73},{"type":"B","date":"2018-04-06T05:26:24.000Z","volume":8000,"label":" ","price":9.7},{"type":"B","date":"2018-04-06T05:28:18.000Z","volume":16000,"label":" ","price":9.7},{"type":"B","date":"2018-04-06T05:28:21.000Z","volume":2000,"label":" ","price":9.7},{"type":"B","date":"2018-04-06T05:29:53.000Z","volume":20000,"label":" ","price":9.69},{"type":"B","date":"2018-04-06T05:29:53.000Z","volume":4000,"label":" ","price":9.69},{"type":"A","date":"2018-04-06T05:29:53.000Z","volume":4000,"label":" ","price":9.69},{"type":"U","date":"2018-04-06T05:29:53.000Z","volume":4000,"label":" ","price":9.69},{"type":"B","date":"2018-04-06T05:31:06.000Z","volume":8000,"label":" ","price":9.67},{"type":"B","date":"2018-04-06T05:31:06.000Z","volume":2000,"label":" ","price":9.67},{"type":"B","date":"2018-04-06T05:31:29.000Z","volume":4000,"label":" ","price":9.68},{"type":"B","date":"2018-04-06T05:31:29.000Z","volume":2000,"label":"Y","price":9.68},{"type":"B","date":"2018-04-06T05:31:29.000Z","volume":2000,"label":" ","price":9.68},{"type":"B","date":"2018-04-06T05:35:33.000Z","volume":6000,"label":" ","price":9.66},{"type":"B","date":"2018-04-06T05:36:01.000Z","volume":8000,"label":" ","price":9.65},{"type":"B","date":"2018-04-06T05:36:10.000Z","volume":2000,"label":" ","price":9.65},{"type":"B","date":"2018-04-06T05:36:10.000Z","volume":8000,"label":" ","price":9.64},{"type":"A","date":"2018-04-06T05:39:19.000Z","volume":14000,"label":" ","price":9.64},{"type":"A","date":"2018-04-06T05:39:31.000Z","volume":2000,"label":" ","price":9.64},{"type":"A","date":"2018-04-06T05:39:33.000Z","volume":2000,"label":" ","price":9.65},{"type":"A","date":"2018-04-06T05:41:39.000Z","volume":6000,"label":" ","price":9.66},{"type":"A","date":"2018-04-06T05:48:26.000Z","volume":6000,"label":" ","price":9.67},{"type":"A","date":"2018-04-06T05:48:48.000Z","volume":52000,"label":" ","price":9.68},{"type":"A","date":"2018-04-06T05:48:48.000Z","volume":2000,"label":" ","price":9.69},{"type":"A","date":"2018-04-06T05:48:48.000Z","volume":2000,"label":" ","price":9.7},{"type":"A","date":"2018-04-06T05:49:11.000Z","volume":26000,"label":" ","price":9.7},{"type":"A","date":"2018-04-06T05:49:12.000Z","volume":2000,"label":" ","price":9.71},{"type":"A","date":"2018-04-06T05:49:18.000Z","volume":4000,"label":" ","price":9.72},{"type":"A","date":"2018-04-06T05:49:28.000Z","volume":2000,"label":" ","price":9.74},{"type":"A","date":"2018-04-06T05:49:49.000Z","volume":4000,"label":" ","price":9.73},{"type":"U","date":"2018-04-06T05:50:03.000Z","volume":2000,"label":" ","price":9.73},{"type":"U","date":"2018-04-06T05:50:05.000Z","volume":4000,"label":"X","price":9.73},{"type":"B","date":"2018-04-06T05:51:49.000Z","volume":4000,"label":"Y","price":9.72},{"type":"B","date":"2018-04-06T05:51:49.000Z","volume":20000,"label":" ","price":9.72},{"type":"A","date":"2018-04-06T05:51:49.000Z","volume":4000,"label":"Y","price":9.73},{"type":"A","date":"2018-04-06T05:51:49.000Z","volume":6000,"label":" ","price":9.73},{"type":"B","date":"2018-04-06T05:51:50.000Z","volume":2000,"label":" ","price":9.71},{"type":"B","date":"2018-04-06T05:51:59.000Z","volume":22000,"label":" ","price":9.71},{"type":"A","date":"2018-04-06T05:51:59.000Z","volume":4000,"label":"Y","price":9.72},{"type":"A","date":"2018-04-06T05:51:59.000Z","volume":2000,"label":" ","price":9.72},{"type":"B","date":"2018-04-06T05:51:59.000Z","volume":2000,"label":" ","price":9.7},{"type":"B","date":"2018-04-06T05:52:03.000Z","volume":2000,"label":"Y","price":9.7},{"type":"A","date":"2018-04-06T05:52:03.000Z","volume":2000,"label":" ","price":9.73},{"type":"A","date":"2018-04-06T05:52:11.000Z","volume":6000,"label":" ","price":9.73},{"type":"A","date":"2018-04-06T05:52:18.000Z","volume":2000,"label":" ","price":9.74},{"type":"A","date":"2018-04-06T05:56:35.000Z","volume":10000,"label":" ","price":9.74},{"type":"A","date":"2018-04-06T05:56:36.000Z","volume":2000,"label":"Y","price":9.74},{"type":"A","date":"2018-04-06T05:56:36.000Z","volume":6000,"label":" ","price":9.74},{"type":"A","date":"2018-04-06T06:00:54.000Z","volume":28000,"label":" ","price":9.74},{"type":"B","date":"2018-04-06T06:00:54.000Z","volume":2000,"label":" ","price":9.72},{"type":"A","date":"2018-04-06T06:00:54.000Z","volume":2000,"label":"Y","price":9.75},{"type":"A","date":"2018-04-06T06:00:54.000Z","volume":2000,"label":" ","price":9.75},{"type":"A","date":"2018-04-06T06:00:55.000Z","volume":2000,"label":"Y","price":9.76},{"type":"A","date":"2018-04-06T06:01:02.000Z","volume":2000,"label":" ","price":9.76},{"type":"A","date":"2018-04-06T06:01:02.000Z","volume":2000,"label":" ","price":9.76},{"type":"B","date":"2018-04-06T06:01:03.000Z","volume":2000,"label":" ","price":9.75},{"type":"A","date":"2018-04-06T06:01:03.000Z","volume":2000,"label":" ","price":9.76},{"type":"A","date":"2018-04-06T06:01:05.000Z","volume":2000,"label":" ","price":9.76},{"type":"A","date":"2018-04-06T06:01:55.000Z","volume":2000,"label":" ","price":9.77},{"type":"A","date":"2018-04-06T06:03:15.000Z","volume":2000,"label":" ","price":9.77},{"type":"A","date":"2018-04-06T06:03:34.000Z","volume":6000,"label":" ","price":9.77},{"type":"A","date":"2018-04-06T06:03:34.000Z","volume":14000,"label":" ","price":9.78},{"type":"B","date":"2018-04-06T06:03:36.000Z","volume":10000,"label":" ","price":9.78},{"type":"B","date":"2018-04-06T06:03:36.000Z","volume":2000,"label":"Y","price":9.76},{"type":"A","date":"2018-04-06T06:03:36.000Z","volume":2000,"label":" ","price":9.77},{"type":"A","date":"2018-04-06T06:03:36.000Z","volume":2000,"label":" ","price":9.78},{"type":"B","date":"2018-04-06T06:04:36.000Z","volume":20000,"label":" ","price":9.76},{"type":"B","date":"2018-04-06T06:04:36.000Z","volume":26000,"label":" ","price":9.75},{"type":"B","date":"2018-04-06T06:04:36.000Z","volume":6000,"label":" ","price":9.74},{"type":"B","date":"2018-04-06T06:04:36.000Z","volume":4000,"label":" ","price":9.73},{"type":"B","date":"2018-04-06T06:05:05.000Z","volume":2000,"label":"Y","price":9.73},{"type":"A","date":"2018-04-06T06:07:33.000Z","volume":2000,"label":" ","price":9.75},{"type":"A","date":"2018-04-06T06:08:15.000Z","volume":6000,"label":" ","price":9.75},{"type":"B","date":"2018-04-06T06:14:00.000Z","volume":12000,"label":" ","price":9.74},{"type":"B","date":"2018-04-06T06:14:00.000Z","volume":12000,"label":" ","price":9.73},{"type":"A","date":"2018-04-06T06:14:00.000Z","volume":12000,"label":" ","price":9.73},{"type":"A","date":"2018-04-06T06:15:13.000Z","volume":10000,"label":" ","price":9.73},{"type":"A","date":"2018-04-06T06:15:14.000Z","volume":2000,"label":" ","price":9.74},{"type":"B","date":"2018-04-06T06:15:16.000Z","volume":8000,"label":" ","price":9.73},{"type":"B","date":"2018-04-06T06:15:16.000Z","volume":2000,"label":" ","price":9.72},{"type":"A","date":"2018-04-06T06:18:09.000Z","volume":8000,"label":" ","price":9.73},{"type":"B","date":"2018-04-06T06:18:50.000Z","volume":6000,"label":" ","price":9.72},{"type":"A","date":"2018-04-06T06:20:06.000Z","volume":4000,"label":" ","price":9.73},{"type":"A","date":"2018-04-06T06:23:25.000Z","volume":2000,"label":" ","price":9.74},{"type":"A","date":"2018-04-06T06:23:30.000Z","volume":2000,"label":" ","price":9.74},{"type":"A","date":"2018-04-06T06:23:38.000Z","volume":6000,"label":" ","price":9.75},{"type":"B","date":"2018-04-06T06:23:39.000Z","volume":2000,"label":" ","price":9.75},{"type":"B","date":"2018-04-06T06:24:12.000Z","volume":6000,"label":" ","price":9.73},{"type":"B","date":"2018-04-06T06:25:40.000Z","volume":6000,"label":" ","price":9.73},{"type":"B","date":"2018-04-06T06:25:51.000Z","volume":2000,"label":" ","price":9.73},{"type":"A","date":"2018-04-06T06:25:51.000Z","volume":4000,"label":" ","price":9.74},{"type":"A","date":"2018-04-06T06:26:07.000Z","volume":6000,"label":" ","price":9.74},{"type":"U","date":"2018-04-06T06:32:39.000Z","volume":2000,"label":" ","price":9.74},{"type":"A","date":"2018-04-06T06:32:52.000Z","volume":4000,"label":"Y","price":9.77},{"type":"A","date":"2018-04-06T06:32:52.000Z","volume":12000,"label":" ","price":9.77},{"type":"A","date":"2018-04-06T06:33:39.000Z","volume":4000,"label":" ","price":9.78},{"type":"A","date":"2018-04-06T06:35:00.000Z","volume":2000,"label":" ","price":9.78},{"type":"A","date":"2018-04-06T06:36:18.000Z","volume":2000,"label":"Y","price":9.78},{"type":"A","date":"2018-04-06T06:36:18.000Z","volume":2000,"label":" ","price":9.78},{"type":"A","date":"2018-04-06T06:37:06.000Z","volume":4000,"label":" ","price":9.78},{"type":"A","date":"2018-04-06T06:38:01.000Z","volume":4000,"label":" ","price":9.79},{"type":"A","date":"2018-04-06T06:40:30.000Z","volume":2000,"label":" ","price":9.79},{"type":"A","date":"2018-04-06T06:43:30.000Z","volume":4000,"label":" ","price":9.79},{"type":"A","date":"2018-04-06T06:44:17.000Z","volume":2000,"label":" ","price":9.79},{"type":"A","date":"2018-04-06T06:45:59.000Z","volume":70000,"label":" ","price":9.79},{"type":"A","date":"2018-04-06T06:46:54.000Z","volume":2000,"label":" ","price":9.79},{"type":"B","date":"2018-04-06T06:48:23.000Z","volume":2000,"label":" ","price":9.78},{"type":"A","date":"2018-04-06T06:49:18.000Z","volume":16000,"label":" ","price":9.79},{"type":"A","date":"2018-04-06T06:51:15.000Z","volume":10000,"label":" ","price":9.79},{"type":"A","date":"2018-04-06T06:51:28.000Z","volume":4000,"label":" ","price":9.79},{"type":"B","date":"2018-04-06T06:53:39.000Z","volume":30000,"label":" ","price":9.78},{"type":"A","date":"2018-04-06T06:53:49.000Z","volume":2000,"label":" ","price":9.79},{"type":"A","date":"2018-04-06T06:55:03.000Z","volume":2000,"label":" ","price":9.79},{"type":"A","date":"2018-04-06T06:55:04.000Z","volume":2000,"label":" ","price":9.79},{"type":"A","date":"2018-04-06T06:55:30.000Z","volume":2000,"label":" ","price":9.79},{"type":"B","date":"2018-04-06T06:56:36.000Z","volume":2000,"label":" ","price":9.78},{"type":"B","date":"2018-04-06T06:58:48.000Z","volume":2000,"label":" ","price":9.78},{"type":"B","date":"2018-04-06T06:59:02.000Z","volume":20000,"label":" ","price":9.78},{"type":"A","date":"2018-04-06T06:59:12.000Z","volume":2000,"label":" ","price":9.79},{"type":"A","date":"2018-04-06T06:59:43.000Z","volume":2000,"label":" ","price":9.79},{"type":"B","date":"2018-04-06T07:05:07.000Z","volume":2000,"label":" ","price":9.78},{"type":"A","date":"2018-04-06T07:05:58.000Z","volume":34000,"label":" ","price":9.79},{"type":"A","date":"2018-04-06T07:05:58.000Z","volume":2000,"label":" ","price":9.79},{"type":"A","date":"2018-04-06T07:06:04.000Z","volume":2000,"label":" ","price":9.79},{"type":"A","date":"2018-04-06T07:06:27.000Z","volume":22000,"label":" ","price":9.79},{"type":"A","date":"2018-04-06T07:07:02.000Z","volume":2000,"label":" ","price":9.79},{"type":"A","date":"2018-04-06T07:07:21.000Z","volume":2000,"label":" ","price":9.79},{"type":"A","date":"2018-04-06T07:07:37.000Z","volume":2000,"label":" ","price":9.79},{"type":"A","date":"2018-04-06T07:08:07.000Z","volume":4000,"label":" ","price":9.79},{"type":"A","date":"2018-04-06T07:08:32.000Z","volume":80000,"label":" ","price":9.79},{"type":"A","date":"2018-04-06T07:08:32.000Z","volume":18000,"label":" ","price":9.79},{"type":"A","date":"2018-04-06T07:08:34.000Z","volume":2000,"label":" ","price":9.79},{"type":"A","date":"2018-04-06T07:08:34.000Z","volume":14000,"label":" ","price":9.79},{"type":"U","date":"2018-04-06T07:08:34.000Z","volume":4000,"label":"X","price":9.79},{"type":"A","date":"2018-04-06T07:08:35.000Z","volume":46000,"label":" ","price":9.79},{"type":"A","date":"2018-04-06T07:08:41.000Z","volume":2000,"label":" ","price":9.79},{"type":"A","date":"2018-04-06T07:09:04.000Z","volume":2000,"label":" ","price":9.79},{"type":"A","date":"2018-04-06T07:09:13.000Z","volume":4000,"label":" ","price":9.79},{"type":"A","date":"2018-04-06T07:10:02.000Z","volume":20000,"label":" ","price":9.79},{"type":"A","date":"2018-04-06T07:10:04.000Z","volume":2000,"label":" ","price":9.79},{"type":"A","date":"2018-04-06T07:10:05.000Z","volume":10000,"label":" ","price":9.79},{"type":"A","date":"2018-04-06T07:10:14.000Z","volume":4000,"label":" ","price":9.8},{"type":"A","date":"2018-04-06T07:10:14.000Z","volume":2000,"label":" ","price":9.8},{"type":"A","date":"2018-04-06T07:10:37.000Z","volume":2000,"label":"Y","price":9.81},{"type":"A","date":"2018-04-06T07:10:37.000Z","volume":6000,"label":" ","price":9.81},{"type":"U","date":"2018-04-06T07:10:41.000Z","volume":4000,"label":"X","price":9.81},{"type":"A","date":"2018-04-06T07:12:43.000Z","volume":4000,"label":" ","price":9.82},{"type":"A","date":"2018-04-06T07:12:47.000Z","volume":4000,"label":"Y","price":9.82},{"type":"A","date":"2018-04-06T07:12:47.000Z","volume":32000,"label":" ","price":9.82},{"type":"A","date":"2018-04-06T07:12:56.000Z","volume":8000,"label":" ","price":9.82},{"type":"A","date":"2018-04-06T07:13:14.000Z","volume":8000,"label":"Y","price":9.83},{"type":"A","date":"2018-04-06T07:13:14.000Z","volume":24000,"label":" ","price":9.83},{"type":"A","date":"2018-04-06T07:13:19.000Z","volume":10000,"label":" ","price":9.84},{"type":"A","date":"2018-04-06T07:14:17.000Z","volume":2000,"label":" ","price":9.84},{"type":"A","date":"2018-04-06T07:15:49.000Z","volume":4000,"label":" ","price":9.84},{"type":"A","date":"2018-04-06T07:15:49.000Z","volume":2000,"label":" ","price":9.84},{"type":"A","date":"2018-04-06T07:16:14.000Z","volume":4000,"label":" ","price":9.84},{"type":"A","date":"2018-04-06T07:17:40.000Z","volume":50000,"label":" ","price":9.84},{"type":"A","date":"2018-04-06T07:17:47.000Z","volume":2000,"label":" ","price":9.84},{"type":"A","date":"2018-04-06T07:17:49.000Z","volume":10000,"label":" ","price":9.84},{"type":"A","date":"2018-04-06T07:17:49.000Z","volume":2000,"label":" ","price":9.84},{"type":"A","date":"2018-04-06T07:17:51.000Z","volume":2000,"label":" ","price":9.84},{"type":"A","date":"2018-04-06T07:17:54.000Z","volume":14000,"label":" ","price":9.84},{"type":"U","date":"2018-04-06T07:18:11.000Z","volume":2000,"label":"X","price":9.84},{"type":"A","date":"2018-04-06T07:19:44.000Z","volume":4000,"label":" ","price":9.84},{"type":"B","date":"2018-04-06T07:21:28.000Z","volume":8000,"label":" ","price":9.83},{"type":"B","date":"2018-04-06T07:21:28.000Z","volume":10000,"label":" ","price":9.83},{"type":"B","date":"2018-04-06T07:21:34.000Z","volume":18000,"label":" ","price":9.83},{"type":"B","date":"2018-04-06T07:21:34.000Z","volume":10000,"label":" ","price":9.83},{"type":"B","date":"2018-04-06T07:21:34.000Z","volume":6000,"label":" ","price":9.83},{"type":"B","date":"2018-04-06T07:21:34.000Z","volume":10000,"label":" ","price":9.83},{"type":"B","date":"2018-04-06T07:21:34.000Z","volume":4000,"label":" ","price":9.83},{"type":"B","date":"2018-04-06T07:21:34.000Z","volume":2000,"label":"Y","price":9.83},{"type":"B","date":"2018-04-06T07:21:34.000Z","volume":18000,"label":" ","price":9.83},{"type":"B","date":"2018-04-06T07:21:34.000Z","volume":4000,"label":" ","price":9.83},{"type":"B","date":"2018-04-06T07:21:34.000Z","volume":6000,"label":" ","price":9.83},{"type":"B","date":"2018-04-06T07:22:22.000Z","volume":2000,"label":" ","price":9.82},{"type":"A","date":"2018-04-06T07:24:08.000Z","volume":4000,"label":" ","price":9.83},{"type":"U","date":"2018-04-06T07:24:12.000Z","volume":2000,"label":"X","price":9.825},{"type":"B","date":"2018-04-06T07:27:25.000Z","volume":2000,"label":"Y","price":9.82},{"type":"B","date":"2018-04-06T07:27:25.000Z","volume":34000,"label":" ","price":9.82},{"type":"B","date":"2018-04-06T07:27:25.000Z","volume":2000,"label":" ","price":9.82},{"type":"B","date":"2018-04-06T07:27:25.000Z","volume":2000,"label":" ","price":9.82},{"type":"B","date":"2018-04-06T07:27:29.000Z","volume":4000,"label":" ","price":9.82},{"type":"B","date":"2018-04-06T07:28:18.000Z","volume":10000,"label":" ","price":9.82},{"type":"B","date":"2018-04-06T07:28:18.000Z","volume":2000,"label":" ","price":9.82},{"type":"B","date":"2018-04-06T07:28:18.000Z","volume":2000,"label":"Y","price":9.82},{"type":"B","date":"2018-04-06T07:28:19.000Z","volume":2000,"label":" ","price":9.82},{"type":"A","date":"2018-04-06T07:29:44.000Z","volume":2000,"label":" ","price":9.82},{"type":"U","date":"2018-04-06T07:31:00.000Z","volume":2000,"label":"X","price":9.815},{"type":"A","date":"2018-04-06T07:33:33.000Z","volume":2000,"label":" ","price":9.82},{"type":"B","date":"2018-04-06T07:33:57.000Z","volume":10000,"label":" ","price":9.81},{"type":"B","date":"2018-04-06T07:33:57.000Z","volume":16000,"label":" ","price":9.8},{"type":"B","date":"2018-04-06T07:33:57.000Z","volume":4000,"label":" ","price":9.79},{"type":"B","date":"2018-04-06T07:34:22.000Z","volume":2000,"label":"Y","price":9.81},{"type":"U","date":"2018-04-06T07:36:28.000Z","volume":2000,"label":"X","price":9.81},{"type":"A","date":"2018-04-06T07:36:48.000Z","volume":32000,"label":" ","price":9.82},{"type":"A","date":"2018-04-06T07:37:09.000Z","volume":4000,"label":" ","price":9.83},{"type":"A","date":"2018-04-06T07:38:56.000Z","volume":6000,"label":" ","price":9.83},{"type":"A","date":"2018-04-06T07:44:02.000Z","volume":12000,"label":" ","price":9.84},{"type":"A","date":"2018-04-06T07:44:08.000Z","volume":40000,"label":" ","price":9.84},{"type":"A","date":"2018-04-06T07:44:30.000Z","volume":2000,"label":" ","price":9.85},{"type":"B","date":"2018-04-06T07:45:03.000Z","volume":32000,"label":" ","price":9.84},{"type":"A","date":"2018-04-06T07:45:03.000Z","volume":22000,"label":" ","price":9.84},{"type":"B","date":"2018-04-06T07:45:03.000Z","volume":4000,"label":" ","price":9.83},{"type":"A","date":"2018-04-06T07:45:03.000Z","volume":10000,"label":" ","price":9.84},{"type":"A","date":"2018-04-06T07:45:05.000Z","volume":20000,"label":" ","price":9.84},{"type":"A","date":"2018-04-06T07:45:11.000Z","volume":2000,"label":" ","price":9.84},{"type":"A","date":"2018-04-06T07:45:13.000Z","volume":2000,"label":" ","price":9.84},{"type":"A","date":"2018-04-06T07:45:27.000Z","volume":2000,"label":" ","price":9.84},{"type":"A","date":"2018-04-06T07:45:34.000Z","volume":6000,"label":" ","price":9.84},{"type":"A","date":"2018-04-06T07:45:38.000Z","volume":2000,"label":" ","price":9.84},{"type":"A","date":"2018-04-06T07:45:39.000Z","volume":4000,"label":" ","price":9.84},{"type":"A","date":"2018-04-06T07:47:05.000Z","volume":2000,"label":" ","price":9.84},{"type":"A","date":"2018-04-06T07:47:09.000Z","volume":4000,"label":" ","price":9.84},{"type":"U","date":"2018-04-06T07:47:15.000Z","volume":2000,"label":"X","price":9.835},{"type":"B","date":"2018-04-06T07:47:20.000Z","volume":24000,"label":" ","price":9.83},{"type":"A","date":"2018-04-06T07:47:27.000Z","volume":2000,"label":"Y","price":9.84},{"type":"A","date":"2018-04-06T07:47:27.000Z","volume":6000,"label":" ","price":9.84},{"type":"B","date":"2018-04-06T07:47:32.000Z","volume":6000,"label":" ","price":9.83},{"type":"A","date":"2018-04-06T07:51:10.000Z","volume":8000,"label":"Y","price":9.84},{"type":"A","date":"2018-04-06T07:51:10.000Z","volume":2000,"label":" ","price":9.84},{"type":"A","date":"2018-04-06T07:51:13.000Z","volume":146000,"label":" ","price":9.85},{"type":"A","date":"2018-04-06T07:51:13.000Z","volume":4000,"label":" ","price":9.85},{"type":"B","date":"2018-04-06T07:51:13.000Z","volume":6000,"label":" ","price":9.85},{"type":"A","date":"2018-04-06T07:51:13.000Z","volume":2000,"label":" ","price":9.86},{"type":"U","date":"2018-04-06T07:51:23.000Z","volume":2000,"label":"X","price":9.84},{"type":"A","date":"2018-04-06T07:52:04.000Z","volume":2000,"label":" ","price":9.86},{"type":"A","date":"2018-04-06T07:52:12.000Z","volume":6000,"label":" ","price":9.86},{"type":"A","date":"2018-04-06T07:52:19.000Z","volume":4000,"label":" ","price":9.86},{"type":"A","date":"2018-04-06T07:52:19.000Z","volume":4000,"label":"Y","price":9.86},{"type":"A","date":"2018-04-06T07:53:04.000Z","volume":8000,"label":"Y","price":9.87},{"type":"A","date":"2018-04-06T07:53:04.000Z","volume":2000,"label":" ","price":9.87},{"type":"A","date":"2018-04-06T07:53:20.000Z","volume":2000,"label":" ","price":9.87},{"type":"A","date":"2018-04-06T07:53:25.000Z","volume":2000,"label":" ","price":9.87},{"type":"A","date":"2018-04-06T07:53:38.000Z","volume":2000,"label":" ","price":9.87},{"type":"A","date":"2018-04-06T07:53:56.000Z","volume":12000,"label":" ","price":9.87},{"type":"B","date":"2018-04-06T07:53:56.000Z","volume":2000,"label":" ","price":9.87},{"type":"A","date":"2018-04-06T07:54:01.000Z","volume":6000,"label":" ","price":9.87},{"type":"B","date":"2018-04-06T07:55:09.000Z","volume":2000,"label":" ","price":9.86},{"type":"A","date":"2018-04-06T07:55:09.000Z","volume":2000,"label":" ","price":9.87},{"type":"U","date":"2018-04-06T07:55:31.000Z","volume":4000,"label":" ","price":9.87},{"type":"A","date":"2018-04-06T07:55:40.000Z","volume":4000,"label":" ","price":9.87},{"type":"A","date":"2018-04-06T07:55:40.000Z","volume":6000,"label":" ","price":9.87},{"type":"A","date":"2018-04-06T07:55:40.000Z","volume":14000,"label":" ","price":9.87},{"type":"U","date":"2018-04-06T07:55:46.000Z","volume":2000,"label":"X","price":9.87},{"type":"A","date":"2018-04-06T07:55:54.000Z","volume":2000,"label":"Y","price":9.87},{"type":"A","date":"2018-04-06T07:55:54.000Z","volume":4000,"label":" ","price":9.87},{"type":"A","date":"2018-04-06T07:55:54.000Z","volume":10000,"label":" ","price":9.87},{"type":"B","date":"2018-04-06T07:55:56.000Z","volume":38000,"label":" ","price":9.86},{"type":"B","date":"2018-04-06T07:55:56.000Z","volume":8000,"label":" ","price":9.86},{"type":"A","date":"2018-04-06T07:56:13.000Z","volume":2000,"label":" ","price":9.86},{"type":"A","date":"2018-04-06T07:56:19.000Z","volume":2000,"label":" ","price":9.86},{"type":"B","date":"2018-04-06T07:57:10.000Z","volume":10000,"label":" ","price":9.84},{"type":"A","date":"2018-04-06T07:58:42.000Z","volume":2000,"label":"Y","price":9.86},{"type":"A","date":"2018-04-06T07:58:42.000Z","volume":16000,"label":" ","price":9.86},{"type":"A","date":"2018-04-06T07:58:50.000Z","volume":2000,"label":" ","price":9.86},{"type":"A","date":"2018-04-06T07:58:53.000Z","volume":10000,"label":" ","price":9.86},{"type":"A","date":"2018-04-06T07:58:53.000Z","volume":10000,"label":" ","price":9.87},{"type":"A","date":"2018-04-06T07:58:55.000Z","volume":14000,"label":" ","price":9.87},{"type":"A","date":"2018-04-06T07:58:55.000Z","volume":6000,"label":" ","price":9.88},{"type":"A","date":"2018-04-06T07:59:02.000Z","volume":2000,"label":"Y","price":9.87},{"type":"A","date":"2018-04-06T07:59:02.000Z","volume":8000,"label":" ","price":9.87},{"type":"B","date":"2018-04-06T07:59:03.000Z","volume":2000,"label":" ","price":9.87},{"type":"B","date":"2018-04-06T07:59:03.000Z","volume":10000,"label":" ","price":9.87},{"type":"A","date":"2018-04-06T07:59:04.000Z","volume":2000,"label":" ","price":9.88},{"type":"A","date":"2018-04-06T07:59:12.000Z","volume":2000,"label":" ","price":9.87},{"type":"B","date":"2018-04-06T07:59:23.000Z","volume":4000,"label":" ","price":9.85},{"type":"A","date":"2018-04-06T07:59:30.000Z","volume":4000,"label":" ","price":9.86},{"type":"A","date":"2018-04-06T07:59:35.000Z","volume":2000,"label":" ","price":9.86},{"type":"A","date":"2018-04-06T07:59:55.000Z","volume":4000,"label":" ","price":9.86},{"type":"U","date":"2018-04-06T08:08:20.000Z","volume":322000,"label":"U","price":9.88}]