[{"type":"U","date":"2018-04-12T01:20:00.000Z","volume":11000,"label":"U","price":7.22},{"type":"B","date":"2018-04-12T01:30:02.000Z","volume":1000,"label":" ","price":7.2},{"type":"A","date":"2018-04-12T01:30:02.000Z","volume":1000,"label":" ","price":7.22},{"type":"A","date":"2018-04-12T01:30:09.000Z","volume":3000,"label":" ","price":7.22},{"type":"B","date":"2018-04-12T01:30:10.000Z","volume":1000,"label":" ","price":7.2},{"type":"A","date":"2018-04-12T01:30:16.000Z","volume":1000,"label":"Y","price":7.22},{"type":"A","date":"2018-04-12T01:30:16.000Z","volume":4000,"label":" ","price":7.22},{"type":"A","date":"2018-04-12T01:30:30.000Z","volume":5000,"label":" ","price":7.22},{"type":"A","date":"2018-04-12T01:30:30.000Z","volume":2000,"label":" ","price":7.22},{"type":"B","date":"2018-04-12T01:30:32.000Z","volume":1000,"label":" ","price":7.21},{"type":"B","date":"2018-04-12T01:30:32.000Z","volume":1000,"label":" ","price":7.21},{"type":"A","date":"2018-04-12T01:30:32.000Z","volume":1000,"label":" ","price":7.22},{"type":"B","date":"2018-04-12T01:30:40.000Z","volume":3000,"label":" ","price":7.22},{"type":"B","date":"2018-04-12T01:30:42.000Z","volume":1000,"label":" ","price":7.22},{"type":"B","date":"2018-04-12T01:30:58.000Z","volume":5000,"label":" ","price":7.22},{"type":"B","date":"2018-04-12T01:31:06.000Z","volume":5000,"label":" ","price":7.22},{"type":"B","date":"2018-04-12T01:31:06.000Z","volume":2000,"label":"Y","price":7.22},{"type":"B","date":"2018-04-12T01:31:06.000Z","volume":9000,"label":" ","price":7.22},{"type":"B","date":"2018-04-12T01:31:13.000Z","volume":4000,"label":" ","price":7.22},{"type":"A","date":"2018-04-12T01:31:51.000Z","volume":5000,"label":" ","price":7.23},{"type":"A","date":"2018-04-12T01:32:03.000Z","volume":9000,"label":" ","price":7.24},{"type":"A","date":"2018-04-12T01:32:03.000Z","volume":14000,"label":" ","price":7.24},{"type":"B","date":"2018-04-12T01:32:11.000Z","volume":10000,"label":" ","price":7.24},{"type":"A","date":"2018-04-12T01:32:21.000Z","volume":10000,"label":" ","price":7.25},{"type":"A","date":"2018-04-12T01:32:24.000Z","volume":5000,"label":" ","price":7.26},{"type":"A","date":"2018-04-12T01:33:40.000Z","volume":1000,"label":" ","price":7.27},{"type":"A","date":"2018-04-12T01:33:40.000Z","volume":5000,"label":" ","price":7.27},{"type":"B","date":"2018-04-12T01:34:07.000Z","volume":3000,"label":" ","price":7.26},{"type":"A","date":"2018-04-12T01:34:24.000Z","volume":2000,"label":" ","price":7.27},{"type":"A","date":"2018-04-12T01:34:24.000Z","volume":14000,"label":" ","price":7.28},{"type":"A","date":"2018-04-12T01:34:53.000Z","volume":4000,"label":" ","price":7.28},{"type":"U","date":"2018-04-12T01:35:13.000Z","volume":1000,"label":" ","price":7.28},{"type":"A","date":"2018-04-12T01:35:24.000Z","volume":7000,"label":" ","price":7.29},{"type":"A","date":"2018-04-12T01:35:25.000Z","volume":6000,"label":" ","price":7.29},{"type":"A","date":"2018-04-12T01:35:25.000Z","volume":2000,"label":" ","price":7.29},{"type":"A","date":"2018-04-12T01:35:51.000Z","volume":90000,"label":" ","price":7.3},{"type":"A","date":"2018-04-12T01:35:51.000Z","volume":18000,"label":" ","price":7.3},{"type":"B","date":"2018-04-12T01:35:55.000Z","volume":2000,"label":" ","price":7.29},{"type":"A","date":"2018-04-12T01:35:59.000Z","volume":5000,"label":" ","price":7.31},{"type":"A","date":"2018-04-12T01:35:59.000Z","volume":2000,"label":" ","price":7.31},{"type":"B","date":"2018-04-12T01:36:02.000Z","volume":5000,"label":" ","price":7.3},{"type":"A","date":"2018-04-12T01:36:25.000Z","volume":9000,"label":" ","price":7.32},{"type":"A","date":"2018-04-12T01:36:51.000Z","volume":5000,"label":" ","price":7.32},{"type":"B","date":"2018-04-12T01:36:53.000Z","volume":5000,"label":" ","price":7.3},{"type":"A","date":"2018-04-12T01:37:02.000Z","volume":3000,"label":" ","price":7.32},{"type":"A","date":"2018-04-12T01:37:02.000Z","volume":3000,"label":" ","price":7.32},{"type":"A","date":"2018-04-12T01:37:02.000Z","volume":3000,"label":" ","price":7.32},{"type":"A","date":"2018-04-12T01:37:02.000Z","volume":3000,"label":" ","price":7.32},{"type":"A","date":"2018-04-12T01:37:02.000Z","volume":3000,"label":" ","price":7.32},{"type":"A","date":"2018-04-12T01:37:02.000Z","volume":1000,"label":" ","price":7.32},{"type":"A","date":"2018-04-12T01:37:08.000Z","volume":3000,"label":" ","price":7.33},{"type":"A","date":"2018-04-12T01:37:08.000Z","volume":3000,"label":" ","price":7.33},{"type":"A","date":"2018-04-12T01:37:08.000Z","volume":3000,"label":" ","price":7.33},{"type":"A","date":"2018-04-12T01:37:08.000Z","volume":3000,"label":" ","price":7.33},{"type":"A","date":"2018-04-12T01:37:08.000Z","volume":2000,"label":" ","price":7.33},{"type":"B","date":"2018-04-12T01:37:11.000Z","volume":10000,"label":" ","price":7.33},{"type":"A","date":"2018-04-12T01:37:14.000Z","volume":9000,"label":" ","price":7.34},{"type":"A","date":"2018-04-12T01:37:16.000Z","volume":5000,"label":" ","price":7.35},{"type":"U","date":"2018-04-12T01:37:25.000Z","volume":7000,"label":" ","price":7.35},{"type":"U","date":"2018-04-12T01:37:25.000Z","volume":12000,"label":" ","price":7.35},{"type":"A","date":"2018-04-12T01:37:37.000Z","volume":2000,"label":" ","price":7.35},{"type":"A","date":"2018-04-12T01:37:52.000Z","volume":3000,"label":" ","price":7.36},{"type":"A","date":"2018-04-12T01:38:11.000Z","volume":10000,"label":" ","price":7.36},{"type":"B","date":"2018-04-12T01:38:16.000Z","volume":1000,"label":" ","price":7.35},{"type":"A","date":"2018-04-12T01:38:18.000Z","volume":6000,"label":" ","price":7.36},{"type":"B","date":"2018-04-12T01:38:23.000Z","volume":8000,"label":" ","price":7.36},{"type":"B","date":"2018-04-12T01:38:23.000Z","volume":11000,"label":" ","price":7.36},{"type":"B","date":"2018-04-12T01:38:23.000Z","volume":5000,"label":" ","price":7.35},{"type":"B","date":"2018-04-12T01:38:37.000Z","volume":5000,"label":" ","price":7.34},{"type":"B","date":"2018-04-12T01:38:41.000Z","volume":6000,"label":" ","price":7.34},{"type":"B","date":"2018-04-12T01:38:41.000Z","volume":6000,"label":" ","price":7.34},{"type":"B","date":"2018-04-12T01:39:00.000Z","volume":5000,"label":" ","price":7.34},{"type":"B","date":"2018-04-12T01:39:01.000Z","volume":5000,"label":" ","price":7.34},{"type":"B","date":"2018-04-12T01:39:05.000Z","volume":2000,"label":" ","price":7.34},{"type":"B","date":"2018-04-12T01:39:06.000Z","volume":13000,"label":" ","price":7.34},{"type":"B","date":"2018-04-12T01:39:49.000Z","volume":1000,"label":" ","price":7.34},{"type":"B","date":"2018-04-12T01:39:53.000Z","volume":1000,"label":" ","price":7.34},{"type":"B","date":"2018-04-12T01:40:02.000Z","volume":7000,"label":" ","price":7.34},{"type":"B","date":"2018-04-12T01:40:12.000Z","volume":5000,"label":" ","price":7.33},{"type":"B","date":"2018-04-12T01:40:12.000Z","volume":1000,"label":" ","price":7.33},{"type":"B","date":"2018-04-12T01:40:12.000Z","volume":7000,"label":" ","price":7.33},{"type":"B","date":"2018-04-12T01:40:12.000Z","volume":1000,"label":" ","price":7.33},{"type":"B","date":"2018-04-12T01:41:04.000Z","volume":2000,"label":" ","price":7.32},{"type":"B","date":"2018-04-12T01:41:04.000Z","volume":3000,"label":" ","price":7.31},{"type":"B","date":"2018-04-12T01:41:11.000Z","volume":1000,"label":" ","price":7.31},{"type":"B","date":"2018-04-12T01:41:11.000Z","volume":1000,"label":" ","price":7.31},{"type":"B","date":"2018-04-12T01:41:30.000Z","volume":4000,"label":" ","price":7.31},{"type":"A","date":"2018-04-12T01:41:35.000Z","volume":1000,"label":" ","price":7.31},{"type":"B","date":"2018-04-12T01:41:54.000Z","volume":6000,"label":" ","price":7.3},{"type":"B","date":"2018-04-12T01:42:08.000Z","volume":5000,"label":" ","price":7.3},{"type":"B","date":"2018-04-12T01:42:11.000Z","volume":13000,"label":" ","price":7.3},{"type":"B","date":"2018-04-12T01:42:14.000Z","volume":5000,"label":" ","price":7.3},{"type":"B","date":"2018-04-12T01:42:32.000Z","volume":15000,"label":" ","price":7.3},{"type":"B","date":"2018-04-12T01:42:32.000Z","volume":5000,"label":" ","price":7.29},{"type":"B","date":"2018-04-12T01:42:52.000Z","volume":2000,"label":" ","price":7.29},{"type":"B","date":"2018-04-12T01:42:54.000Z","volume":5000,"label":" ","price":7.29},{"type":"B","date":"2018-04-12T01:42:55.000Z","volume":5000,"label":" ","price":7.29},{"type":"B","date":"2018-04-12T01:43:23.000Z","volume":2000,"label":" ","price":7.29},{"type":"A","date":"2018-04-12T01:43:23.000Z","volume":8000,"label":" ","price":7.3},{"type":"A","date":"2018-04-12T01:43:51.000Z","volume":6000,"label":" ","price":7.3},{"type":"B","date":"2018-04-12T01:44:34.000Z","volume":4000,"label":" ","price":7.29},{"type":"B","date":"2018-04-12T01:44:38.000Z","volume":2000,"label":" ","price":7.29},{"type":"B","date":"2018-04-12T01:45:34.000Z","volume":5000,"label":" ","price":7.29},{"type":"B","date":"2018-04-12T01:46:15.000Z","volume":10000,"label":" ","price":7.28},{"type":"A","date":"2018-04-12T01:46:15.000Z","volume":6000,"label":" ","price":7.29},{"type":"B","date":"2018-04-12T01:46:21.000Z","volume":10000,"label":" ","price":7.28},{"type":"A","date":"2018-04-12T01:46:23.000Z","volume":9000,"label":" ","price":7.29},{"type":"B","date":"2018-04-12T01:47:15.000Z","volume":7000,"label":" ","price":7.29},{"type":"B","date":"2018-04-12T01:47:31.000Z","volume":1000,"label":" ","price":7.29},{"type":"A","date":"2018-04-12T01:47:53.000Z","volume":10000,"label":"Y","price":7.3},{"type":"A","date":"2018-04-12T01:47:53.000Z","volume":50000,"label":" ","price":7.3},{"type":"B","date":"2018-04-12T01:49:14.000Z","volume":9000,"label":" ","price":7.29},{"type":"A","date":"2018-04-12T01:50:15.000Z","volume":8000,"label":" ","price":7.3},{"type":"U","date":"2018-04-12T01:50:15.000Z","volume":1000,"label":" ","price":7.3},{"type":"A","date":"2018-04-12T01:50:22.000Z","volume":4000,"label":" ","price":7.31},{"type":"A","date":"2018-04-12T01:50:47.000Z","volume":10000,"label":" ","price":7.32},{"type":"A","date":"2018-04-12T01:50:55.000Z","volume":2000,"label":" ","price":7.31},{"type":"A","date":"2018-04-12T01:51:16.000Z","volume":3000,"label":" ","price":7.31},{"type":"A","date":"2018-04-12T01:52:22.000Z","volume":2000,"label":" ","price":7.32},{"type":"B","date":"2018-04-12T01:52:40.000Z","volume":5000,"label":" ","price":7.31},{"type":"B","date":"2018-04-12T01:52:53.000Z","volume":10000,"label":" ","price":7.31},{"type":"B","date":"2018-04-12T01:53:49.000Z","volume":6000,"label":" ","price":7.31},{"type":"B","date":"2018-04-12T01:55:57.000Z","volume":14000,"label":" ","price":7.31},{"type":"B","date":"2018-04-12T01:56:03.000Z","volume":10000,"label":" ","price":7.31},{"type":"B","date":"2018-04-12T01:56:14.000Z","volume":1000,"label":" ","price":7.31},{"type":"B","date":"2018-04-12T01:56:59.000Z","volume":5000,"label":" ","price":7.31},{"type":"B","date":"2018-04-12T01:56:59.000Z","volume":5000,"label":" ","price":7.3},{"type":"U","date":"2018-04-12T01:57:20.000Z","volume":1000,"label":" ","price":7.31},{"type":"A","date":"2018-04-12T01:58:33.000Z","volume":4000,"label":" ","price":7.32},{"type":"A","date":"2018-04-12T01:59:18.000Z","volume":37000,"label":" ","price":7.32},{"type":"B","date":"2018-04-12T01:59:27.000Z","volume":10000,"label":" ","price":7.32},{"type":"A","date":"2018-04-12T01:59:41.000Z","volume":10000,"label":" ","price":7.33},{"type":"A","date":"2018-04-12T01:59:45.000Z","volume":3000,"label":" ","price":7.33},{"type":"A","date":"2018-04-12T01:59:55.000Z","volume":5000,"label":" ","price":7.33},{"type":"A","date":"2018-04-12T02:00:18.000Z","volume":6000,"label":" ","price":7.33},{"type":"A","date":"2018-04-12T02:00:45.000Z","volume":25000,"label":" ","price":7.34},{"type":"B","date":"2018-04-12T02:00:46.000Z","volume":10000,"label":" ","price":7.34},{"type":"B","date":"2018-04-12T02:01:22.000Z","volume":10000,"label":" ","price":7.34},{"type":"A","date":"2018-04-12T02:01:51.000Z","volume":10000,"label":" ","price":7.35},{"type":"A","date":"2018-04-12T02:01:54.000Z","volume":10000,"label":" ","price":7.35},{"type":"A","date":"2018-04-12T02:02:10.000Z","volume":11000,"label":" ","price":7.35},{"type":"A","date":"2018-04-12T02:02:10.000Z","volume":66000,"label":" ","price":7.35},{"type":"B","date":"2018-04-12T02:02:11.000Z","volume":4000,"label":" ","price":7.34},{"type":"A","date":"2018-04-12T02:02:49.000Z","volume":13000,"label":" ","price":7.36},{"type":"A","date":"2018-04-12T02:02:52.000Z","volume":5000,"label":" ","price":7.36},{"type":"A","date":"2018-04-12T02:03:00.000Z","volume":2000,"label":" ","price":7.36},{"type":"A","date":"2018-04-12T02:03:29.000Z","volume":10000,"label":" ","price":7.37},{"type":"A","date":"2018-04-12T02:03:29.000Z","volume":44000,"label":" ","price":7.37},{"type":"A","date":"2018-04-12T02:03:33.000Z","volume":2000,"label":" ","price":7.38},{"type":"A","date":"2018-04-12T02:03:46.000Z","volume":5000,"label":" ","price":7.38},{"type":"A","date":"2018-04-12T02:04:08.000Z","volume":6000,"label":" ","price":7.38},{"type":"A","date":"2018-04-12T02:04:12.000Z","volume":10000,"label":" ","price":7.38},{"type":"A","date":"2018-04-12T02:04:16.000Z","volume":16000,"label":" ","price":7.38},{"type":"A","date":"2018-04-12T02:04:21.000Z","volume":4000,"label":" ","price":7.38},{"type":"A","date":"2018-04-12T02:04:29.000Z","volume":6000,"label":" ","price":7.38},{"type":"B","date":"2018-04-12T02:04:30.000Z","volume":1000,"label":" ","price":7.37},{"type":"A","date":"2018-04-12T02:04:30.000Z","volume":8000,"label":" ","price":7.38},{"type":"B","date":"2018-04-12T02:04:58.000Z","volume":14000,"label":" ","price":7.38},{"type":"B","date":"2018-04-12T02:05:03.000Z","volume":1000,"label":" ","price":7.38},{"type":"B","date":"2018-04-12T02:05:04.000Z","volume":5000,"label":" ","price":7.38},{"type":"B","date":"2018-04-12T02:05:04.000Z","volume":7000,"label":"Y","price":7.38},{"type":"B","date":"2018-04-12T02:05:04.000Z","volume":18000,"label":" ","price":7.38},{"type":"B","date":"2018-04-12T02:05:09.000Z","volume":10000,"label":" ","price":7.37},{"type":"B","date":"2018-04-12T02:05:12.000Z","volume":5000,"label":" ","price":7.37},{"type":"B","date":"2018-04-12T02:05:12.000Z","volume":1000,"label":" ","price":7.37},{"type":"B","date":"2018-04-12T02:05:22.000Z","volume":10000,"label":" ","price":7.37},{"type":"A","date":"2018-04-12T02:05:23.000Z","volume":10000,"label":" ","price":7.38},{"type":"A","date":"2018-04-12T02:05:36.000Z","volume":16000,"label":" ","price":7.38},{"type":"B","date":"2018-04-12T02:05:36.000Z","volume":1000,"label":" ","price":7.38},{"type":"B","date":"2018-04-12T02:05:39.000Z","volume":1000,"label":" ","price":7.38},{"type":"B","date":"2018-04-12T02:05:42.000Z","volume":2000,"label":" ","price":7.38},{"type":"B","date":"2018-04-12T02:06:12.000Z","volume":8000,"label":" ","price":7.36},{"type":"A","date":"2018-04-12T02:06:12.000Z","volume":1000,"label":" ","price":7.38},{"type":"B","date":"2018-04-12T02:06:16.000Z","volume":4000,"label":" ","price":7.38},{"type":"B","date":"2018-04-12T02:07:21.000Z","volume":37000,"label":" ","price":7.36},{"type":"B","date":"2018-04-12T02:07:29.000Z","volume":10000,"label":" ","price":7.35},{"type":"B","date":"2018-04-12T02:07:47.000Z","volume":1000,"label":" ","price":7.35},{"type":"A","date":"2018-04-12T02:08:07.000Z","volume":4000,"label":" ","price":7.36},{"type":"B","date":"2018-04-12T02:08:08.000Z","volume":10000,"label":" ","price":7.34},{"type":"A","date":"2018-04-12T02:08:50.000Z","volume":1000,"label":" ","price":7.35},{"type":"B","date":"2018-04-12T02:09:27.000Z","volume":5000,"label":" ","price":7.34},{"type":"A","date":"2018-04-12T02:09:53.000Z","volume":4000,"label":" ","price":7.34},{"type":"B","date":"2018-04-12T02:10:38.000Z","volume":4000,"label":" ","price":7.34},{"type":"B","date":"2018-04-12T02:10:54.000Z","volume":5000,"label":" ","price":7.34},{"type":"B","date":"2018-04-12T02:11:35.000Z","volume":2000,"label":" ","price":7.34},{"type":"B","date":"2018-04-12T02:12:42.000Z","volume":5000,"label":" ","price":7.34},{"type":"B","date":"2018-04-12T02:12:43.000Z","volume":2000,"label":" ","price":7.34},{"type":"A","date":"2018-04-12T02:14:27.000Z","volume":3000,"label":" ","price":7.34},{"type":"A","date":"2018-04-12T02:16:13.000Z","volume":1000,"label":" ","price":7.34},{"type":"B","date":"2018-04-12T02:18:16.000Z","volume":2000,"label":" ","price":7.33},{"type":"B","date":"2018-04-12T02:18:16.000Z","volume":29000,"label":" ","price":7.33},{"type":"A","date":"2018-04-12T02:19:21.000Z","volume":10000,"label":" ","price":7.33},{"type":"B","date":"2018-04-12T02:19:23.000Z","volume":21000,"label":" ","price":7.32},{"type":"B","date":"2018-04-12T02:21:01.000Z","volume":1000,"label":" ","price":7.32},{"type":"B","date":"2018-04-12T02:22:58.000Z","volume":8000,"label":" ","price":7.31},{"type":"B","date":"2018-04-12T02:23:39.000Z","volume":3000,"label":" ","price":7.31},{"type":"U","date":"2018-04-12T02:24:28.000Z","volume":6000,"label":" ","price":7.32},{"type":"A","date":"2018-04-12T02:24:45.000Z","volume":14000,"label":" ","price":7.33},{"type":"A","date":"2018-04-12T02:25:15.000Z","volume":3000,"label":" ","price":7.32},{"type":"B","date":"2018-04-12T02:25:33.000Z","volume":6000,"label":"Y","price":7.31},{"type":"A","date":"2018-04-12T02:26:06.000Z","volume":10000,"label":" ","price":7.32},{"type":"B","date":"2018-04-12T02:26:18.000Z","volume":1000,"label":"Y","price":7.31},{"type":"B","date":"2018-04-12T02:26:18.000Z","volume":3000,"label":" ","price":7.31},{"type":"B","date":"2018-04-12T02:27:18.000Z","volume":1000,"label":" ","price":7.31},{"type":"A","date":"2018-04-12T02:30:42.000Z","volume":194000,"label":" ","price":7.32},{"type":"A","date":"2018-04-12T02:30:54.000Z","volume":1000,"label":" ","price":7.33},{"type":"B","date":"2018-04-12T02:30:55.000Z","volume":2000,"label":" ","price":7.33},{"type":"B","date":"2018-04-12T02:32:42.000Z","volume":20000,"label":" ","price":7.33},{"type":"B","date":"2018-04-12T02:32:50.000Z","volume":10000,"label":" ","price":7.33},{"type":"A","date":"2018-04-12T02:33:24.000Z","volume":3000,"label":" ","price":7.34},{"type":"B","date":"2018-04-12T02:33:45.000Z","volume":17000,"label":" ","price":7.33},{"type":"A","date":"2018-04-12T02:33:47.000Z","volume":26000,"label":" ","price":7.34},{"type":"A","date":"2018-04-12T02:34:10.000Z","volume":1000,"label":"Y","price":7.35},{"type":"A","date":"2018-04-12T02:34:33.000Z","volume":13000,"label":" ","price":7.35},{"type":"A","date":"2018-04-12T02:36:14.000Z","volume":1000,"label":" ","price":7.36},{"type":"B","date":"2018-04-12T02:37:14.000Z","volume":15000,"label":" ","price":7.35},{"type":"B","date":"2018-04-12T02:37:14.000Z","volume":6000,"label":" ","price":7.34},{"type":"B","date":"2018-04-12T02:37:19.000Z","volume":3000,"label":" ","price":7.34},{"type":"A","date":"2018-04-12T02:37:23.000Z","volume":2000,"label":" ","price":7.35},{"type":"B","date":"2018-04-12T02:37:48.000Z","volume":2000,"label":" ","price":7.33},{"type":"B","date":"2018-04-12T02:37:52.000Z","volume":4000,"label":" ","price":7.33},{"type":"A","date":"2018-04-12T02:39:06.000Z","volume":5000,"label":" ","price":7.34},{"type":"B","date":"2018-04-12T02:39:41.000Z","volume":2000,"label":" ","price":7.32},{"type":"B","date":"2018-04-12T02:42:59.000Z","volume":10000,"label":" ","price":7.32},{"type":"B","date":"2018-04-12T02:43:02.000Z","volume":10000,"label":" ","price":7.32},{"type":"B","date":"2018-04-12T02:43:06.000Z","volume":16000,"label":" ","price":7.32},{"type":"B","date":"2018-04-12T02:43:29.000Z","volume":4000,"label":" ","price":7.32},{"type":"B","date":"2018-04-12T02:43:29.000Z","volume":1000,"label":" ","price":7.32},{"type":"B","date":"2018-04-12T02:45:09.000Z","volume":10000,"label":" ","price":7.31},{"type":"B","date":"2018-04-12T02:45:09.000Z","volume":6000,"label":"Y","price":7.31},{"type":"B","date":"2018-04-12T02:45:09.000Z","volume":3000,"label":" ","price":7.31},{"type":"A","date":"2018-04-12T02:47:13.000Z","volume":11000,"label":" ","price":7.31},{"type":"A","date":"2018-04-12T02:47:13.000Z","volume":18000,"label":" ","price":7.32},{"type":"A","date":"2018-04-12T02:47:13.000Z","volume":6000,"label":" ","price":7.33},{"type":"A","date":"2018-04-12T02:47:13.000Z","volume":17000,"label":" ","price":7.34},{"type":"A","date":"2018-04-12T02:47:13.000Z","volume":75000,"label":" ","price":7.34},{"type":"A","date":"2018-04-12T02:47:13.000Z","volume":2000,"label":" ","price":7.34},{"type":"A","date":"2018-04-12T02:48:24.000Z","volume":1000,"label":" ","price":7.33},{"type":"A","date":"2018-04-12T02:49:51.000Z","volume":1000,"label":" ","price":7.32},{"type":"A","date":"2018-04-12T02:50:04.000Z","volume":6000,"label":" ","price":7.32},{"type":"A","date":"2018-04-12T02:50:09.000Z","volume":1000,"label":" ","price":7.32},{"type":"A","date":"2018-04-12T02:50:15.000Z","volume":1000,"label":" ","price":7.32},{"type":"A","date":"2018-04-12T02:50:50.000Z","volume":3000,"label":" ","price":7.32},{"type":"A","date":"2018-04-12T02:52:54.000Z","volume":10000,"label":" ","price":7.32},{"type":"A","date":"2018-04-12T02:52:54.000Z","volume":3000,"label":" ","price":7.32},{"type":"B","date":"2018-04-12T02:53:40.000Z","volume":24000,"label":" ","price":7.31},{"type":"B","date":"2018-04-12T02:55:16.000Z","volume":18000,"label":" ","price":7.31},{"type":"A","date":"2018-04-12T02:55:25.000Z","volume":1000,"label":" ","price":7.31},{"type":"A","date":"2018-04-12T02:55:25.000Z","volume":1000,"label":" ","price":7.31},{"type":"B","date":"2018-04-12T02:56:00.000Z","volume":7000,"label":" ","price":7.3},{"type":"A","date":"2018-04-12T02:56:10.000Z","volume":5000,"label":" ","price":7.32},{"type":"B","date":"2018-04-12T02:56:53.000Z","volume":10000,"label":" ","price":7.3},{"type":"B","date":"2018-04-12T02:57:35.000Z","volume":20000,"label":" ","price":7.3},{"type":"B","date":"2018-04-12T02:58:06.000Z","volume":20000,"label":" ","price":7.3},{"type":"B","date":"2018-04-12T02:58:41.000Z","volume":20000,"label":" ","price":7.3},{"type":"A","date":"2018-04-12T02:59:54.000Z","volume":1000,"label":" ","price":7.31},{"type":"A","date":"2018-04-12T03:00:14.000Z","volume":5000,"label":" ","price":7.31},{"type":"A","date":"2018-04-12T03:00:14.000Z","volume":3000,"label":" ","price":7.31},{"type":"B","date":"2018-04-12T03:00:22.000Z","volume":8000,"label":" ","price":7.3},{"type":"A","date":"2018-04-12T03:01:21.000Z","volume":2000,"label":" ","price":7.31},{"type":"A","date":"2018-04-12T03:02:20.000Z","volume":6000,"label":" ","price":7.31},{"type":"A","date":"2018-04-12T03:02:20.000Z","volume":4000,"label":" ","price":7.31},{"type":"A","date":"2018-04-12T03:04:49.000Z","volume":3000,"label":" ","price":7.31},{"type":"A","date":"2018-04-12T03:04:49.000Z","volume":7000,"label":" ","price":7.31},{"type":"B","date":"2018-04-12T03:05:13.000Z","volume":9000,"label":" ","price":7.3},{"type":"B","date":"2018-04-12T03:05:57.000Z","volume":3000,"label":" ","price":7.3},{"type":"B","date":"2018-04-12T03:08:37.000Z","volume":12000,"label":" ","price":7.31},{"type":"A","date":"2018-04-12T03:09:33.000Z","volume":15000,"label":" ","price":7.32},{"type":"A","date":"2018-04-12T03:10:11.000Z","volume":20000,"label":" ","price":7.32},{"type":"A","date":"2018-04-12T03:11:16.000Z","volume":20000,"label":" ","price":7.32},{"type":"A","date":"2018-04-12T03:11:20.000Z","volume":3000,"label":" ","price":7.32},{"type":"A","date":"2018-04-12T03:11:41.000Z","volume":19000,"label":" ","price":7.32},{"type":"A","date":"2018-04-12T03:12:31.000Z","volume":1000,"label":" ","price":7.32},{"type":"B","date":"2018-04-12T03:14:45.000Z","volume":2000,"label":" ","price":7.31},{"type":"B","date":"2018-04-12T03:15:22.000Z","volume":40000,"label":" ","price":7.31},{"type":"B","date":"2018-04-12T03:15:50.000Z","volume":38000,"label":" ","price":7.3},{"type":"B","date":"2018-04-12T03:15:50.000Z","volume":94000,"label":" ","price":7.3},{"type":"B","date":"2018-04-12T03:15:50.000Z","volume":87000,"label":" ","price":7.3},{"type":"B","date":"2018-04-12T03:15:50.000Z","volume":13000,"label":" ","price":7.29},{"type":"B","date":"2018-04-12T03:15:50.000Z","volume":3000,"label":" ","price":7.3},{"type":"B","date":"2018-04-12T03:15:50.000Z","volume":19000,"label":" ","price":7.29},{"type":"B","date":"2018-04-12T03:16:49.000Z","volume":30000,"label":" ","price":7.28},{"type":"B","date":"2018-04-12T03:16:49.000Z","volume":1000,"label":" ","price":7.28},{"type":"A","date":"2018-04-12T03:18:06.000Z","volume":20000,"label":" ","price":7.28},{"type":"A","date":"2018-04-12T03:18:19.000Z","volume":4000,"label":" ","price":7.28},{"type":"B","date":"2018-04-12T03:21:35.000Z","volume":10000,"label":" ","price":7.28},{"type":"B","date":"2018-04-12T03:22:21.000Z","volume":10000,"label":" ","price":7.28},{"type":"B","date":"2018-04-12T03:22:21.000Z","volume":3000,"label":" ","price":7.28},{"type":"B","date":"2018-04-12T03:22:37.000Z","volume":25000,"label":" ","price":7.27},{"type":"B","date":"2018-04-12T03:22:38.000Z","volume":7000,"label":" ","price":7.26},{"type":"B","date":"2018-04-12T03:22:39.000Z","volume":7000,"label":" ","price":7.25},{"type":"B","date":"2018-04-12T03:22:39.000Z","volume":14000,"label":" ","price":7.25},{"type":"A","date":"2018-04-12T03:23:05.000Z","volume":3000,"label":" ","price":7.25},{"type":"A","date":"2018-04-12T03:23:18.000Z","volume":5000,"label":" ","price":7.25},{"type":"B","date":"2018-04-12T03:23:56.000Z","volume":5000,"label":" ","price":7.24},{"type":"B","date":"2018-04-12T03:24:01.000Z","volume":20000,"label":" ","price":7.24},{"type":"B","date":"2018-04-12T03:24:38.000Z","volume":23000,"label":" ","price":7.23},{"type":"B","date":"2018-04-12T03:25:36.000Z","volume":2000,"label":" ","price":7.22},{"type":"A","date":"2018-04-12T03:25:36.000Z","volume":3000,"label":" ","price":7.22},{"type":"A","date":"2018-04-12T03:26:04.000Z","volume":3000,"label":" ","price":7.22},{"type":"A","date":"2018-04-12T03:26:04.000Z","volume":9000,"label":" ","price":7.22},{"type":"B","date":"2018-04-12T03:26:10.000Z","volume":7000,"label":" ","price":7.21},{"type":"A","date":"2018-04-12T03:28:48.000Z","volume":1000,"label":" ","price":7.24},{"type":"A","date":"2018-04-12T03:29:24.000Z","volume":5000,"label":" ","price":7.24},{"type":"A","date":"2018-04-12T03:29:24.000Z","volume":4000,"label":" ","price":7.25},{"type":"B","date":"2018-04-12T03:31:54.000Z","volume":4000,"label":" ","price":7.24},{"type":"A","date":"2018-04-12T03:31:54.000Z","volume":8000,"label":" ","price":7.25},{"type":"B","date":"2018-04-12T03:32:30.000Z","volume":1000,"label":" ","price":7.24},{"type":"B","date":"2018-04-12T03:33:01.000Z","volume":10000,"label":" ","price":7.24},{"type":"A","date":"2018-04-12T03:33:05.000Z","volume":26000,"label":" ","price":7.25},{"type":"B","date":"2018-04-12T03:33:21.000Z","volume":9000,"label":" ","price":7.24},{"type":"A","date":"2018-04-12T03:33:22.000Z","volume":1000,"label":" ","price":7.24},{"type":"A","date":"2018-04-12T03:33:22.000Z","volume":1000,"label":" ","price":7.24},{"type":"B","date":"2018-04-12T03:34:57.000Z","volume":4000,"label":" ","price":7.24},{"type":"A","date":"2018-04-12T03:36:07.000Z","volume":6000,"label":" ","price":7.24},{"type":"B","date":"2018-04-12T03:37:06.000Z","volume":7000,"label":" ","price":7.24},{"type":"B","date":"2018-04-12T03:37:30.000Z","volume":1000,"label":" ","price":7.23},{"type":"B","date":"2018-04-12T03:39:03.000Z","volume":1000,"label":" ","price":7.23},{"type":"A","date":"2018-04-12T03:39:08.000Z","volume":2000,"label":" ","price":7.25},{"type":"A","date":"2018-04-12T03:40:35.000Z","volume":3000,"label":" ","price":7.25},{"type":"A","date":"2018-04-12T03:41:24.000Z","volume":5000,"label":" ","price":7.25},{"type":"A","date":"2018-04-12T03:43:56.000Z","volume":3000,"label":" ","price":7.26},{"type":"A","date":"2018-04-12T03:44:21.000Z","volume":6000,"label":" ","price":7.26},{"type":"A","date":"2018-04-12T03:44:22.000Z","volume":5000,"label":" ","price":7.26},{"type":"A","date":"2018-04-12T03:45:43.000Z","volume":10000,"label":" ","price":7.26},{"type":"A","date":"2018-04-12T03:45:48.000Z","volume":1000,"label":" ","price":7.26},{"type":"A","date":"2018-04-12T03:45:48.000Z","volume":2000,"label":" ","price":7.26},{"type":"A","date":"2018-04-12T03:46:53.000Z","volume":7000,"label":" ","price":7.26},{"type":"A","date":"2018-04-12T03:46:54.000Z","volume":1000,"label":" ","price":7.26},{"type":"B","date":"2018-04-12T03:47:41.000Z","volume":5000,"label":" ","price":7.25},{"type":"B","date":"2018-04-12T03:49:28.000Z","volume":30000,"label":" ","price":7.25},{"type":"A","date":"2018-04-12T03:49:37.000Z","volume":3000,"label":" ","price":7.26},{"type":"A","date":"2018-04-12T03:52:10.000Z","volume":7000,"label":" ","price":7.27},{"type":"B","date":"2018-04-12T03:52:13.000Z","volume":5000,"label":" ","price":7.25},{"type":"B","date":"2018-04-12T03:52:58.000Z","volume":82000,"label":" ","price":7.25},{"type":"B","date":"2018-04-12T03:52:58.000Z","volume":10000,"label":" ","price":7.25},{"type":"B","date":"2018-04-12T03:52:58.000Z","volume":11000,"label":" ","price":7.24},{"type":"U","date":"2018-04-12T03:52:58.000Z","volume":1000,"label":" ","price":7.24},{"type":"B","date":"2018-04-12T03:52:59.000Z","volume":2000,"label":" ","price":7.23},{"type":"B","date":"2018-04-12T03:54:42.000Z","volume":2000,"label":" ","price":7.21},{"type":"A","date":"2018-04-12T03:54:42.000Z","volume":3000,"label":" ","price":7.21},{"type":"A","date":"2018-04-12T03:54:42.000Z","volume":3000,"label":" ","price":7.21},{"type":"A","date":"2018-04-12T03:55:11.000Z","volume":7000,"label":" ","price":7.21},{"type":"B","date":"2018-04-12T03:55:29.000Z","volume":5000,"label":" ","price":7.2},{"type":"A","date":"2018-04-12T03:57:54.000Z","volume":1000,"label":" ","price":7.22},{"type":"A","date":"2018-04-12T03:58:43.000Z","volume":2000,"label":" ","price":7.25},{"type":"A","date":"2018-04-12T05:00:17.000Z","volume":5000,"label":" ","price":7.25},{"type":"A","date":"2018-04-12T05:00:17.000Z","volume":7000,"label":" ","price":7.25},{"type":"A","date":"2018-04-12T05:00:24.000Z","volume":1000,"label":" ","price":7.25},{"type":"A","date":"2018-04-12T05:03:29.000Z","volume":7000,"label":" ","price":7.26},{"type":"B","date":"2018-04-12T05:04:34.000Z","volume":24000,"label":" ","price":7.24},{"type":"B","date":"2018-04-12T05:04:34.000Z","volume":9000,"label":" ","price":7.23},{"type":"A","date":"2018-04-12T05:05:28.000Z","volume":2000,"label":" ","price":7.24},{"type":"A","date":"2018-04-12T05:07:48.000Z","volume":10000,"label":" ","price":7.24},{"type":"A","date":"2018-04-12T05:07:50.000Z","volume":5000,"label":" ","price":7.24},{"type":"A","date":"2018-04-12T05:08:14.000Z","volume":3000,"label":" ","price":7.25},{"type":"A","date":"2018-04-12T05:08:14.000Z","volume":8000,"label":" ","price":7.26},{"type":"A","date":"2018-04-12T05:10:46.000Z","volume":7000,"label":" ","price":7.25},{"type":"A","date":"2018-04-12T05:11:22.000Z","volume":1000,"label":" ","price":7.25},{"type":"A","date":"2018-04-12T05:12:18.000Z","volume":4000,"label":" ","price":7.25},{"type":"A","date":"2018-04-12T05:12:19.000Z","volume":2000,"label":" ","price":7.25},{"type":"A","date":"2018-04-12T05:13:30.000Z","volume":6000,"label":" ","price":7.26},{"type":"A","date":"2018-04-12T05:13:32.000Z","volume":1000,"label":" ","price":7.26},{"type":"A","date":"2018-04-12T05:14:08.000Z","volume":1000,"label":" ","price":7.26},{"type":"B","date":"2018-04-12T05:14:40.000Z","volume":5000,"label":"Y","price":7.25},{"type":"B","date":"2018-04-12T05:14:40.000Z","volume":17000,"label":" ","price":7.25},{"type":"A","date":"2018-04-12T05:16:09.000Z","volume":2000,"label":" ","price":7.26},{"type":"B","date":"2018-04-12T05:18:14.000Z","volume":12000,"label":" ","price":7.24},{"type":"B","date":"2018-04-12T05:19:12.000Z","volume":10000,"label":" ","price":7.23},{"type":"A","date":"2018-04-12T05:19:12.000Z","volume":5000,"label":" ","price":7.24},{"type":"B","date":"2018-04-12T05:20:29.000Z","volume":30000,"label":" ","price":7.23},{"type":"A","date":"2018-04-12T05:20:32.000Z","volume":1000,"label":" ","price":7.24},{"type":"A","date":"2018-04-12T05:22:45.000Z","volume":8000,"label":" ","price":7.24},{"type":"A","date":"2018-04-12T05:24:40.000Z","volume":8000,"label":" ","price":7.25},{"type":"B","date":"2018-04-12T05:25:31.000Z","volume":1000,"label":" ","price":7.24},{"type":"A","date":"2018-04-12T05:27:20.000Z","volume":7000,"label":" ","price":7.25},{"type":"A","date":"2018-04-12T05:27:26.000Z","volume":5000,"label":" ","price":7.25},{"type":"B","date":"2018-04-12T05:27:34.000Z","volume":14000,"label":" ","price":7.24},{"type":"B","date":"2018-04-12T05:29:33.000Z","volume":1000,"label":" ","price":7.24},{"type":"A","date":"2018-04-12T05:30:22.000Z","volume":7000,"label":" ","price":7.25},{"type":"A","date":"2018-04-12T05:33:01.000Z","volume":4000,"label":" ","price":7.25},{"type":"A","date":"2018-04-12T05:33:01.000Z","volume":8000,"label":" ","price":7.25},{"type":"U","date":"2018-04-12T05:35:30.000Z","volume":2000,"label":" ","price":7.25},{"type":"U","date":"2018-04-12T05:35:30.000Z","volume":10000,"label":" ","price":7.25},{"type":"U","date":"2018-04-12T05:35:30.000Z","volume":5000,"label":" ","price":7.25},{"type":"A","date":"2018-04-12T05:35:38.000Z","volume":7000,"label":" ","price":7.25},{"type":"A","date":"2018-04-12T05:38:22.000Z","volume":5000,"label":" ","price":7.25},{"type":"A","date":"2018-04-12T05:38:22.000Z","volume":2000,"label":" ","price":7.26},{"type":"A","date":"2018-04-12T05:39:47.000Z","volume":1000,"label":" ","price":7.25},{"type":"A","date":"2018-04-12T05:39:52.000Z","volume":1000,"label":" ","price":7.25},{"type":"A","date":"2018-04-12T05:40:01.000Z","volume":1000,"label":" ","price":7.25},{"type":"A","date":"2018-04-12T05:40:50.000Z","volume":2000,"label":" ","price":7.25},{"type":"A","date":"2018-04-12T05:40:50.000Z","volume":1000,"label":" ","price":7.25},{"type":"A","date":"2018-04-12T05:40:50.000Z","volume":1000,"label":" ","price":7.26},{"type":"A","date":"2018-04-12T05:40:59.000Z","volume":2000,"label":" ","price":7.25},{"type":"A","date":"2018-04-12T05:40:59.000Z","volume":2000,"label":" ","price":7.25},{"type":"A","date":"2018-04-12T05:40:59.000Z","volume":3000,"label":" ","price":7.26},{"type":"B","date":"2018-04-12T05:41:32.000Z","volume":5000,"label":" ","price":7.24},{"type":"A","date":"2018-04-12T05:43:07.000Z","volume":3000,"label":" ","price":7.26},{"type":"A","date":"2018-04-12T05:44:31.000Z","volume":1000,"label":" ","price":7.26},{"type":"A","date":"2018-04-12T05:44:32.000Z","volume":4000,"label":" ","price":7.27},{"type":"A","date":"2018-04-12T05:44:37.000Z","volume":6000,"label":"Y","price":7.27},{"type":"A","date":"2018-04-12T05:44:46.000Z","volume":2000,"label":" ","price":7.27},{"type":"A","date":"2018-04-12T05:44:46.000Z","volume":6000,"label":" ","price":7.28},{"type":"A","date":"2018-04-12T05:47:00.000Z","volume":1000,"label":" ","price":7.27},{"type":"A","date":"2018-04-12T05:47:38.000Z","volume":3000,"label":" ","price":7.27},{"type":"A","date":"2018-04-12T05:47:45.000Z","volume":2000,"label":" ","price":7.27},{"type":"A","date":"2018-04-12T05:48:17.000Z","volume":1000,"label":" ","price":7.27},{"type":"A","date":"2018-04-12T05:48:17.000Z","volume":9000,"label":" ","price":7.27},{"type":"A","date":"2018-04-12T05:49:00.000Z","volume":7000,"label":" ","price":7.28},{"type":"A","date":"2018-04-12T05:50:21.000Z","volume":2000,"label":" ","price":7.27},{"type":"A","date":"2018-04-12T05:50:24.000Z","volume":1000,"label":" ","price":7.27},{"type":"A","date":"2018-04-12T05:52:29.000Z","volume":2000,"label":" ","price":7.27},{"type":"A","date":"2018-04-12T05:52:29.000Z","volume":5000,"label":" ","price":7.27},{"type":"B","date":"2018-04-12T05:52:48.000Z","volume":3000,"label":" ","price":7.26},{"type":"A","date":"2018-04-12T05:52:50.000Z","volume":1000,"label":" ","price":7.27},{"type":"A","date":"2018-04-12T05:53:01.000Z","volume":1000,"label":" ","price":7.27},{"type":"B","date":"2018-04-12T05:53:07.000Z","volume":31000,"label":" ","price":7.26},{"type":"B","date":"2018-04-12T05:53:30.000Z","volume":30000,"label":" ","price":7.25},{"type":"B","date":"2018-04-12T05:53:30.000Z","volume":1000,"label":" ","price":7.25},{"type":"B","date":"2018-04-12T05:53:55.000Z","volume":10000,"label":" ","price":7.24},{"type":"A","date":"2018-04-12T05:54:34.000Z","volume":2000,"label":" ","price":7.25},{"type":"B","date":"2018-04-12T05:54:39.000Z","volume":1000,"label":" ","price":7.24},{"type":"B","date":"2018-04-12T05:56:39.000Z","volume":10000,"label":" ","price":7.23},{"type":"A","date":"2018-04-12T05:57:47.000Z","volume":5000,"label":" ","price":7.24},{"type":"A","date":"2018-04-12T05:58:25.000Z","volume":1000,"label":" ","price":7.24},{"type":"A","date":"2018-04-12T05:59:39.000Z","volume":6000,"label":" ","price":7.24},{"type":"B","date":"2018-04-12T06:00:53.000Z","volume":5000,"label":"Y","price":7.23},{"type":"A","date":"2018-04-12T06:02:14.000Z","volume":7000,"label":" ","price":7.24},{"type":"B","date":"2018-04-12T06:03:48.000Z","volume":13000,"label":" ","price":7.23},{"type":"A","date":"2018-04-12T06:03:57.000Z","volume":1000,"label":" ","price":7.24},{"type":"A","date":"2018-04-12T06:04:40.000Z","volume":6000,"label":" ","price":7.24},{"type":"B","date":"2018-04-12T06:06:02.000Z","volume":7000,"label":" ","price":7.23},{"type":"B","date":"2018-04-12T06:06:02.000Z","volume":1000,"label":"Y","price":7.23},{"type":"B","date":"2018-04-12T06:06:02.000Z","volume":16000,"label":" ","price":7.23},{"type":"B","date":"2018-04-12T06:06:02.000Z","volume":1000,"label":"Y","price":7.23},{"type":"B","date":"2018-04-12T06:06:02.000Z","volume":6000,"label":" ","price":7.23},{"type":"A","date":"2018-04-12T06:07:24.000Z","volume":4000,"label":" ","price":7.23},{"type":"B","date":"2018-04-12T06:07:24.000Z","volume":1000,"label":" ","price":7.23},{"type":"A","date":"2018-04-12T06:07:24.000Z","volume":5000,"label":" ","price":7.24},{"type":"B","date":"2018-04-12T06:07:30.000Z","volume":3000,"label":" ","price":7.23},{"type":"A","date":"2018-04-12T06:07:30.000Z","volume":3000,"label":" ","price":7.24},{"type":"U","date":"2018-04-12T06:09:49.000Z","volume":3000,"label":" ","price":7.23},{"type":"B","date":"2018-04-12T06:10:28.000Z","volume":10000,"label":" ","price":7.22},{"type":"B","date":"2018-04-12T06:10:52.000Z","volume":40000,"label":" ","price":7.22},{"type":"B","date":"2018-04-12T06:10:52.000Z","volume":9000,"label":" ","price":7.22},{"type":"B","date":"2018-04-12T06:10:55.000Z","volume":1000,"label":" ","price":7.22},{"type":"B","date":"2018-04-12T06:11:06.000Z","volume":20000,"label":" ","price":7.21},{"type":"B","date":"2018-04-12T06:11:10.000Z","volume":1000,"label":" ","price":7.21},{"type":"B","date":"2018-04-12T06:11:10.000Z","volume":6000,"label":" ","price":7.21},{"type":"B","date":"2018-04-12T06:12:24.000Z","volume":1000,"label":" ","price":7.2},{"type":"A","date":"2018-04-12T06:12:24.000Z","volume":3000,"label":" ","price":7.21},{"type":"A","date":"2018-04-12T06:15:10.000Z","volume":7000,"label":" ","price":7.21},{"type":"A","date":"2018-04-12T06:15:17.000Z","volume":1000,"label":" ","price":7.21},{"type":"A","date":"2018-04-12T06:15:36.000Z","volume":4000,"label":" ","price":7.21},{"type":"A","date":"2018-04-12T06:18:05.000Z","volume":10000,"label":" ","price":7.22},{"type":"A","date":"2018-04-12T06:20:41.000Z","volume":13000,"label":" ","price":7.22},{"type":"A","date":"2018-04-12T06:22:22.000Z","volume":3000,"label":" ","price":7.22},{"type":"B","date":"2018-04-12T06:23:03.000Z","volume":2000,"label":" ","price":7.21},{"type":"A","date":"2018-04-12T06:24:00.000Z","volume":10000,"label":" ","price":7.22},{"type":"A","date":"2018-04-12T06:24:50.000Z","volume":5000,"label":" ","price":7.22},{"type":"A","date":"2018-04-12T06:26:00.000Z","volume":52000,"label":" ","price":7.22},{"type":"A","date":"2018-04-12T06:26:38.000Z","volume":10000,"label":" ","price":7.22},{"type":"A","date":"2018-04-12T06:26:42.000Z","volume":1000,"label":" ","price":7.22},{"type":"A","date":"2018-04-12T06:27:40.000Z","volume":1000,"label":" ","price":7.22},{"type":"A","date":"2018-04-12T06:28:00.000Z","volume":5000,"label":" ","price":7.22},{"type":"A","date":"2018-04-12T06:28:00.000Z","volume":4000,"label":" ","price":7.22},{"type":"A","date":"2018-04-12T06:28:00.000Z","volume":1000,"label":" ","price":7.22},{"type":"A","date":"2018-04-12T06:28:01.000Z","volume":1000,"label":" ","price":7.22},{"type":"A","date":"2018-04-12T06:28:14.000Z","volume":1000,"label":" ","price":7.22},{"type":"A","date":"2018-04-12T06:28:17.000Z","volume":1000,"label":" ","price":7.22},{"type":"A","date":"2018-04-12T06:29:00.000Z","volume":3000,"label":" ","price":7.22},{"type":"A","date":"2018-04-12T06:29:03.000Z","volume":6000,"label":" ","price":7.22},{"type":"B","date":"2018-04-12T06:30:01.000Z","volume":11000,"label":" ","price":7.22},{"type":"B","date":"2018-04-12T06:30:44.000Z","volume":19000,"label":"Y","price":7.22},{"type":"B","date":"2018-04-12T06:30:44.000Z","volume":7000,"label":" ","price":7.22},{"type":"A","date":"2018-04-12T06:31:03.000Z","volume":2000,"label":" ","price":7.22},{"type":"B","date":"2018-04-12T06:31:48.000Z","volume":5000,"label":" ","price":7.21},{"type":"B","date":"2018-04-12T06:31:52.000Z","volume":1000,"label":" ","price":7.21},{"type":"B","date":"2018-04-12T06:31:53.000Z","volume":5000,"label":" ","price":7.21},{"type":"A","date":"2018-04-12T06:32:09.000Z","volume":3000,"label":" ","price":7.21},{"type":"A","date":"2018-04-12T06:33:48.000Z","volume":7000,"label":" ","price":7.21},{"type":"A","date":"2018-04-12T06:34:27.000Z","volume":3000,"label":" ","price":7.21},{"type":"A","date":"2018-04-12T06:35:00.000Z","volume":2000,"label":" ","price":7.21},{"type":"B","date":"2018-04-12T06:35:26.000Z","volume":10000,"label":" ","price":7.2},{"type":"A","date":"2018-04-12T06:36:41.000Z","volume":10000,"label":" ","price":7.21},{"type":"A","date":"2018-04-12T06:36:41.000Z","volume":1000,"label":" ","price":7.21},{"type":"A","date":"2018-04-12T06:37:10.000Z","volume":3000,"label":" ","price":7.21},{"type":"A","date":"2018-04-12T06:38:03.000Z","volume":2000,"label":" ","price":7.21},{"type":"A","date":"2018-04-12T06:38:03.000Z","volume":6000,"label":" ","price":7.21},{"type":"A","date":"2018-04-12T06:38:06.000Z","volume":5000,"label":" ","price":7.21},{"type":"B","date":"2018-04-12T06:46:03.000Z","volume":2000,"label":" ","price":7.21},{"type":"B","date":"2018-04-12T06:46:16.000Z","volume":2000,"label":" ","price":7.21},{"type":"B","date":"2018-04-12T06:46:33.000Z","volume":10000,"label":" ","price":7.21},{"type":"B","date":"2018-04-12T06:46:33.000Z","volume":10000,"label":" ","price":7.21},{"type":"B","date":"2018-04-12T06:46:33.000Z","volume":86000,"label":" ","price":7.21},{"type":"B","date":"2018-04-12T06:46:33.000Z","volume":36000,"label":" ","price":7.21},{"type":"B","date":"2018-04-12T06:46:33.000Z","volume":6000,"label":" ","price":7.2},{"type":"B","date":"2018-04-12T06:46:33.000Z","volume":32000,"label":" ","price":7.2},{"type":"B","date":"2018-04-12T06:46:33.000Z","volume":58000,"label":" ","price":7.2},{"type":"B","date":"2018-04-12T06:46:34.000Z","volume":9000,"label":" ","price":7.19},{"type":"B","date":"2018-04-12T06:46:54.000Z","volume":15000,"label":" ","price":7.18},{"type":"B","date":"2018-04-12T06:46:54.000Z","volume":10000,"label":" ","price":7.18},{"type":"A","date":"2018-04-12T06:47:22.000Z","volume":16000,"label":" ","price":7.19},{"type":"A","date":"2018-04-12T06:47:22.000Z","volume":2000,"label":" ","price":7.2},{"type":"B","date":"2018-04-12T06:49:58.000Z","volume":5000,"label":" ","price":7.18},{"type":"B","date":"2018-04-12T06:50:03.000Z","volume":1000,"label":" ","price":7.18},{"type":"B","date":"2018-04-12T06:50:13.000Z","volume":20000,"label":" ","price":7.18},{"type":"A","date":"2018-04-12T06:50:13.000Z","volume":11000,"label":" ","price":7.19},{"type":"A","date":"2018-04-12T06:50:37.000Z","volume":26000,"label":" ","price":7.2},{"type":"A","date":"2018-04-12T06:52:55.000Z","volume":15000,"label":" ","price":7.2},{"type":"A","date":"2018-04-12T06:52:55.000Z","volume":2000,"label":" ","price":7.2},{"type":"B","date":"2018-04-12T06:55:17.000Z","volume":2000,"label":" ","price":7.2},{"type":"B","date":"2018-04-12T06:55:22.000Z","volume":13000,"label":" ","price":7.2},{"type":"A","date":"2018-04-12T06:55:22.000Z","volume":2000,"label":"Y","price":7.2},{"type":"A","date":"2018-04-12T06:55:31.000Z","volume":2000,"label":" ","price":7.2},{"type":"B","date":"2018-04-12T06:55:35.000Z","volume":1000,"label":" ","price":7.19},{"type":"A","date":"2018-04-12T06:55:44.000Z","volume":3000,"label":" ","price":7.2},{"type":"A","date":"2018-04-12T06:56:01.000Z","volume":2000,"label":" ","price":7.21},{"type":"A","date":"2018-04-12T06:58:22.000Z","volume":8000,"label":" ","price":7.2},{"type":"A","date":"2018-04-12T06:58:22.000Z","volume":8000,"label":" ","price":7.21},{"type":"A","date":"2018-04-12T07:02:09.000Z","volume":17000,"label":" ","price":7.21},{"type":"A","date":"2018-04-12T07:03:32.000Z","volume":20000,"label":" ","price":7.21},{"type":"A","date":"2018-04-12T07:03:32.000Z","volume":3000,"label":" ","price":7.21},{"type":"A","date":"2018-04-12T07:03:32.000Z","volume":10000,"label":" ","price":7.21},{"type":"A","date":"2018-04-12T07:03:32.000Z","volume":4000,"label":" ","price":7.21},{"type":"B","date":"2018-04-12T07:03:32.000Z","volume":1000,"label":" ","price":7.21},{"type":"B","date":"2018-04-12T07:03:32.000Z","volume":9000,"label":" ","price":7.21},{"type":"A","date":"2018-04-12T07:05:32.000Z","volume":2000,"label":" ","price":7.21},{"type":"A","date":"2018-04-12T07:05:47.000Z","volume":1000,"label":" ","price":7.21},{"type":"A","date":"2018-04-12T07:06:52.000Z","volume":24000,"label":" ","price":7.21},{"type":"B","date":"2018-04-12T07:09:07.000Z","volume":50000,"label":" ","price":7.21},{"type":"B","date":"2018-04-12T07:09:08.000Z","volume":4000,"label":" ","price":7.21},{"type":"B","date":"2018-04-12T07:10:14.000Z","volume":10000,"label":" ","price":7.21},{"type":"B","date":"2018-04-12T07:10:14.000Z","volume":1000,"label":" ","price":7.21},{"type":"B","date":"2018-04-12T07:10:15.000Z","volume":15000,"label":"Y","price":7.21},{"type":"B","date":"2018-04-12T07:10:15.000Z","volume":23000,"label":" ","price":7.21},{"type":"B","date":"2018-04-12T07:10:15.000Z","volume":1000,"label":"Y","price":7.21},{"type":"B","date":"2018-04-12T07:10:32.000Z","volume":2000,"label":" ","price":7.21},{"type":"A","date":"2018-04-12T07:12:11.000Z","volume":8000,"label":" ","price":7.22},{"type":"B","date":"2018-04-12T07:16:14.000Z","volume":1000,"label":"Y","price":7.21},{"type":"B","date":"2018-04-12T07:16:14.000Z","volume":49000,"label":" ","price":7.21},{"type":"B","date":"2018-04-12T07:16:14.000Z","volume":1000,"label":" ","price":7.21},{"type":"B","date":"2018-04-12T07:16:33.000Z","volume":2000,"label":" ","price":7.21},{"type":"B","date":"2018-04-12T07:17:13.000Z","volume":4000,"label":" ","price":7.21},{"type":"B","date":"2018-04-12T07:22:13.000Z","volume":50000,"label":" ","price":7.21},{"type":"B","date":"2018-04-12T07:22:15.000Z","volume":2000,"label":" ","price":7.21},{"type":"A","date":"2018-04-12T07:23:15.000Z","volume":10000,"label":" ","price":7.22},{"type":"B","date":"2018-04-12T07:23:51.000Z","volume":2000,"label":" ","price":7.21},{"type":"A","date":"2018-04-12T07:23:54.000Z","volume":2000,"label":" ","price":7.22},{"type":"A","date":"2018-04-12T07:24:52.000Z","volume":15000,"label":" ","price":7.22},{"type":"A","date":"2018-04-12T07:24:52.000Z","volume":122000,"label":" ","price":7.22},{"type":"A","date":"2018-04-12T07:24:59.000Z","volume":2000,"label":" ","price":7.22},{"type":"A","date":"2018-04-12T07:25:02.000Z","volume":3000,"label":" ","price":7.22},{"type":"A","date":"2018-04-12T07:25:03.000Z","volume":2000,"label":" ","price":7.22},{"type":"A","date":"2018-04-12T07:25:13.000Z","volume":3000,"label":" ","price":7.22},{"type":"A","date":"2018-04-12T07:25:27.000Z","volume":5000,"label":" ","price":7.22},{"type":"A","date":"2018-04-12T07:25:36.000Z","volume":6000,"label":" ","price":7.22},{"type":"A","date":"2018-04-12T07:26:15.000Z","volume":4000,"label":" ","price":7.22},{"type":"A","date":"2018-04-12T07:26:30.000Z","volume":29000,"label":" ","price":7.22},{"type":"A","date":"2018-04-12T07:26:30.000Z","volume":72000,"label":" ","price":7.23},{"type":"A","date":"2018-04-12T07:28:12.000Z","volume":20000,"label":" ","price":7.25},{"type":"A","date":"2018-04-12T07:28:40.000Z","volume":1000,"label":" ","price":7.25},{"type":"A","date":"2018-04-12T07:30:12.000Z","volume":3000,"label":" ","price":7.25},{"type":"A","date":"2018-04-12T07:30:36.000Z","volume":4000,"label":" ","price":7.25},{"type":"A","date":"2018-04-12T07:30:36.000Z","volume":2000,"label":" ","price":7.25},{"type":"B","date":"2018-04-12T07:32:00.000Z","volume":4000,"label":" ","price":7.24},{"type":"B","date":"2018-04-12T07:34:30.000Z","volume":1000,"label":" ","price":7.24},{"type":"B","date":"2018-04-12T07:34:30.000Z","volume":7000,"label":"Y","price":7.24},{"type":"B","date":"2018-04-12T07:34:30.000Z","volume":3000,"label":" ","price":7.24},{"type":"B","date":"2018-04-12T07:34:30.000Z","volume":10000,"label":"Y","price":7.24},{"type":"B","date":"2018-04-12T07:34:30.000Z","volume":2000,"label":"Y","price":7.24},{"type":"B","date":"2018-04-12T07:34:30.000Z","volume":8000,"label":" ","price":7.24},{"type":"B","date":"2018-04-12T07:34:30.000Z","volume":15000,"label":" ","price":7.24},{"type":"A","date":"2018-04-12T07:34:44.000Z","volume":2000,"label":" ","price":7.24},{"type":"B","date":"2018-04-12T07:35:19.000Z","volume":1000,"label":" ","price":7.23},{"type":"B","date":"2018-04-12T07:36:21.000Z","volume":15000,"label":" ","price":7.23},{"type":"B","date":"2018-04-12T07:36:21.000Z","volume":1000,"label":" ","price":7.23},{"type":"A","date":"2018-04-12T07:36:23.000Z","volume":1000,"label":" ","price":7.24},{"type":"B","date":"2018-04-12T07:36:49.000Z","volume":2000,"label":" ","price":7.23},{"type":"B","date":"2018-04-12T07:36:56.000Z","volume":2000,"label":" ","price":7.23},{"type":"B","date":"2018-04-12T07:36:56.000Z","volume":1000,"label":" ","price":7.23},{"type":"B","date":"2018-04-12T07:37:02.000Z","volume":2000,"label":" ","price":7.23},{"type":"B","date":"2018-04-12T07:38:57.000Z","volume":30000,"label":" ","price":7.23},{"type":"B","date":"2018-04-12T07:38:57.000Z","volume":2000,"label":" ","price":7.23},{"type":"B","date":"2018-04-12T07:39:01.000Z","volume":14000,"label":" ","price":7.23},{"type":"A","date":"2018-04-12T07:39:07.000Z","volume":7000,"label":" ","price":7.23},{"type":"A","date":"2018-04-12T07:40:29.000Z","volume":10000,"label":" ","price":7.23},{"type":"A","date":"2018-04-12T07:40:32.000Z","volume":1000,"label":" ","price":7.23},{"type":"B","date":"2018-04-12T07:41:04.000Z","volume":1000,"label":" ","price":7.22},{"type":"B","date":"2018-04-12T07:41:28.000Z","volume":16000,"label":" ","price":7.22},{"type":"A","date":"2018-04-12T07:41:33.000Z","volume":1000,"label":" ","price":7.23},{"type":"A","date":"2018-04-12T07:41:42.000Z","volume":21000,"label":" ","price":7.23},{"type":"A","date":"2018-04-12T07:41:48.000Z","volume":18000,"label":" ","price":7.23},{"type":"U","date":"2018-04-12T07:41:48.000Z","volume":5000,"label":"X","price":7.23},{"type":"A","date":"2018-04-12T07:42:27.000Z","volume":6000,"label":" ","price":7.23},{"type":"A","date":"2018-04-12T07:42:27.000Z","volume":4000,"label":" ","price":7.24},{"type":"A","date":"2018-04-12T07:42:29.000Z","volume":2000,"label":" ","price":7.24},{"type":"B","date":"2018-04-12T07:44:50.000Z","volume":3000,"label":" ","price":7.23},{"type":"A","date":"2018-04-12T07:45:31.000Z","volume":2000,"label":" ","price":7.24},{"type":"A","date":"2018-04-12T07:45:31.000Z","volume":2000,"label":" ","price":7.25},{"type":"B","date":"2018-04-12T07:45:40.000Z","volume":2000,"label":" ","price":7.24},{"type":"A","date":"2018-04-12T07:46:01.000Z","volume":5000,"label":" ","price":7.25},{"type":"B","date":"2018-04-12T07:46:03.000Z","volume":1000,"label":" ","price":7.24},{"type":"B","date":"2018-04-12T07:46:06.000Z","volume":1000,"label":" ","price":7.24},{"type":"A","date":"2018-04-12T07:46:09.000Z","volume":1000,"label":" ","price":7.25},{"type":"B","date":"2018-04-12T07:46:09.000Z","volume":1000,"label":" ","price":7.24},{"type":"A","date":"2018-04-12T07:46:15.000Z","volume":5000,"label":" ","price":7.25},{"type":"B","date":"2018-04-12T07:46:17.000Z","volume":1000,"label":" ","price":7.24},{"type":"A","date":"2018-04-12T07:46:17.000Z","volume":3000,"label":" ","price":7.25},{"type":"B","date":"2018-04-12T07:46:19.000Z","volume":1000,"label":" ","price":7.24},{"type":"A","date":"2018-04-12T07:46:31.000Z","volume":5000,"label":" ","price":7.25},{"type":"B","date":"2018-04-12T07:46:33.000Z","volume":1000,"label":" ","price":7.24},{"type":"A","date":"2018-04-12T07:46:34.000Z","volume":3000,"label":" ","price":7.25},{"type":"B","date":"2018-04-12T07:46:35.000Z","volume":1000,"label":" ","price":7.24},{"type":"A","date":"2018-04-12T07:46:47.000Z","volume":7000,"label":" ","price":7.25},{"type":"A","date":"2018-04-12T07:46:47.000Z","volume":2000,"label":" ","price":7.26},{"type":"B","date":"2018-04-12T07:46:49.000Z","volume":2000,"label":" ","price":7.25},{"type":"A","date":"2018-04-12T07:46:55.000Z","volume":5000,"label":" ","price":7.26},{"type":"B","date":"2018-04-12T07:46:55.000Z","volume":1000,"label":" ","price":7.25},{"type":"A","date":"2018-04-12T07:47:04.000Z","volume":8000,"label":" ","price":7.26},{"type":"B","date":"2018-04-12T07:47:04.000Z","volume":2000,"label":" ","price":7.25},{"type":"A","date":"2018-04-12T07:47:07.000Z","volume":3000,"label":" ","price":7.26},{"type":"A","date":"2018-04-12T07:47:07.000Z","volume":4000,"label":" ","price":7.26},{"type":"B","date":"2018-04-12T07:47:07.000Z","volume":3000,"label":" ","price":7.26},{"type":"B","date":"2018-04-12T07:47:08.000Z","volume":1000,"label":" ","price":7.26},{"type":"A","date":"2018-04-12T07:47:25.000Z","volume":12000,"label":" ","price":7.27},{"type":"B","date":"2018-04-12T07:47:27.000Z","volume":1000,"label":" ","price":7.26},{"type":"A","date":"2018-04-12T07:47:34.000Z","volume":7000,"label":" ","price":7.27},{"type":"A","date":"2018-04-12T07:47:34.000Z","volume":3000,"label":" ","price":7.28},{"type":"A","date":"2018-04-12T07:47:40.000Z","volume":1000,"label":" ","price":7.27},{"type":"B","date":"2018-04-12T07:47:55.000Z","volume":26000,"label":" ","price":7.26},{"type":"B","date":"2018-04-12T07:47:55.000Z","volume":2000,"label":" ","price":7.26},{"type":"B","date":"2018-04-12T07:47:55.000Z","volume":5000,"label":" ","price":7.26},{"type":"B","date":"2018-04-12T07:47:55.000Z","volume":4000,"label":"Y","price":7.26},{"type":"B","date":"2018-04-12T07:47:55.000Z","volume":3000,"label":" ","price":7.26},{"type":"B","date":"2018-04-12T07:47:55.000Z","volume":4000,"label":"Y","price":7.26},{"type":"B","date":"2018-04-12T07:47:57.000Z","volume":1000,"label":" ","price":7.26},{"type":"B","date":"2018-04-12T07:48:14.000Z","volume":37000,"label":" ","price":7.25},{"type":"U","date":"2018-04-12T07:48:14.000Z","volume":7000,"label":" ","price":7.25},{"type":"A","date":"2018-04-12T07:48:14.000Z","volume":12000,"label":" ","price":7.25},{"type":"U","date":"2018-04-12T07:48:14.000Z","volume":6000,"label":"X","price":7.25},{"type":"A","date":"2018-04-12T07:48:14.000Z","volume":1000,"label":" ","price":7.25},{"type":"A","date":"2018-04-12T07:48:14.000Z","volume":5000,"label":" ","price":7.25},{"type":"B","date":"2018-04-12T07:48:16.000Z","volume":24000,"label":" ","price":7.24},{"type":"B","date":"2018-04-12T07:48:22.000Z","volume":4000,"label":" ","price":7.24},{"type":"A","date":"2018-04-12T07:49:16.000Z","volume":6000,"label":" ","price":7.24},{"type":"A","date":"2018-04-12T07:49:16.000Z","volume":11000,"label":" ","price":7.25},{"type":"A","date":"2018-04-12T07:49:34.000Z","volume":1000,"label":" ","price":7.25},{"type":"A","date":"2018-04-12T07:49:36.000Z","volume":15000,"label":" ","price":7.26},{"type":"U","date":"2018-04-12T07:49:37.000Z","volume":4000,"label":"X","price":7.24},{"type":"A","date":"2018-04-12T07:49:39.000Z","volume":49000,"label":" ","price":7.24},{"type":"A","date":"2018-04-12T07:50:01.000Z","volume":2000,"label":" ","price":7.27},{"type":"B","date":"2018-04-12T07:50:03.000Z","volume":2000,"label":" ","price":7.24},{"type":"A","date":"2018-04-12T07:50:20.000Z","volume":6000,"label":" ","price":7.26},{"type":"B","date":"2018-04-12T07:50:21.000Z","volume":1000,"label":" ","price":7.24},{"type":"A","date":"2018-04-12T07:50:26.000Z","volume":2000,"label":" ","price":7.26},{"type":"B","date":"2018-04-12T07:50:28.000Z","volume":1000,"label":" ","price":7.24},{"type":"B","date":"2018-04-12T07:50:29.000Z","volume":1000,"label":" ","price":7.24},{"type":"A","date":"2018-04-12T07:50:36.000Z","volume":3000,"label":" ","price":7.26},{"type":"B","date":"2018-04-12T07:50:37.000Z","volume":1000,"label":" ","price":7.24},{"type":"U","date":"2018-04-12T07:50:55.000Z","volume":1000,"label":"X","price":7.26},{"type":"A","date":"2018-04-12T07:50:55.000Z","volume":5000,"label":" ","price":7.26},{"type":"A","date":"2018-04-12T07:50:55.000Z","volume":2000,"label":" ","price":7.26},{"type":"A","date":"2018-04-12T07:51:00.000Z","volume":2000,"label":" ","price":7.26},{"type":"A","date":"2018-04-12T07:51:18.000Z","volume":7000,"label":" ","price":7.26},{"type":"B","date":"2018-04-12T07:51:20.000Z","volume":1000,"label":" ","price":7.24},{"type":"A","date":"2018-04-12T07:51:20.000Z","volume":2000,"label":" ","price":7.26},{"type":"B","date":"2018-04-12T07:51:22.000Z","volume":1000,"label":" ","price":7.24},{"type":"A","date":"2018-04-12T07:52:01.000Z","volume":7000,"label":" ","price":7.26},{"type":"A","date":"2018-04-12T07:52:01.000Z","volume":9000,"label":" ","price":7.26},{"type":"B","date":"2018-04-12T07:52:01.000Z","volume":1000,"label":" ","price":7.26},{"type":"B","date":"2018-04-12T07:52:01.000Z","volume":4000,"label":" ","price":7.24},{"type":"A","date":"2018-04-12T07:52:02.000Z","volume":8000,"label":" ","price":7.26},{"type":"B","date":"2018-04-12T07:52:03.000Z","volume":2000,"label":" ","price":7.24},{"type":"A","date":"2018-04-12T07:52:09.000Z","volume":3000,"label":" ","price":7.26},{"type":"B","date":"2018-04-12T07:52:09.000Z","volume":1000,"label":" ","price":7.26},{"type":"B","date":"2018-04-12T07:52:21.000Z","volume":10000,"label":" ","price":7.26},{"type":"B","date":"2018-04-12T07:52:23.000Z","volume":1000,"label":" ","price":7.26},{"type":"B","date":"2018-04-12T07:52:30.000Z","volume":4000,"label":" ","price":7.26},{"type":"A","date":"2018-04-12T07:52:47.000Z","volume":9000,"label":" ","price":7.26},{"type":"B","date":"2018-04-12T07:52:59.000Z","volume":60000,"label":" ","price":7.26},{"type":"B","date":"2018-04-12T07:53:01.000Z","volume":8000,"label":" ","price":7.25},{"type":"A","date":"2018-04-12T07:53:06.000Z","volume":4000,"label":" ","price":7.27},{"type":"B","date":"2018-04-12T07:53:07.000Z","volume":2000,"label":" ","price":7.25},{"type":"B","date":"2018-04-12T07:53:25.000Z","volume":30000,"label":" ","price":7.25},{"type":"B","date":"2018-04-12T07:53:25.000Z","volume":1000,"label":" ","price":7.25},{"type":"B","date":"2018-04-12T07:53:27.000Z","volume":2000,"label":" ","price":7.25},{"type":"B","date":"2018-04-12T07:53:33.000Z","volume":4000,"label":" ","price":7.25},{"type":"B","date":"2018-04-12T07:53:35.000Z","volume":1000,"label":" ","price":7.25},{"type":"B","date":"2018-04-12T07:53:37.000Z","volume":2000,"label":" ","price":7.25},{"type":"B","date":"2018-04-12T07:53:37.000Z","volume":1000,"label":" ","price":7.25},{"type":"A","date":"2018-04-12T07:53:41.000Z","volume":4000,"label":" ","price":7.26},{"type":"B","date":"2018-04-12T07:53:41.000Z","volume":1000,"label":" ","price":7.25},{"type":"A","date":"2018-04-12T07:53:47.000Z","volume":1000,"label":" ","price":7.26},{"type":"B","date":"2018-04-12T07:53:58.000Z","volume":20000,"label":" ","price":7.25},{"type":"U","date":"2018-04-12T07:53:58.000Z","volume":2000,"label":"X","price":7.25},{"type":"B","date":"2018-04-12T07:54:00.000Z","volume":2000,"label":" ","price":7.24},{"type":"B","date":"2018-04-12T07:54:02.000Z","volume":1000,"label":" ","price":7.23},{"type":"B","date":"2018-04-12T07:54:05.000Z","volume":1000,"label":" ","price":7.23},{"type":"B","date":"2018-04-12T07:54:19.000Z","volume":2000,"label":" ","price":7.23},{"type":"A","date":"2018-04-12T07:54:20.000Z","volume":3000,"label":" ","price":7.25},{"type":"B","date":"2018-04-12T07:54:34.000Z","volume":2000,"label":" ","price":7.23},{"type":"B","date":"2018-04-12T07:54:48.000Z","volume":2000,"label":" ","price":7.23},{"type":"A","date":"2018-04-12T07:54:52.000Z","volume":9000,"label":" ","price":7.24},{"type":"A","date":"2018-04-12T07:54:52.000Z","volume":2000,"label":" ","price":7.25},{"type":"A","date":"2018-04-12T07:55:25.000Z","volume":14000,"label":" ","price":7.24},{"type":"A","date":"2018-04-12T07:56:01.000Z","volume":16000,"label":" ","price":7.24},{"type":"A","date":"2018-04-12T07:56:08.000Z","volume":4000,"label":" ","price":7.25},{"type":"A","date":"2018-04-12T07:56:35.000Z","volume":16000,"label":" ","price":7.25},{"type":"B","date":"2018-04-12T07:56:46.000Z","volume":2000,"label":" ","price":7.24},{"type":"B","date":"2018-04-12T07:57:00.000Z","volume":1000,"label":" ","price":7.24},{"type":"A","date":"2018-04-12T07:57:10.000Z","volume":12000,"label":" ","price":7.25},{"type":"A","date":"2018-04-12T07:57:10.000Z","volume":5000,"label":" ","price":7.25},{"type":"A","date":"2018-04-12T07:57:22.000Z","volume":2000,"label":" ","price":7.25},{"type":"B","date":"2018-04-12T07:57:28.000Z","volume":1000,"label":" ","price":7.24},{"type":"A","date":"2018-04-12T07:57:41.000Z","volume":13000,"label":" ","price":7.25},{"type":"A","date":"2018-04-12T07:57:41.000Z","volume":3000,"label":" ","price":7.26},{"type":"A","date":"2018-04-12T07:58:01.000Z","volume":2000,"label":" ","price":7.26},{"type":"B","date":"2018-04-12T07:58:12.000Z","volume":2000,"label":" ","price":7.24},{"type":"A","date":"2018-04-12T07:58:17.000Z","volume":13000,"label":" ","price":7.25},{"type":"A","date":"2018-04-12T07:58:17.000Z","volume":5000,"label":" ","price":7.26},{"type":"B","date":"2018-04-12T07:58:41.000Z","volume":1000,"label":" ","price":7.24},{"type":"B","date":"2018-04-12T07:58:47.000Z","volume":1000,"label":" ","price":7.24},{"type":"A","date":"2018-04-12T07:58:54.000Z","volume":2000,"label":" ","price":7.25},{"type":"A","date":"2018-04-12T07:58:54.000Z","volume":17000,"label":" ","price":7.26},{"type":"A","date":"2018-04-12T07:58:59.000Z","volume":1000,"label":" ","price":7.26},{"type":"A","date":"2018-04-12T07:59:02.000Z","volume":1000,"label":" ","price":7.26},{"type":"A","date":"2018-04-12T07:59:02.000Z","volume":1000,"label":" ","price":7.26},{"type":"B","date":"2018-04-12T07:59:10.000Z","volume":2000,"label":" ","price":7.24},{"type":"B","date":"2018-04-12T07:59:25.000Z","volume":3000,"label":" ","price":7.24},{"type":"U","date":"2018-04-12T07:59:25.000Z","volume":2000,"label":" ","price":7.25},{"type":"A","date":"2018-04-12T07:59:26.000Z","volume":13000,"label":" ","price":7.26},{"type":"A","date":"2018-04-12T07:59:30.000Z","volume":1000,"label":" ","price":7.26},{"type":"A","date":"2018-04-12T07:59:37.000Z","volume":3000,"label":" ","price":7.26},{"type":"A","date":"2018-04-12T07:59:41.000Z","volume":7000,"label":" ","price":7.26},{"type":"A","date":"2018-04-12T07:59:45.000Z","volume":21000,"label":" ","price":7.26},{"type":"A","date":"2018-04-12T07:59:46.000Z","volume":1000,"label":" ","price":7.26},{"type":"A","date":"2018-04-12T07:59:51.000Z","volume":3000,"label":" ","price":7.26},{"type":"B","date":"2018-04-12T07:59:54.000Z","volume":2000,"label":" ","price":7.25},{"type":"B","date":"2018-04-12T07:59:55.000Z","volume":1000,"label":" ","price":7.25},{"type":"A","date":"2018-04-12T07:59:55.000Z","volume":2000,"label":" ","price":7.26},{"type":"A","date":"2018-04-12T07:59:55.000Z","volume":3000,"label":" ","price":7.26},{"type":"U","date":"2018-04-12T08:08:38.000Z","volume":34000,"label":"U","price":7.23}]