[{"type":"U","date":"2018-03-29T01:20:00.000Z","volume":63000,"label":"U","price":6.77},{"type":"A","date":"2018-03-29T01:30:07.000Z","volume":1000,"label":" ","price":6.76},{"type":"A","date":"2018-03-29T01:30:19.000Z","volume":1000,"label":" ","price":6.76},{"type":"A","date":"2018-03-29T01:30:22.000Z","volume":20000,"label":" ","price":6.76},{"type":"B","date":"2018-03-29T01:30:22.000Z","volume":1000,"label":" ","price":6.72},{"type":"A","date":"2018-03-29T01:30:22.000Z","volume":2000,"label":" ","price":6.76},{"type":"B","date":"2018-03-29T01:30:22.000Z","volume":1000,"label":" ","price":6.72},{"type":"A","date":"2018-03-29T01:30:22.000Z","volume":7000,"label":" ","price":6.76},{"type":"A","date":"2018-03-29T01:30:22.000Z","volume":1000,"label":" ","price":6.77},{"type":"A","date":"2018-03-29T01:30:24.000Z","volume":2000,"label":" ","price":6.77},{"type":"A","date":"2018-03-29T01:30:25.000Z","volume":1000,"label":" ","price":6.77},{"type":"A","date":"2018-03-29T01:31:03.000Z","volume":1000,"label":" ","price":6.76},{"type":"A","date":"2018-03-29T01:31:04.000Z","volume":1000,"label":" ","price":6.76},{"type":"B","date":"2018-03-29T01:31:38.000Z","volume":3000,"label":" ","price":6.74},{"type":"A","date":"2018-03-29T01:31:38.000Z","volume":8000,"label":" ","price":6.75},{"type":"A","date":"2018-03-29T01:31:38.000Z","volume":20000,"label":" ","price":6.76},{"type":"B","date":"2018-03-29T01:31:38.000Z","volume":2000,"label":" ","price":6.75},{"type":"U","date":"2018-03-29T01:31:38.000Z","volume":1000,"label":" ","price":6.76},{"type":"A","date":"2018-03-29T01:31:39.000Z","volume":14000,"label":" ","price":6.77},{"type":"A","date":"2018-03-29T01:32:02.000Z","volume":20000,"label":" ","price":6.77},{"type":"B","date":"2018-03-29T01:32:02.000Z","volume":1000,"label":" ","price":6.76},{"type":"A","date":"2018-03-29T01:32:03.000Z","volume":1000,"label":" ","price":6.77},{"type":"A","date":"2018-03-29T01:32:03.000Z","volume":46000,"label":" ","price":6.77},{"type":"A","date":"2018-03-29T01:32:04.000Z","volume":1000,"label":" ","price":6.78},{"type":"A","date":"2018-03-29T01:32:04.000Z","volume":94000,"label":" ","price":6.78},{"type":"B","date":"2018-03-29T01:32:04.000Z","volume":1000,"label":"Y","price":6.76},{"type":"B","date":"2018-03-29T01:32:04.000Z","volume":5000,"label":" ","price":6.76},{"type":"A","date":"2018-03-29T01:32:05.000Z","volume":1000,"label":"Y","price":6.79},{"type":"A","date":"2018-03-29T01:32:05.000Z","volume":1000,"label":" ","price":6.79},{"type":"A","date":"2018-03-29T01:32:06.000Z","volume":6000,"label":" ","price":6.79},{"type":"A","date":"2018-03-29T01:32:08.000Z","volume":1000,"label":" ","price":6.79},{"type":"A","date":"2018-03-29T01:32:09.000Z","volume":1000,"label":" ","price":6.8},{"type":"A","date":"2018-03-29T01:32:10.000Z","volume":56000,"label":" ","price":6.8},{"type":"U","date":"2018-03-29T01:32:10.000Z","volume":1000,"label":" ","price":6.77},{"type":"B","date":"2018-03-29T01:32:10.000Z","volume":1000,"label":" ","price":6.77},{"type":"A","date":"2018-03-29T01:32:11.000Z","volume":1000,"label":" ","price":6.8},{"type":"B","date":"2018-03-29T01:32:11.000Z","volume":1000,"label":" ","price":6.77},{"type":"A","date":"2018-03-29T01:32:13.000Z","volume":1000,"label":" ","price":6.8},{"type":"A","date":"2018-03-29T01:32:19.000Z","volume":1000,"label":" ","price":6.8},{"type":"A","date":"2018-03-29T01:32:22.000Z","volume":10000,"label":" ","price":6.8},{"type":"B","date":"2018-03-29T01:32:22.000Z","volume":1000,"label":" ","price":6.77},{"type":"A","date":"2018-03-29T01:32:34.000Z","volume":2000,"label":" ","price":6.79},{"type":"A","date":"2018-03-29T01:32:41.000Z","volume":15000,"label":" ","price":6.79},{"type":"A","date":"2018-03-29T01:32:44.000Z","volume":1000,"label":" ","price":6.79},{"type":"A","date":"2018-03-29T01:32:55.000Z","volume":1000,"label":" ","price":6.79},{"type":"A","date":"2018-03-29T01:33:05.000Z","volume":1000,"label":" ","price":6.79},{"type":"U","date":"2018-03-29T01:33:08.000Z","volume":1000,"label":" ","price":6.78},{"type":"U","date":"2018-03-29T01:33:08.000Z","volume":1000,"label":" ","price":6.78},{"type":"A","date":"2018-03-29T01:33:08.000Z","volume":4000,"label":" ","price":6.79},{"type":"A","date":"2018-03-29T01:33:12.000Z","volume":10000,"label":" ","price":6.79},{"type":"U","date":"2018-03-29T01:33:14.000Z","volume":1000,"label":" ","price":6.78},{"type":"A","date":"2018-03-29T01:33:15.000Z","volume":1000,"label":" ","price":6.79},{"type":"A","date":"2018-03-29T01:33:30.000Z","volume":2000,"label":" ","price":6.79},{"type":"A","date":"2018-03-29T01:33:38.000Z","volume":4000,"label":" ","price":6.79},{"type":"A","date":"2018-03-29T01:33:41.000Z","volume":5000,"label":" ","price":6.79},{"type":"B","date":"2018-03-29T01:34:07.000Z","volume":10000,"label":" ","price":6.77},{"type":"A","date":"2018-03-29T01:34:08.000Z","volume":3000,"label":" ","price":6.78},{"type":"A","date":"2018-03-29T01:34:08.000Z","volume":1000,"label":" ","price":6.78},{"type":"B","date":"2018-03-29T01:34:09.000Z","volume":5000,"label":" ","price":6.77},{"type":"A","date":"2018-03-29T01:34:09.000Z","volume":4000,"label":" ","price":6.79},{"type":"U","date":"2018-03-29T01:34:22.000Z","volume":4000,"label":" ","price":6.78},{"type":"A","date":"2018-03-29T01:34:25.000Z","volume":16000,"label":" ","price":6.78},{"type":"A","date":"2018-03-29T01:34:33.000Z","volume":1000,"label":" ","price":6.78},{"type":"A","date":"2018-03-29T01:34:39.000Z","volume":1000,"label":"Y","price":6.78},{"type":"A","date":"2018-03-29T01:34:39.000Z","volume":3000,"label":" ","price":6.78},{"type":"A","date":"2018-03-29T01:34:39.000Z","volume":4000,"label":" ","price":6.78},{"type":"A","date":"2018-03-29T01:34:44.000Z","volume":3000,"label":" ","price":6.78},{"type":"B","date":"2018-03-29T01:34:49.000Z","volume":100000,"label":" ","price":6.77},{"type":"B","date":"2018-03-29T01:34:49.000Z","volume":48000,"label":" ","price":6.77},{"type":"B","date":"2018-03-29T01:34:56.000Z","volume":50000,"label":" ","price":6.76},{"type":"B","date":"2018-03-29T01:34:56.000Z","volume":8000,"label":" ","price":6.75},{"type":"B","date":"2018-03-29T01:35:25.000Z","volume":5000,"label":" ","price":6.73},{"type":"B","date":"2018-03-29T01:35:26.000Z","volume":10000,"label":" ","price":6.73},{"type":"B","date":"2018-03-29T01:35:48.000Z","volume":5000,"label":" ","price":6.72},{"type":"B","date":"2018-03-29T01:36:30.000Z","volume":5000,"label":" ","price":6.72},{"type":"A","date":"2018-03-29T01:36:33.000Z","volume":20000,"label":" ","price":6.73},{"type":"A","date":"2018-03-29T01:36:33.000Z","volume":19000,"label":" ","price":6.73},{"type":"A","date":"2018-03-29T01:37:56.000Z","volume":10000,"label":" ","price":6.74},{"type":"A","date":"2018-03-29T01:37:56.000Z","volume":18000,"label":" ","price":6.74},{"type":"A","date":"2018-03-29T01:37:56.000Z","volume":5000,"label":" ","price":6.75},{"type":"A","date":"2018-03-29T01:38:07.000Z","volume":5000,"label":" ","price":6.76},{"type":"A","date":"2018-03-29T01:38:09.000Z","volume":2000,"label":" ","price":6.74},{"type":"A","date":"2018-03-29T01:38:15.000Z","volume":2000,"label":" ","price":6.75},{"type":"A","date":"2018-03-29T01:38:15.000Z","volume":4000,"label":" ","price":6.76},{"type":"A","date":"2018-03-29T01:38:32.000Z","volume":1000,"label":" ","price":6.77},{"type":"B","date":"2018-03-29T01:38:46.000Z","volume":46000,"label":" ","price":6.75},{"type":"B","date":"2018-03-29T01:38:48.000Z","volume":13000,"label":" ","price":6.74},{"type":"B","date":"2018-03-29T01:38:59.000Z","volume":7000,"label":" ","price":6.74},{"type":"B","date":"2018-03-29T01:39:02.000Z","volume":2000,"label":" ","price":6.73},{"type":"A","date":"2018-03-29T01:39:07.000Z","volume":1000,"label":" ","price":6.74},{"type":"A","date":"2018-03-29T01:40:09.000Z","volume":1000,"label":" ","price":6.74},{"type":"A","date":"2018-03-29T01:40:18.000Z","volume":1000,"label":" ","price":6.74},{"type":"B","date":"2018-03-29T01:40:20.000Z","volume":1000,"label":" ","price":6.73},{"type":"B","date":"2018-03-29T01:41:01.000Z","volume":60000,"label":" ","price":6.73},{"type":"B","date":"2018-03-29T01:41:01.000Z","volume":2000,"label":" ","price":6.73},{"type":"B","date":"2018-03-29T01:41:02.000Z","volume":21000,"label":" ","price":6.72},{"type":"B","date":"2018-03-29T01:41:05.000Z","volume":1000,"label":" ","price":6.71},{"type":"B","date":"2018-03-29T01:41:05.000Z","volume":2000,"label":" ","price":6.7},{"type":"B","date":"2018-03-29T01:41:05.000Z","volume":13000,"label":" ","price":6.68},{"type":"B","date":"2018-03-29T01:41:05.000Z","volume":2000,"label":" ","price":6.68},{"type":"B","date":"2018-03-29T01:41:06.000Z","volume":2000,"label":" ","price":6.68},{"type":"B","date":"2018-03-29T01:41:06.000Z","volume":1000,"label":" ","price":6.67},{"type":"B","date":"2018-03-29T01:41:06.000Z","volume":3000,"label":" ","price":6.66},{"type":"U","date":"2018-03-29T01:45:03.000Z","volume":1000,"label":" ","price":6.7},{"type":"U","date":"2018-03-29T01:45:47.000Z","volume":5000,"label":" ","price":6.7},{"type":"B","date":"2018-03-29T01:45:50.000Z","volume":1000,"label":" ","price":6.69},{"type":"A","date":"2018-03-29T01:46:03.000Z","volume":10000,"label":" ","price":6.7},{"type":"B","date":"2018-03-29T01:46:03.000Z","volume":1000,"label":" ","price":6.69},{"type":"B","date":"2018-03-29T01:46:05.000Z","volume":2000,"label":" ","price":6.69},{"type":"B","date":"2018-03-29T01:47:17.000Z","volume":1000,"label":" ","price":6.69},{"type":"B","date":"2018-03-29T01:47:17.000Z","volume":1000,"label":" ","price":6.69},{"type":"B","date":"2018-03-29T01:47:32.000Z","volume":78000,"label":" ","price":6.69},{"type":"B","date":"2018-03-29T01:47:32.000Z","volume":6000,"label":" ","price":6.68},{"type":"B","date":"2018-03-29T01:47:32.000Z","volume":7000,"label":"Y","price":6.67},{"type":"B","date":"2018-03-29T01:47:32.000Z","volume":1000,"label":"Y","price":6.67},{"type":"B","date":"2018-03-29T01:47:32.000Z","volume":2000,"label":"Y","price":6.67},{"type":"B","date":"2018-03-29T01:47:33.000Z","volume":2000,"label":" ","price":6.67},{"type":"B","date":"2018-03-29T01:47:33.000Z","volume":1000,"label":" ","price":6.67},{"type":"A","date":"2018-03-29T01:47:34.000Z","volume":1000,"label":" ","price":6.68},{"type":"B","date":"2018-03-29T01:47:34.000Z","volume":1000,"label":" ","price":6.67},{"type":"B","date":"2018-03-29T01:47:35.000Z","volume":23000,"label":" ","price":6.66},{"type":"B","date":"2018-03-29T01:47:35.000Z","volume":2000,"label":" ","price":6.66},{"type":"B","date":"2018-03-29T01:47:35.000Z","volume":3000,"label":" ","price":6.66},{"type":"U","date":"2018-03-29T01:47:35.000Z","volume":4000,"label":" ","price":6.66},{"type":"A","date":"2018-03-29T01:47:40.000Z","volume":71000,"label":" ","price":6.67},{"type":"A","date":"2018-03-29T01:48:00.000Z","volume":1000,"label":" ","price":6.67},{"type":"B","date":"2018-03-29T01:48:23.000Z","volume":20000,"label":" ","price":6.66},{"type":"B","date":"2018-03-29T01:48:23.000Z","volume":1000,"label":" ","price":6.66},{"type":"B","date":"2018-03-29T01:48:26.000Z","volume":5000,"label":" ","price":6.66},{"type":"B","date":"2018-03-29T01:48:29.000Z","volume":2000,"label":" ","price":6.66},{"type":"B","date":"2018-03-29T01:48:37.000Z","volume":10000,"label":" ","price":6.66},{"type":"B","date":"2018-03-29T01:48:37.000Z","volume":2000,"label":" ","price":6.66},{"type":"U","date":"2018-03-29T01:48:39.000Z","volume":4000,"label":" ","price":6.66},{"type":"B","date":"2018-03-29T01:49:53.000Z","volume":178000,"label":" ","price":6.65},{"type":"B","date":"2018-03-29T01:49:54.000Z","volume":1000,"label":" ","price":6.64},{"type":"B","date":"2018-03-29T01:49:56.000Z","volume":21000,"label":" ","price":6.63},{"type":"B","date":"2018-03-29T01:49:57.000Z","volume":8000,"label":" ","price":6.62},{"type":"B","date":"2018-03-29T01:49:57.000Z","volume":2000,"label":" ","price":6.62},{"type":"B","date":"2018-03-29T01:49:57.000Z","volume":5000,"label":" ","price":6.62},{"type":"B","date":"2018-03-29T01:49:57.000Z","volume":13000,"label":" ","price":6.62},{"type":"B","date":"2018-03-29T01:49:58.000Z","volume":137000,"label":" ","price":6.62},{"type":"B","date":"2018-03-29T01:49:59.000Z","volume":23000,"label":" ","price":6.61},{"type":"A","date":"2018-03-29T01:49:59.000Z","volume":2000,"label":" ","price":6.61},{"type":"A","date":"2018-03-29T01:49:59.000Z","volume":5000,"label":" ","price":6.61},{"type":"A","date":"2018-03-29T01:49:59.000Z","volume":64000,"label":" ","price":6.61},{"type":"U","date":"2018-03-29T01:50:01.000Z","volume":5000,"label":" ","price":6.61},{"type":"U","date":"2018-03-29T01:50:01.000Z","volume":3000,"label":" ","price":6.61},{"type":"B","date":"2018-03-29T01:50:02.000Z","volume":3000,"label":" ","price":6.61},{"type":"A","date":"2018-03-29T01:50:02.000Z","volume":2000,"label":" ","price":6.62},{"type":"B","date":"2018-03-29T01:50:02.000Z","volume":1000,"label":" ","price":6.6},{"type":"U","date":"2018-03-29T01:50:03.000Z","volume":1000,"label":" ","price":6.61},{"type":"A","date":"2018-03-29T01:50:05.000Z","volume":2000,"label":" ","price":6.62},{"type":"A","date":"2018-03-29T01:50:05.000Z","volume":2000,"label":" ","price":6.62},{"type":"B","date":"2018-03-29T01:50:07.000Z","volume":1000,"label":" ","price":6.62},{"type":"B","date":"2018-03-29T01:50:07.000Z","volume":2000,"label":" ","price":6.62},{"type":"A","date":"2018-03-29T01:50:11.000Z","volume":58000,"label":" ","price":6.63},{"type":"A","date":"2018-03-29T01:50:11.000Z","volume":53000,"label":" ","price":6.63},{"type":"A","date":"2018-03-29T01:50:12.000Z","volume":31000,"label":" ","price":6.63},{"type":"A","date":"2018-03-29T01:50:12.000Z","volume":9000,"label":" ","price":6.63},{"type":"A","date":"2018-03-29T01:50:14.000Z","volume":22000,"label":" ","price":6.64},{"type":"A","date":"2018-03-29T01:50:14.000Z","volume":6000,"label":" ","price":6.64},{"type":"A","date":"2018-03-29T01:50:15.000Z","volume":3000,"label":" ","price":6.64},{"type":"B","date":"2018-03-29T01:50:38.000Z","volume":20000,"label":" ","price":6.63},{"type":"B","date":"2018-03-29T01:50:40.000Z","volume":5000,"label":" ","price":6.63},{"type":"A","date":"2018-03-29T01:50:56.000Z","volume":5000,"label":" ","price":6.64},{"type":"A","date":"2018-03-29T01:50:56.000Z","volume":35000,"label":" ","price":6.65},{"type":"B","date":"2018-03-29T01:50:58.000Z","volume":8000,"label":" ","price":6.65},{"type":"B","date":"2018-03-29T01:50:58.000Z","volume":1000,"label":" ","price":6.65},{"type":"A","date":"2018-03-29T01:51:08.000Z","volume":30000,"label":" ","price":6.66},{"type":"A","date":"2018-03-29T01:51:08.000Z","volume":1000,"label":" ","price":6.66},{"type":"A","date":"2018-03-29T01:51:09.000Z","volume":3000,"label":" ","price":6.66},{"type":"B","date":"2018-03-29T01:51:19.000Z","volume":10000,"label":" ","price":6.66},{"type":"B","date":"2018-03-29T01:51:19.000Z","volume":8000,"label":" ","price":6.66},{"type":"B","date":"2018-03-29T01:51:22.000Z","volume":3000,"label":" ","price":6.66},{"type":"B","date":"2018-03-29T01:51:23.000Z","volume":2000,"label":" ","price":6.66},{"type":"A","date":"2018-03-29T01:52:32.000Z","volume":1000,"label":" ","price":6.68},{"type":"B","date":"2018-03-29T01:52:50.000Z","volume":3000,"label":" ","price":6.66},{"type":"B","date":"2018-03-29T01:52:59.000Z","volume":10000,"label":" ","price":6.66},{"type":"B","date":"2018-03-29T01:53:02.000Z","volume":3000,"label":" ","price":6.66},{"type":"A","date":"2018-03-29T01:53:49.000Z","volume":5000,"label":" ","price":6.67},{"type":"A","date":"2018-03-29T01:53:55.000Z","volume":11000,"label":" ","price":6.67},{"type":"A","date":"2018-03-29T01:54:13.000Z","volume":4000,"label":" ","price":6.68},{"type":"U","date":"2018-03-29T01:54:15.000Z","volume":1000,"label":" ","price":6.67},{"type":"A","date":"2018-03-29T01:54:20.000Z","volume":18000,"label":" ","price":6.68},{"type":"B","date":"2018-03-29T01:54:22.000Z","volume":1000,"label":" ","price":6.68},{"type":"A","date":"2018-03-29T01:54:24.000Z","volume":20000,"label":" ","price":6.69},{"type":"B","date":"2018-03-29T01:54:26.000Z","volume":5000,"label":" ","price":6.68},{"type":"A","date":"2018-03-29T01:54:28.000Z","volume":10000,"label":" ","price":6.69},{"type":"A","date":"2018-03-29T01:55:08.000Z","volume":2000,"label":" ","price":6.7},{"type":"A","date":"2018-03-29T01:55:27.000Z","volume":8000,"label":" ","price":6.7},{"type":"A","date":"2018-03-29T01:56:24.000Z","volume":1000,"label":" ","price":6.7},{"type":"A","date":"2018-03-29T01:56:36.000Z","volume":6000,"label":" ","price":6.7},{"type":"A","date":"2018-03-29T01:56:56.000Z","volume":20000,"label":" ","price":6.7},{"type":"B","date":"2018-03-29T01:57:23.000Z","volume":30000,"label":" ","price":6.7},{"type":"B","date":"2018-03-29T01:57:23.000Z","volume":103000,"label":" ","price":6.7},{"type":"B","date":"2018-03-29T01:57:25.000Z","volume":18000,"label":" ","price":6.69},{"type":"B","date":"2018-03-29T01:57:25.000Z","volume":7000,"label":" ","price":6.68},{"type":"B","date":"2018-03-29T01:57:26.000Z","volume":4000,"label":" ","price":6.68},{"type":"A","date":"2018-03-29T01:57:26.000Z","volume":10000,"label":" ","price":6.68},{"type":"B","date":"2018-03-29T01:57:26.000Z","volume":11000,"label":" ","price":6.66},{"type":"B","date":"2018-03-29T01:57:26.000Z","volume":1000,"label":" ","price":6.65},{"type":"U","date":"2018-03-29T01:57:29.000Z","volume":14000,"label":" ","price":6.64},{"type":"A","date":"2018-03-29T01:59:01.000Z","volume":25000,"label":" ","price":6.66},{"type":"A","date":"2018-03-29T01:59:01.000Z","volume":16000,"label":" ","price":6.67},{"type":"U","date":"2018-03-29T01:59:01.000Z","volume":3000,"label":" ","price":6.66},{"type":"B","date":"2018-03-29T01:59:02.000Z","volume":1000,"label":" ","price":6.66},{"type":"A","date":"2018-03-29T01:59:03.000Z","volume":1000,"label":" ","price":6.67},{"type":"A","date":"2018-03-29T01:59:10.000Z","volume":1000,"label":" ","price":6.68},{"type":"A","date":"2018-03-29T01:59:55.000Z","volume":13000,"label":" ","price":6.68},{"type":"A","date":"2018-03-29T01:59:56.000Z","volume":1000,"label":"Y","price":6.68},{"type":"A","date":"2018-03-29T02:00:28.000Z","volume":2000,"label":" ","price":6.68},{"type":"A","date":"2018-03-29T02:00:35.000Z","volume":10000,"label":" ","price":6.68},{"type":"A","date":"2018-03-29T02:00:37.000Z","volume":1000,"label":" ","price":6.67},{"type":"A","date":"2018-03-29T02:00:37.000Z","volume":1000,"label":" ","price":6.67},{"type":"B","date":"2018-03-29T02:01:25.000Z","volume":5000,"label":" ","price":6.66},{"type":"B","date":"2018-03-29T02:01:26.000Z","volume":1000,"label":" ","price":6.66},{"type":"B","date":"2018-03-29T02:01:26.000Z","volume":95000,"label":" ","price":6.66},{"type":"B","date":"2018-03-29T02:01:28.000Z","volume":4000,"label":" ","price":6.65},{"type":"B","date":"2018-03-29T02:01:29.000Z","volume":1000,"label":" ","price":6.64},{"type":"B","date":"2018-03-29T02:01:29.000Z","volume":4000,"label":" ","price":6.62},{"type":"B","date":"2018-03-29T02:01:29.000Z","volume":7000,"label":" ","price":6.61},{"type":"U","date":"2018-03-29T02:01:31.000Z","volume":4000,"label":" ","price":6.62},{"type":"U","date":"2018-03-29T02:01:31.000Z","volume":5000,"label":" ","price":6.62},{"type":"U","date":"2018-03-29T02:01:31.000Z","volume":4000,"label":" ","price":6.62},{"type":"B","date":"2018-03-29T02:01:34.000Z","volume":1000,"label":" ","price":6.62},{"type":"B","date":"2018-03-29T02:01:41.000Z","volume":5000,"label":" ","price":6.62},{"type":"U","date":"2018-03-29T02:01:42.000Z","volume":2000,"label":" ","price":6.62},{"type":"A","date":"2018-03-29T02:01:48.000Z","volume":70000,"label":" ","price":6.63},{"type":"A","date":"2018-03-29T02:01:48.000Z","volume":8000,"label":" ","price":6.64},{"type":"U","date":"2018-03-29T02:01:50.000Z","volume":2000,"label":" ","price":6.63},{"type":"A","date":"2018-03-29T02:01:52.000Z","volume":63000,"label":" ","price":6.64},{"type":"B","date":"2018-03-29T02:02:04.000Z","volume":2000,"label":" ","price":6.63},{"type":"B","date":"2018-03-29T02:02:05.000Z","volume":3000,"label":" ","price":6.63},{"type":"A","date":"2018-03-29T02:03:08.000Z","volume":80000,"label":" ","price":6.65},{"type":"A","date":"2018-03-29T02:03:08.000Z","volume":20000,"label":" ","price":6.65},{"type":"U","date":"2018-03-29T02:03:15.000Z","volume":5000,"label":" ","price":6.65},{"type":"A","date":"2018-03-29T02:03:44.000Z","volume":31000,"label":" ","price":6.66},{"type":"A","date":"2018-03-29T02:03:44.000Z","volume":26000,"label":" ","price":6.66},{"type":"A","date":"2018-03-29T02:03:44.000Z","volume":7000,"label":" ","price":6.67},{"type":"U","date":"2018-03-29T02:03:44.000Z","volume":4000,"label":" ","price":6.67},{"type":"A","date":"2018-03-29T02:04:12.000Z","volume":31000,"label":" ","price":6.68},{"type":"B","date":"2018-03-29T02:04:12.000Z","volume":4000,"label":" ","price":6.69},{"type":"B","date":"2018-03-29T02:04:12.000Z","volume":1000,"label":" ","price":6.69},{"type":"B","date":"2018-03-29T02:04:13.000Z","volume":1000,"label":" ","price":6.69},{"type":"B","date":"2018-03-29T02:04:20.000Z","volume":6000,"label":" ","price":6.68},{"type":"B","date":"2018-03-29T02:05:10.000Z","volume":7000,"label":" ","price":6.69},{"type":"A","date":"2018-03-29T02:05:17.000Z","volume":1000,"label":"Y","price":6.69},{"type":"A","date":"2018-03-29T02:05:18.000Z","volume":1000,"label":" ","price":6.69},{"type":"A","date":"2018-03-29T02:05:38.000Z","volume":3000,"label":" ","price":6.69},{"type":"A","date":"2018-03-29T02:05:38.000Z","volume":2000,"label":" ","price":6.69},{"type":"A","date":"2018-03-29T02:06:01.000Z","volume":50000,"label":" ","price":6.7},{"type":"A","date":"2018-03-29T02:06:01.000Z","volume":3000,"label":" ","price":6.7},{"type":"U","date":"2018-03-29T02:06:03.000Z","volume":4000,"label":" ","price":6.69},{"type":"B","date":"2018-03-29T02:06:06.000Z","volume":9000,"label":" ","price":6.69},{"type":"B","date":"2018-03-29T02:06:06.000Z","volume":1000,"label":" ","price":6.69},{"type":"U","date":"2018-03-29T02:06:07.000Z","volume":2000,"label":" ","price":6.69},{"type":"B","date":"2018-03-29T02:07:04.000Z","volume":57000,"label":" ","price":6.69},{"type":"B","date":"2018-03-29T02:07:04.000Z","volume":21000,"label":" ","price":6.68},{"type":"A","date":"2018-03-29T02:07:05.000Z","volume":31000,"label":" ","price":6.68},{"type":"A","date":"2018-03-29T02:08:44.000Z","volume":1000,"label":" ","price":6.7},{"type":"A","date":"2018-03-29T02:08:44.000Z","volume":4000,"label":" ","price":6.7},{"type":"B","date":"2018-03-29T02:08:46.000Z","volume":1000,"label":" ","price":6.69},{"type":"B","date":"2018-03-29T02:09:12.000Z","volume":100000,"label":" ","price":6.69},{"type":"B","date":"2018-03-29T02:09:12.000Z","volume":7000,"label":" ","price":6.69},{"type":"A","date":"2018-03-29T02:09:13.000Z","volume":2000,"label":" ","price":6.7},{"type":"B","date":"2018-03-29T02:09:15.000Z","volume":22000,"label":" ","price":6.69},{"type":"A","date":"2018-03-29T02:09:50.000Z","volume":23000,"label":" ","price":6.69},{"type":"A","date":"2018-03-29T02:09:50.000Z","volume":47000,"label":" ","price":6.7},{"type":"B","date":"2018-03-29T02:09:53.000Z","volume":14000,"label":" ","price":6.68},{"type":"A","date":"2018-03-29T02:10:00.000Z","volume":10000,"label":" ","price":6.7},{"type":"B","date":"2018-03-29T02:10:03.000Z","volume":2000,"label":" ","price":6.68},{"type":"B","date":"2018-03-29T02:11:00.000Z","volume":40000,"label":" ","price":6.68},{"type":"B","date":"2018-03-29T02:11:03.000Z","volume":12000,"label":" ","price":6.68},{"type":"A","date":"2018-03-29T02:11:04.000Z","volume":1000,"label":" ","price":6.69},{"type":"B","date":"2018-03-29T02:11:23.000Z","volume":87000,"label":" ","price":6.68},{"type":"B","date":"2018-03-29T02:11:23.000Z","volume":5000,"label":" ","price":6.67},{"type":"B","date":"2018-03-29T02:11:23.000Z","volume":3000,"label":" ","price":6.67},{"type":"A","date":"2018-03-29T02:11:24.000Z","volume":50000,"label":" ","price":6.68},{"type":"A","date":"2018-03-29T02:11:24.000Z","volume":1000,"label":" ","price":6.68},{"type":"A","date":"2018-03-29T02:11:25.000Z","volume":8000,"label":" ","price":6.68},{"type":"A","date":"2018-03-29T02:13:06.000Z","volume":1000,"label":"Y","price":6.69},{"type":"A","date":"2018-03-29T02:13:16.000Z","volume":12000,"label":" ","price":6.69},{"type":"A","date":"2018-03-29T02:13:16.000Z","volume":1000,"label":" ","price":6.69},{"type":"A","date":"2018-03-29T02:13:33.000Z","volume":82000,"label":" ","price":6.7},{"type":"A","date":"2018-03-29T02:13:33.000Z","volume":2000,"label":" ","price":6.71},{"type":"A","date":"2018-03-29T02:13:33.000Z","volume":3000,"label":" ","price":6.71},{"type":"A","date":"2018-03-29T02:13:34.000Z","volume":5000,"label":" ","price":6.72},{"type":"B","date":"2018-03-29T02:13:43.000Z","volume":30000,"label":" ","price":6.72},{"type":"B","date":"2018-03-29T02:13:46.000Z","volume":9000,"label":" ","price":6.7},{"type":"A","date":"2018-03-29T02:14:10.000Z","volume":2000,"label":" ","price":6.72},{"type":"U","date":"2018-03-29T02:14:15.000Z","volume":31000,"label":" ","price":6.71},{"type":"B","date":"2018-03-29T02:14:18.000Z","volume":9000,"label":" ","price":6.7},{"type":"U","date":"2018-03-29T02:14:21.000Z","volume":20000,"label":" ","price":6.71},{"type":"B","date":"2018-03-29T02:14:22.000Z","volume":13000,"label":" ","price":6.7},{"type":"B","date":"2018-03-29T02:14:23.000Z","volume":6000,"label":" ","price":6.69},{"type":"B","date":"2018-03-29T02:14:23.000Z","volume":2000,"label":" ","price":6.69},{"type":"B","date":"2018-03-29T02:14:58.000Z","volume":1000,"label":" ","price":6.68},{"type":"A","date":"2018-03-29T02:15:04.000Z","volume":1000,"label":" ","price":6.69},{"type":"B","date":"2018-03-29T02:15:15.000Z","volume":2000,"label":" ","price":6.68},{"type":"A","date":"2018-03-29T02:16:49.000Z","volume":4000,"label":" ","price":6.69},{"type":"B","date":"2018-03-29T02:16:51.000Z","volume":1000,"label":" ","price":6.68},{"type":"A","date":"2018-03-29T02:17:39.000Z","volume":33000,"label":" ","price":6.69},{"type":"B","date":"2018-03-29T02:17:39.000Z","volume":1000,"label":" ","price":6.69},{"type":"A","date":"2018-03-29T02:17:39.000Z","volume":68000,"label":" ","price":6.7},{"type":"A","date":"2018-03-29T02:17:39.000Z","volume":7000,"label":" ","price":6.71},{"type":"U","date":"2018-03-29T02:17:42.000Z","volume":22000,"label":" ","price":6.7},{"type":"A","date":"2018-03-29T02:19:16.000Z","volume":1000,"label":" ","price":6.72},{"type":"A","date":"2018-03-29T02:19:52.000Z","volume":2000,"label":" ","price":6.72},{"type":"A","date":"2018-03-29T02:20:03.000Z","volume":10000,"label":" ","price":6.72},{"type":"B","date":"2018-03-29T02:20:06.000Z","volume":4000,"label":" ","price":6.71},{"type":"A","date":"2018-03-29T02:20:29.000Z","volume":20000,"label":" ","price":6.72},{"type":"B","date":"2018-03-29T02:20:32.000Z","volume":5000,"label":" ","price":6.71},{"type":"A","date":"2018-03-29T02:20:36.000Z","volume":1000,"label":" ","price":6.72},{"type":"A","date":"2018-03-29T02:21:02.000Z","volume":14000,"label":"Y","price":6.72},{"type":"A","date":"2018-03-29T02:21:02.000Z","volume":63000,"label":" ","price":6.72},{"type":"A","date":"2018-03-29T02:21:02.000Z","volume":21000,"label":" ","price":6.73},{"type":"A","date":"2018-03-29T02:21:02.000Z","volume":41000,"label":" ","price":6.73},{"type":"B","date":"2018-03-29T02:21:04.000Z","volume":18000,"label":" ","price":6.73},{"type":"A","date":"2018-03-29T02:21:15.000Z","volume":13000,"label":" ","price":6.74},{"type":"A","date":"2018-03-29T02:21:15.000Z","volume":2000,"label":" ","price":6.74},{"type":"U","date":"2018-03-29T02:21:23.000Z","volume":1000,"label":" ","price":6.74},{"type":"U","date":"2018-03-29T02:21:23.000Z","volume":1000,"label":" ","price":6.74},{"type":"B","date":"2018-03-29T02:21:35.000Z","volume":16000,"label":" ","price":6.74},{"type":"B","date":"2018-03-29T02:21:38.000Z","volume":5000,"label":" ","price":6.74},{"type":"B","date":"2018-03-29T02:22:21.000Z","volume":4000,"label":" ","price":6.74},{"type":"B","date":"2018-03-29T02:22:23.000Z","volume":2000,"label":" ","price":6.74},{"type":"B","date":"2018-03-29T02:22:45.000Z","volume":40000,"label":" ","price":6.74},{"type":"B","date":"2018-03-29T02:22:46.000Z","volume":13000,"label":" ","price":6.74},{"type":"B","date":"2018-03-29T02:22:46.000Z","volume":10000,"label":" ","price":6.74},{"type":"B","date":"2018-03-29T02:22:46.000Z","volume":28000,"label":" ","price":6.74},{"type":"B","date":"2018-03-29T02:22:47.000Z","volume":9000,"label":" ","price":6.73},{"type":"B","date":"2018-03-29T02:22:49.000Z","volume":14000,"label":" ","price":6.72},{"type":"B","date":"2018-03-29T02:22:49.000Z","volume":3000,"label":" ","price":6.72},{"type":"B","date":"2018-03-29T02:22:50.000Z","volume":11000,"label":" ","price":6.72},{"type":"A","date":"2018-03-29T02:22:50.000Z","volume":2000,"label":" ","price":6.73},{"type":"U","date":"2018-03-29T02:22:51.000Z","volume":6000,"label":"X","price":6.74},{"type":"B","date":"2018-03-29T02:24:01.000Z","volume":23000,"label":" ","price":6.72},{"type":"B","date":"2018-03-29T02:24:03.000Z","volume":1000,"label":" ","price":6.71},{"type":"B","date":"2018-03-29T02:24:04.000Z","volume":7000,"label":" ","price":6.71},{"type":"A","date":"2018-03-29T02:24:10.000Z","volume":1000,"label":" ","price":6.72},{"type":"B","date":"2018-03-29T02:24:17.000Z","volume":1000,"label":" ","price":6.7},{"type":"A","date":"2018-03-29T02:24:30.000Z","volume":1000,"label":" ","price":6.72},{"type":"B","date":"2018-03-29T02:27:16.000Z","volume":40000,"label":" ","price":6.71},{"type":"B","date":"2018-03-29T02:27:16.000Z","volume":1000,"label":" ","price":6.71},{"type":"B","date":"2018-03-29T02:27:18.000Z","volume":3000,"label":" ","price":6.7},{"type":"B","date":"2018-03-29T02:28:45.000Z","volume":13000,"label":" ","price":6.69},{"type":"B","date":"2018-03-29T02:28:46.000Z","volume":2000,"label":" ","price":6.69},{"type":"A","date":"2018-03-29T02:28:49.000Z","volume":10000,"label":" ","price":6.7},{"type":"A","date":"2018-03-29T02:29:38.000Z","volume":10000,"label":" ","price":6.7},{"type":"A","date":"2018-03-29T02:29:38.000Z","volume":23000,"label":" ","price":6.7},{"type":"A","date":"2018-03-29T02:29:38.000Z","volume":23000,"label":" ","price":6.7},{"type":"A","date":"2018-03-29T02:29:38.000Z","volume":6000,"label":"Y","price":6.7},{"type":"A","date":"2018-03-29T02:29:38.000Z","volume":53000,"label":" ","price":6.7},{"type":"A","date":"2018-03-29T02:29:39.000Z","volume":25000,"label":" ","price":6.71},{"type":"A","date":"2018-03-29T02:29:44.000Z","volume":10000,"label":" ","price":6.72},{"type":"U","date":"2018-03-29T02:29:45.000Z","volume":2000,"label":" ","price":6.71},{"type":"B","date":"2018-03-29T02:29:52.000Z","volume":10000,"label":" ","price":6.7},{"type":"U","date":"2018-03-29T02:29:53.000Z","volume":3000,"label":" ","price":6.71},{"type":"A","date":"2018-03-29T02:31:17.000Z","volume":152000,"label":" ","price":6.72},{"type":"A","date":"2018-03-29T02:31:17.000Z","volume":12000,"label":" ","price":6.73},{"type":"A","date":"2018-03-29T02:31:17.000Z","volume":5000,"label":" ","price":6.73},{"type":"U","date":"2018-03-29T02:31:18.000Z","volume":10000,"label":" ","price":6.73},{"type":"U","date":"2018-03-29T02:31:19.000Z","volume":1000,"label":" ","price":6.73},{"type":"B","date":"2018-03-29T02:31:20.000Z","volume":1000,"label":" ","price":6.73},{"type":"A","date":"2018-03-29T02:31:26.000Z","volume":1000,"label":" ","price":6.74},{"type":"A","date":"2018-03-29T02:31:32.000Z","volume":1000,"label":" ","price":6.74},{"type":"A","date":"2018-03-29T02:32:06.000Z","volume":1000,"label":" ","price":6.74},{"type":"A","date":"2018-03-29T02:32:06.000Z","volume":1000,"label":" ","price":6.74},{"type":"A","date":"2018-03-29T02:32:06.000Z","volume":1000,"label":" ","price":6.75},{"type":"B","date":"2018-03-29T02:32:25.000Z","volume":20000,"label":" ","price":6.73},{"type":"B","date":"2018-03-29T02:32:28.000Z","volume":4000,"label":" ","price":6.73},{"type":"A","date":"2018-03-29T02:32:33.000Z","volume":12000,"label":" ","price":6.75},{"type":"B","date":"2018-03-29T02:32:36.000Z","volume":4000,"label":" ","price":6.73},{"type":"B","date":"2018-03-29T02:33:15.000Z","volume":2000,"label":" ","price":6.73},{"type":"A","date":"2018-03-29T02:33:20.000Z","volume":1000,"label":" ","price":6.75},{"type":"A","date":"2018-03-29T02:33:50.000Z","volume":20000,"label":" ","price":6.75},{"type":"B","date":"2018-03-29T02:33:50.000Z","volume":10000,"label":" ","price":6.74},{"type":"B","date":"2018-03-29T02:33:52.000Z","volume":6000,"label":" ","price":6.74},{"type":"B","date":"2018-03-29T02:33:53.000Z","volume":3000,"label":" ","price":6.74},{"type":"A","date":"2018-03-29T02:34:19.000Z","volume":12000,"label":" ","price":6.75},{"type":"A","date":"2018-03-29T02:34:19.000Z","volume":5000,"label":" ","price":6.75},{"type":"A","date":"2018-03-29T02:34:21.000Z","volume":47000,"label":" ","price":6.75},{"type":"A","date":"2018-03-29T02:34:21.000Z","volume":9000,"label":" ","price":6.76},{"type":"A","date":"2018-03-29T02:34:21.000Z","volume":5000,"label":" ","price":6.76},{"type":"A","date":"2018-03-29T02:34:21.000Z","volume":7000,"label":" ","price":6.76},{"type":"B","date":"2018-03-29T02:34:23.000Z","volume":6000,"label":" ","price":6.76},{"type":"B","date":"2018-03-29T02:34:31.000Z","volume":29000,"label":" ","price":6.76},{"type":"U","date":"2018-03-29T02:34:33.000Z","volume":3000,"label":" ","price":6.76},{"type":"B","date":"2018-03-29T02:34:35.000Z","volume":2000,"label":" ","price":6.75},{"type":"B","date":"2018-03-29T02:34:38.000Z","volume":3000,"label":" ","price":6.75},{"type":"A","date":"2018-03-29T02:35:24.000Z","volume":1000,"label":" ","price":6.76},{"type":"A","date":"2018-03-29T02:35:26.000Z","volume":20000,"label":" ","price":6.76},{"type":"A","date":"2018-03-29T02:35:26.000Z","volume":1000,"label":" ","price":6.76},{"type":"B","date":"2018-03-29T02:35:33.000Z","volume":1000,"label":" ","price":6.76},{"type":"A","date":"2018-03-29T02:35:42.000Z","volume":1000,"label":" ","price":6.77},{"type":"A","date":"2018-03-29T02:36:47.000Z","volume":1000,"label":" ","price":6.77},{"type":"A","date":"2018-03-29T02:37:10.000Z","volume":25000,"label":" ","price":6.77},{"type":"B","date":"2018-03-29T02:37:12.000Z","volume":8000,"label":" ","price":6.76},{"type":"A","date":"2018-03-29T02:37:12.000Z","volume":1000,"label":" ","price":6.77},{"type":"A","date":"2018-03-29T02:37:15.000Z","volume":1000,"label":" ","price":6.77},{"type":"A","date":"2018-03-29T02:37:16.000Z","volume":5000,"label":" ","price":6.77},{"type":"B","date":"2018-03-29T02:37:19.000Z","volume":2000,"label":" ","price":6.76},{"type":"A","date":"2018-03-29T02:37:42.000Z","volume":3000,"label":" ","price":6.77},{"type":"A","date":"2018-03-29T02:37:43.000Z","volume":11000,"label":" ","price":6.77},{"type":"U","date":"2018-03-29T02:37:43.000Z","volume":3000,"label":" ","price":6.77},{"type":"A","date":"2018-03-29T02:38:42.000Z","volume":35000,"label":" ","price":6.78},{"type":"B","date":"2018-03-29T02:38:44.000Z","volume":7000,"label":" ","price":6.77},{"type":"A","date":"2018-03-29T02:38:59.000Z","volume":4000,"label":" ","price":6.78},{"type":"A","date":"2018-03-29T02:39:12.000Z","volume":77000,"label":" ","price":6.78},{"type":"A","date":"2018-03-29T02:39:12.000Z","volume":38000,"label":" ","price":6.78},{"type":"B","date":"2018-03-29T02:39:12.000Z","volume":4000,"label":" ","price":6.78},{"type":"A","date":"2018-03-29T02:39:13.000Z","volume":4000,"label":" ","price":6.79},{"type":"A","date":"2018-03-29T02:39:14.000Z","volume":14000,"label":" ","price":6.79},{"type":"B","date":"2018-03-29T02:39:15.000Z","volume":2000,"label":" ","price":6.78},{"type":"B","date":"2018-03-29T02:39:17.000Z","volume":4000,"label":" ","price":6.78},{"type":"A","date":"2018-03-29T02:39:24.000Z","volume":1000,"label":" ","price":6.79},{"type":"A","date":"2018-03-29T02:39:53.000Z","volume":8000,"label":" ","price":6.79},{"type":"A","date":"2018-03-29T02:39:53.000Z","volume":83000,"label":" ","price":6.8},{"type":"A","date":"2018-03-29T02:39:53.000Z","volume":11000,"label":" ","price":6.81},{"type":"A","date":"2018-03-29T02:39:54.000Z","volume":9000,"label":" ","price":6.82},{"type":"A","date":"2018-03-29T02:39:55.000Z","volume":1000,"label":" ","price":6.82},{"type":"B","date":"2018-03-29T02:39:55.000Z","volume":27000,"label":" ","price":6.81},{"type":"B","date":"2018-03-29T02:39:56.000Z","volume":2000,"label":" ","price":6.81},{"type":"B","date":"2018-03-29T02:40:15.000Z","volume":93000,"label":" ","price":6.81},{"type":"B","date":"2018-03-29T02:40:15.000Z","volume":1000,"label":" ","price":6.81},{"type":"A","date":"2018-03-29T02:40:16.000Z","volume":75000,"label":" ","price":6.82},{"type":"B","date":"2018-03-29T02:40:16.000Z","volume":11000,"label":" ","price":6.81},{"type":"B","date":"2018-03-29T02:40:16.000Z","volume":7000,"label":" ","price":6.8},{"type":"B","date":"2018-03-29T02:40:16.000Z","volume":3000,"label":" ","price":6.8},{"type":"B","date":"2018-03-29T02:40:17.000Z","volume":6000,"label":" ","price":6.79},{"type":"B","date":"2018-03-29T02:40:18.000Z","volume":11000,"label":" ","price":6.78},{"type":"U","date":"2018-03-29T02:40:52.000Z","volume":7000,"label":" ","price":6.78},{"type":"B","date":"2018-03-29T02:41:41.000Z","volume":10000,"label":" ","price":6.78},{"type":"A","date":"2018-03-29T02:42:05.000Z","volume":27000,"label":" ","price":6.79},{"type":"B","date":"2018-03-29T02:42:06.000Z","volume":3000,"label":" ","price":6.78},{"type":"B","date":"2018-03-29T02:42:06.000Z","volume":7000,"label":" ","price":6.78},{"type":"B","date":"2018-03-29T02:42:20.000Z","volume":10000,"label":" ","price":6.78},{"type":"B","date":"2018-03-29T02:42:23.000Z","volume":3000,"label":" ","price":6.78},{"type":"A","date":"2018-03-29T02:42:32.000Z","volume":10000,"label":" ","price":6.79},{"type":"B","date":"2018-03-29T02:43:49.000Z","volume":34000,"label":" ","price":6.78},{"type":"B","date":"2018-03-29T02:43:49.000Z","volume":3000,"label":" ","price":6.77},{"type":"B","date":"2018-03-29T02:43:51.000Z","volume":5000,"label":" ","price":6.76},{"type":"B","date":"2018-03-29T02:43:51.000Z","volume":3000,"label":" ","price":6.76},{"type":"A","date":"2018-03-29T02:44:02.000Z","volume":1000,"label":" ","price":6.77},{"type":"A","date":"2018-03-29T02:44:45.000Z","volume":12000,"label":" ","price":6.77},{"type":"A","date":"2018-03-29T02:45:01.000Z","volume":30000,"label":" ","price":6.77},{"type":"A","date":"2018-03-29T02:45:32.000Z","volume":1000,"label":" ","price":6.78},{"type":"B","date":"2018-03-29T02:45:34.000Z","volume":1000,"label":" ","price":6.77},{"type":"B","date":"2018-03-29T02:46:28.000Z","volume":3000,"label":" ","price":6.77},{"type":"B","date":"2018-03-29T02:46:31.000Z","volume":1000,"label":" ","price":6.77},{"type":"B","date":"2018-03-29T02:46:50.000Z","volume":6000,"label":" ","price":6.77},{"type":"B","date":"2018-03-29T02:46:52.000Z","volume":2000,"label":" ","price":6.77},{"type":"A","date":"2018-03-29T02:48:02.000Z","volume":1000,"label":" ","price":6.78},{"type":"A","date":"2018-03-29T02:48:17.000Z","volume":36000,"label":" ","price":6.78},{"type":"A","date":"2018-03-29T02:48:19.000Z","volume":1000,"label":" ","price":6.78},{"type":"A","date":"2018-03-29T02:48:50.000Z","volume":5000,"label":" ","price":6.78},{"type":"B","date":"2018-03-29T02:49:28.000Z","volume":3000,"label":" ","price":6.77},{"type":"B","date":"2018-03-29T02:49:31.000Z","volume":1000,"label":" ","price":6.77},{"type":"A","date":"2018-03-29T02:50:09.000Z","volume":1000,"label":" ","price":6.78},{"type":"A","date":"2018-03-29T02:50:14.000Z","volume":12000,"label":" ","price":6.78},{"type":"A","date":"2018-03-29T02:50:14.000Z","volume":6000,"label":" ","price":6.79},{"type":"A","date":"2018-03-29T02:50:14.000Z","volume":35000,"label":" ","price":6.8},{"type":"A","date":"2018-03-29T02:50:14.000Z","volume":47000,"label":" ","price":6.81},{"type":"B","date":"2018-03-29T02:50:18.000Z","volume":23000,"label":" ","price":6.78},{"type":"B","date":"2018-03-29T02:50:18.000Z","volume":1000,"label":" ","price":6.77},{"type":"B","date":"2018-03-29T02:51:11.000Z","volume":31000,"label":" ","price":6.79},{"type":"B","date":"2018-03-29T02:51:12.000Z","volume":2000,"label":" ","price":6.78},{"type":"B","date":"2018-03-29T02:51:13.000Z","volume":1000,"label":" ","price":6.78},{"type":"B","date":"2018-03-29T02:51:14.000Z","volume":9000,"label":" ","price":6.77},{"type":"B","date":"2018-03-29T02:51:14.000Z","volume":3000,"label":" ","price":6.77},{"type":"B","date":"2018-03-29T02:51:17.000Z","volume":1000,"label":" ","price":6.76},{"type":"A","date":"2018-03-29T02:51:48.000Z","volume":2000,"label":" ","price":6.78},{"type":"B","date":"2018-03-29T02:51:52.000Z","volume":10000,"label":" ","price":6.76},{"type":"B","date":"2018-03-29T02:51:56.000Z","volume":3000,"label":" ","price":6.76},{"type":"A","date":"2018-03-29T02:52:23.000Z","volume":9000,"label":" ","price":6.78},{"type":"B","date":"2018-03-29T02:52:25.000Z","volume":3000,"label":" ","price":6.76},{"type":"B","date":"2018-03-29T02:53:39.000Z","volume":4000,"label":" ","price":6.76},{"type":"B","date":"2018-03-29T02:53:42.000Z","volume":1000,"label":" ","price":6.76},{"type":"A","date":"2018-03-29T02:56:00.000Z","volume":10000,"label":" ","price":6.77},{"type":"A","date":"2018-03-29T02:56:02.000Z","volume":1000,"label":" ","price":6.77},{"type":"B","date":"2018-03-29T02:56:03.000Z","volume":2000,"label":" ","price":6.76},{"type":"A","date":"2018-03-29T02:56:50.000Z","volume":1000,"label":" ","price":6.77},{"type":"B","date":"2018-03-29T02:57:02.000Z","volume":1000,"label":" ","price":6.76},{"type":"A","date":"2018-03-29T02:57:59.000Z","volume":26000,"label":" ","price":6.77},{"type":"A","date":"2018-03-29T02:59:08.000Z","volume":1000,"label":" ","price":6.77},{"type":"A","date":"2018-03-29T02:59:12.000Z","volume":7000,"label":" ","price":6.77},{"type":"B","date":"2018-03-29T02:59:15.000Z","volume":1000,"label":" ","price":6.76},{"type":"U","date":"2018-03-29T02:59:15.000Z","volume":1000,"label":" ","price":6.77},{"type":"B","date":"2018-03-29T02:59:17.000Z","volume":1000,"label":" ","price":6.77},{"type":"A","date":"2018-03-29T02:59:21.000Z","volume":10000,"label":" ","price":6.78},{"type":"B","date":"2018-03-29T02:59:23.000Z","volume":3000,"label":" ","price":6.77},{"type":"B","date":"2018-03-29T03:00:52.000Z","volume":10000,"label":" ","price":6.77},{"type":"B","date":"2018-03-29T03:00:54.000Z","volume":3000,"label":" ","price":6.77},{"type":"A","date":"2018-03-29T03:01:08.000Z","volume":3000,"label":" ","price":6.78},{"type":"A","date":"2018-03-29T03:01:36.000Z","volume":2000,"label":" ","price":6.78},{"type":"A","date":"2018-03-29T03:01:36.000Z","volume":33000,"label":" ","price":6.79},{"type":"B","date":"2018-03-29T03:01:40.000Z","volume":2000,"label":" ","price":6.77},{"type":"A","date":"2018-03-29T03:01:51.000Z","volume":6000,"label":" ","price":6.79},{"type":"A","date":"2018-03-29T03:01:54.000Z","volume":1000,"label":" ","price":6.78},{"type":"A","date":"2018-03-29T03:02:51.000Z","volume":1000,"label":" ","price":6.78},{"type":"A","date":"2018-03-29T03:02:52.000Z","volume":1000,"label":" ","price":6.78},{"type":"A","date":"2018-03-29T03:03:10.000Z","volume":1000,"label":" ","price":6.78},{"type":"A","date":"2018-03-29T03:03:52.000Z","volume":1000,"label":" ","price":6.78},{"type":"A","date":"2018-03-29T03:04:03.000Z","volume":1000,"label":" ","price":6.78},{"type":"A","date":"2018-03-29T03:04:27.000Z","volume":1000,"label":" ","price":6.78},{"type":"A","date":"2018-03-29T03:04:45.000Z","volume":1000,"label":" ","price":6.78},{"type":"A","date":"2018-03-29T03:05:18.000Z","volume":26000,"label":" ","price":6.78},{"type":"A","date":"2018-03-29T03:05:18.000Z","volume":18000,"label":" ","price":6.79},{"type":"A","date":"2018-03-29T03:05:18.000Z","volume":16000,"label":" ","price":6.79},{"type":"B","date":"2018-03-29T03:05:18.000Z","volume":1000,"label":" ","price":6.79},{"type":"B","date":"2018-03-29T03:05:18.000Z","volume":1000,"label":" ","price":6.79},{"type":"B","date":"2018-03-29T03:05:21.000Z","volume":6000,"label":" ","price":6.79},{"type":"B","date":"2018-03-29T03:06:19.000Z","volume":25000,"label":" ","price":6.79},{"type":"B","date":"2018-03-29T03:06:21.000Z","volume":7000,"label":" ","price":6.79},{"type":"B","date":"2018-03-29T03:06:21.000Z","volume":25000,"label":" ","price":6.79},{"type":"B","date":"2018-03-29T03:06:24.000Z","volume":7000,"label":" ","price":6.79},{"type":"A","date":"2018-03-29T03:06:47.000Z","volume":10000,"label":" ","price":6.8},{"type":"B","date":"2018-03-29T03:06:49.000Z","volume":3000,"label":" ","price":6.79},{"type":"B","date":"2018-03-29T03:06:53.000Z","volume":25000,"label":" ","price":6.79},{"type":"B","date":"2018-03-29T03:06:53.000Z","volume":4000,"label":" ","price":6.79},{"type":"B","date":"2018-03-29T03:06:53.000Z","volume":17000,"label":" ","price":6.78},{"type":"B","date":"2018-03-29T03:06:55.000Z","volume":7000,"label":" ","price":6.77},{"type":"B","date":"2018-03-29T03:06:56.000Z","volume":6000,"label":" ","price":6.77},{"type":"B","date":"2018-03-29T03:08:03.000Z","volume":10000,"label":" ","price":6.77},{"type":"A","date":"2018-03-29T03:08:05.000Z","volume":13000,"label":" ","price":6.78},{"type":"B","date":"2018-03-29T03:08:06.000Z","volume":4000,"label":" ","price":6.77},{"type":"A","date":"2018-03-29T03:08:24.000Z","volume":10000,"label":" ","price":6.78},{"type":"B","date":"2018-03-29T03:08:27.000Z","volume":3000,"label":" ","price":6.77},{"type":"A","date":"2018-03-29T03:08:33.000Z","volume":2000,"label":" ","price":6.78},{"type":"B","date":"2018-03-29T03:09:05.000Z","volume":32000,"label":" ","price":6.77},{"type":"B","date":"2018-03-29T03:09:07.000Z","volume":9000,"label":" ","price":6.76},{"type":"B","date":"2018-03-29T03:09:11.000Z","volume":1000,"label":" ","price":6.76},{"type":"B","date":"2018-03-29T03:09:15.000Z","volume":3000,"label":" ","price":6.76},{"type":"B","date":"2018-03-29T03:09:18.000Z","volume":1000,"label":" ","price":6.76},{"type":"B","date":"2018-03-29T03:09:41.000Z","volume":10000,"label":" ","price":6.76},{"type":"B","date":"2018-03-29T03:09:44.000Z","volume":2000,"label":" ","price":6.76},{"type":"A","date":"2018-03-29T03:10:56.000Z","volume":25000,"label":" ","price":6.76},{"type":"B","date":"2018-03-29T03:12:17.000Z","volume":1000,"label":" ","price":6.75},{"type":"A","date":"2018-03-29T03:13:37.000Z","volume":2000,"label":" ","price":6.76},{"type":"B","date":"2018-03-29T03:13:40.000Z","volume":1000,"label":" ","price":6.75},{"type":"A","date":"2018-03-29T03:14:55.000Z","volume":2000,"label":" ","price":6.76},{"type":"A","date":"2018-03-29T03:14:58.000Z","volume":28000,"label":" ","price":6.76},{"type":"A","date":"2018-03-29T03:15:00.000Z","volume":1000,"label":" ","price":6.76},{"type":"B","date":"2018-03-29T03:15:02.000Z","volume":2000,"label":" ","price":6.75},{"type":"U","date":"2018-03-29T03:15:35.000Z","volume":2000,"label":" ","price":6.76},{"type":"B","date":"2018-03-29T03:15:37.000Z","volume":1000,"label":" ","price":6.76},{"type":"B","date":"2018-03-29T03:15:59.000Z","volume":8000,"label":" ","price":6.76},{"type":"B","date":"2018-03-29T03:16:02.000Z","volume":3000,"label":" ","price":6.76},{"type":"B","date":"2018-03-29T03:16:03.000Z","volume":9000,"label":" ","price":6.76},{"type":"B","date":"2018-03-29T03:16:05.000Z","volume":2000,"label":" ","price":6.76},{"type":"B","date":"2018-03-29T03:16:19.000Z","volume":9000,"label":" ","price":6.76},{"type":"B","date":"2018-03-29T03:16:19.000Z","volume":5000,"label":" ","price":6.76},{"type":"B","date":"2018-03-29T03:16:19.000Z","volume":53000,"label":" ","price":6.75},{"type":"B","date":"2018-03-29T03:16:20.000Z","volume":3000,"label":" ","price":6.74},{"type":"B","date":"2018-03-29T03:16:22.000Z","volume":17000,"label":" ","price":6.74},{"type":"B","date":"2018-03-29T03:16:24.000Z","volume":3000,"label":" ","price":6.73},{"type":"B","date":"2018-03-29T03:16:54.000Z","volume":2000,"label":" ","price":6.72},{"type":"B","date":"2018-03-29T03:17:59.000Z","volume":4000,"label":" ","price":6.72},{"type":"B","date":"2018-03-29T03:18:02.000Z","volume":1000,"label":" ","price":6.72},{"type":"A","date":"2018-03-29T03:19:57.000Z","volume":58000,"label":" ","price":6.73},{"type":"A","date":"2018-03-29T03:20:09.000Z","volume":1000,"label":" ","price":6.73},{"type":"B","date":"2018-03-29T03:20:11.000Z","volume":1000,"label":" ","price":6.72},{"type":"A","date":"2018-03-29T03:22:08.000Z","volume":1000,"label":" ","price":6.73},{"type":"A","date":"2018-03-29T03:23:27.000Z","volume":17000,"label":" ","price":6.73},{"type":"A","date":"2018-03-29T03:23:27.000Z","volume":11000,"label":" ","price":6.74},{"type":"B","date":"2018-03-29T03:23:29.000Z","volume":3000,"label":" ","price":6.74},{"type":"B","date":"2018-03-29T03:23:31.000Z","volume":8000,"label":" ","price":6.74},{"type":"B","date":"2018-03-29T03:23:34.000Z","volume":1000,"label":" ","price":6.72},{"type":"A","date":"2018-03-29T03:26:44.000Z","volume":1000,"label":" ","price":6.74},{"type":"A","date":"2018-03-29T03:27:41.000Z","volume":10000,"label":" ","price":6.74},{"type":"A","date":"2018-03-29T03:27:41.000Z","volume":1000,"label":" ","price":6.74},{"type":"A","date":"2018-03-29T03:29:30.000Z","volume":14000,"label":" ","price":6.75},{"type":"A","date":"2018-03-29T03:29:46.000Z","volume":1000,"label":" ","price":6.76},{"type":"A","date":"2018-03-29T03:30:00.000Z","volume":4000,"label":" ","price":6.76},{"type":"A","date":"2018-03-29T03:30:00.000Z","volume":1000,"label":" ","price":6.76},{"type":"A","date":"2018-03-29T03:30:19.000Z","volume":1000,"label":" ","price":6.76},{"type":"A","date":"2018-03-29T03:30:20.000Z","volume":4000,"label":" ","price":6.76},{"type":"A","date":"2018-03-29T03:31:02.000Z","volume":2000,"label":" ","price":6.76},{"type":"A","date":"2018-03-29T03:31:02.000Z","volume":2000,"label":" ","price":6.77},{"type":"A","date":"2018-03-29T03:34:32.000Z","volume":1000,"label":"Y","price":6.76},{"type":"A","date":"2018-03-29T03:34:32.000Z","volume":4000,"label":" ","price":6.76},{"type":"B","date":"2018-03-29T03:34:36.000Z","volume":1000,"label":" ","price":6.75},{"type":"A","date":"2018-03-29T03:34:42.000Z","volume":1000,"label":" ","price":6.77},{"type":"A","date":"2018-03-29T03:35:19.000Z","volume":5000,"label":" ","price":6.77},{"type":"A","date":"2018-03-29T03:35:20.000Z","volume":1000,"label":" ","price":6.76},{"type":"A","date":"2018-03-29T03:36:05.000Z","volume":31000,"label":" ","price":6.77},{"type":"A","date":"2018-03-29T03:36:05.000Z","volume":1000,"label":" ","price":6.78},{"type":"B","date":"2018-03-29T03:36:05.000Z","volume":2000,"label":" ","price":6.77},{"type":"B","date":"2018-03-29T03:36:08.000Z","volume":2000,"label":" ","price":6.77},{"type":"B","date":"2018-03-29T03:36:08.000Z","volume":35000,"label":" ","price":6.77},{"type":"B","date":"2018-03-29T03:36:10.000Z","volume":4000,"label":" ","price":6.76},{"type":"B","date":"2018-03-29T03:36:11.000Z","volume":5000,"label":" ","price":6.75},{"type":"B","date":"2018-03-29T03:36:11.000Z","volume":7000,"label":" ","price":6.75},{"type":"B","date":"2018-03-29T03:36:13.000Z","volume":1000,"label":" ","price":6.75},{"type":"B","date":"2018-03-29T03:36:14.000Z","volume":43000,"label":" ","price":6.75},{"type":"B","date":"2018-03-29T03:36:17.000Z","volume":8000,"label":" ","price":6.74},{"type":"B","date":"2018-03-29T03:36:17.000Z","volume":19000,"label":" ","price":6.74},{"type":"B","date":"2018-03-29T03:36:20.000Z","volume":4000,"label":" ","price":6.73},{"type":"A","date":"2018-03-29T03:37:07.000Z","volume":17000,"label":" ","price":6.74},{"type":"A","date":"2018-03-29T03:37:07.000Z","volume":3000,"label":" ","price":6.74},{"type":"A","date":"2018-03-29T03:37:42.000Z","volume":6000,"label":" ","price":6.74},{"type":"B","date":"2018-03-29T03:37:45.000Z","volume":2000,"label":" ","price":6.73},{"type":"A","date":"2018-03-29T03:41:07.000Z","volume":10000,"label":" ","price":6.74},{"type":"A","date":"2018-03-29T03:46:09.000Z","volume":1000,"label":" ","price":6.74},{"type":"A","date":"2018-03-29T03:46:15.000Z","volume":1000,"label":" ","price":6.74},{"type":"A","date":"2018-03-29T03:48:48.000Z","volume":2000,"label":" ","price":6.74},{"type":"A","date":"2018-03-29T03:49:13.000Z","volume":1000,"label":" ","price":6.74},{"type":"A","date":"2018-03-29T03:49:15.000Z","volume":3000,"label":" ","price":6.74},{"type":"A","date":"2018-03-29T03:50:13.000Z","volume":1000,"label":" ","price":6.74},{"type":"A","date":"2018-03-29T03:50:16.000Z","volume":1000,"label":" ","price":6.74},{"type":"A","date":"2018-03-29T03:50:18.000Z","volume":1000,"label":" ","price":6.74},{"type":"B","date":"2018-03-29T03:50:21.000Z","volume":1000,"label":" ","price":6.73},{"type":"A","date":"2018-03-29T03:50:52.000Z","volume":19000,"label":" ","price":6.74},{"type":"A","date":"2018-03-29T03:50:54.000Z","volume":5000,"label":" ","price":6.74},{"type":"A","date":"2018-03-29T03:50:54.000Z","volume":14000,"label":" ","price":6.75},{"type":"B","date":"2018-03-29T03:50:58.000Z","volume":3000,"label":" ","price":6.73},{"type":"A","date":"2018-03-29T03:50:58.000Z","volume":12000,"label":" ","price":6.75},{"type":"B","date":"2018-03-29T03:50:58.000Z","volume":4000,"label":" ","price":6.75},{"type":"B","date":"2018-03-29T03:51:01.000Z","volume":3000,"label":" ","price":6.75},{"type":"B","date":"2018-03-29T03:51:01.000Z","volume":1000,"label":" ","price":6.75},{"type":"B","date":"2018-03-29T03:51:03.000Z","volume":1000,"label":" ","price":6.75},{"type":"B","date":"2018-03-29T03:51:04.000Z","volume":2000,"label":" ","price":6.74},{"type":"B","date":"2018-03-29T03:51:22.000Z","volume":1000,"label":" ","price":6.74},{"type":"A","date":"2018-03-29T03:54:52.000Z","volume":4000,"label":"Y","price":6.78},{"type":"A","date":"2018-03-29T03:55:18.000Z","volume":3000,"label":" ","price":6.75},{"type":"B","date":"2018-03-29T03:55:21.000Z","volume":1000,"label":" ","price":6.74},{"type":"A","date":"2018-03-29T03:56:04.000Z","volume":9000,"label":" ","price":6.75},{"type":"B","date":"2018-03-29T03:56:04.000Z","volume":1000,"label":" ","price":6.75},{"type":"A","date":"2018-03-29T03:56:48.000Z","volume":3000,"label":" ","price":6.76},{"type":"A","date":"2018-03-29T03:56:48.000Z","volume":3000,"label":" ","price":6.76},{"type":"B","date":"2018-03-29T03:56:50.000Z","volume":2000,"label":" ","price":6.76},{"type":"B","date":"2018-03-29T03:56:50.000Z","volume":1000,"label":" ","price":6.76},{"type":"A","date":"2018-03-29T03:57:16.000Z","volume":3000,"label":"Y","price":6.77},{"type":"A","date":"2018-03-29T03:57:16.000Z","volume":1000,"label":" ","price":6.77},{"type":"B","date":"2018-03-29T03:58:41.000Z","volume":40000,"label":" ","price":6.76},{"type":"A","date":"2018-03-29T03:58:41.000Z","volume":4000,"label":"Y","price":6.78},{"type":"B","date":"2018-03-29T03:58:43.000Z","volume":7000,"label":" ","price":6.76},{"type":"B","date":"2018-03-29T03:58:44.000Z","volume":8000,"label":" ","price":6.75},{"type":"B","date":"2018-03-29T03:58:44.000Z","volume":7000,"label":" ","price":6.75},{"type":"B","date":"2018-03-29T03:58:47.000Z","volume":2000,"label":" ","price":6.75},{"type":"A","date":"2018-03-29T03:58:50.000Z","volume":7000,"label":" ","price":6.76},{"type":"A","date":"2018-03-29T03:58:50.000Z","volume":2000,"label":" ","price":6.77},{"type":"A","date":"2018-03-29T03:58:50.000Z","volume":1000,"label":" ","price":6.78},{"type":"B","date":"2018-03-29T03:58:53.000Z","volume":2000,"label":" ","price":6.75},{"type":"B","date":"2018-03-29T05:00:01.000Z","volume":8000,"label":" ","price":6.76},{"type":"A","date":"2018-03-29T05:00:01.000Z","volume":20000,"label":" ","price":6.77},{"type":"B","date":"2018-03-29T05:00:02.000Z","volume":2000,"label":" ","price":6.76},{"type":"B","date":"2018-03-29T05:00:03.000Z","volume":1000,"label":" ","price":6.75},{"type":"B","date":"2018-03-29T05:00:03.000Z","volume":13000,"label":" ","price":6.75},{"type":"B","date":"2018-03-29T05:00:03.000Z","volume":1000,"label":" ","price":6.75},{"type":"U","date":"2018-03-29T05:00:03.000Z","volume":278,"label":"D","price":6.81},{"type":"B","date":"2018-03-29T05:00:04.000Z","volume":4000,"label":" ","price":6.74},{"type":"B","date":"2018-03-29T05:00:04.000Z","volume":35000,"label":" ","price":6.74},{"type":"A","date":"2018-03-29T05:00:04.000Z","volume":8000,"label":" ","price":6.74},{"type":"B","date":"2018-03-29T05:00:05.000Z","volume":53000,"label":" ","price":6.73},{"type":"U","date":"2018-03-29T05:00:05.000Z","volume":1000,"label":" ","price":6.73},{"type":"A","date":"2018-03-29T05:00:05.000Z","volume":6000,"label":" ","price":6.73},{"type":"A","date":"2018-03-29T05:00:06.000Z","volume":2000,"label":" ","price":6.73},{"type":"B","date":"2018-03-29T05:00:06.000Z","volume":22000,"label":" ","price":6.72},{"type":"U","date":"2018-03-29T05:00:07.000Z","volume":7000,"label":" ","price":6.72},{"type":"U","date":"2018-03-29T05:00:07.000Z","volume":5000,"label":" ","price":6.72},{"type":"A","date":"2018-03-29T05:00:07.000Z","volume":1000,"label":" ","price":6.72},{"type":"B","date":"2018-03-29T05:00:09.000Z","volume":2000,"label":" ","price":6.72},{"type":"A","date":"2018-03-29T05:00:09.000Z","volume":1000,"label":" ","price":6.72},{"type":"A","date":"2018-03-29T05:00:12.000Z","volume":1000,"label":" ","price":6.72},{"type":"A","date":"2018-03-29T05:00:12.000Z","volume":2000,"label":" ","price":6.72},{"type":"B","date":"2018-03-29T05:00:16.000Z","volume":9000,"label":" ","price":6.71},{"type":"U","date":"2018-03-29T05:00:19.000Z","volume":2000,"label":" ","price":6.71},{"type":"U","date":"2018-03-29T05:00:20.000Z","volume":7000,"label":"X","price":6.745},{"type":"U","date":"2018-03-29T05:00:24.000Z","volume":1000,"label":" ","price":6.71},{"type":"A","date":"2018-03-29T05:00:34.000Z","volume":2000,"label":" ","price":6.72},{"type":"U","date":"2018-03-29T05:00:47.000Z","volume":4000,"label":"X","price":6.715},{"type":"U","date":"2018-03-29T05:00:48.000Z","volume":5000,"label":"X","price":6.715},{"type":"U","date":"2018-03-29T05:00:48.000Z","volume":1000,"label":"X","price":6.715},{"type":"A","date":"2018-03-29T05:01:34.000Z","volume":10000,"label":" ","price":6.72},{"type":"A","date":"2018-03-29T05:01:34.000Z","volume":26000,"label":" ","price":6.72},{"type":"A","date":"2018-03-29T05:02:18.000Z","volume":18000,"label":" ","price":6.73},{"type":"A","date":"2018-03-29T05:02:31.000Z","volume":3000,"label":" ","price":6.74},{"type":"A","date":"2018-03-29T05:02:38.000Z","volume":5000,"label":" ","price":6.74},{"type":"U","date":"2018-03-29T05:02:49.000Z","volume":3000,"label":"X","price":6.745},{"type":"U","date":"2018-03-29T05:03:49.000Z","volume":1000,"label":"X","price":6.745},{"type":"A","date":"2018-03-29T05:04:17.000Z","volume":26000,"label":" ","price":6.75},{"type":"B","date":"2018-03-29T05:04:17.000Z","volume":3000,"label":" ","price":6.75},{"type":"A","date":"2018-03-29T05:05:32.000Z","volume":1000,"label":" ","price":6.77},{"type":"U","date":"2018-03-29T05:05:32.000Z","volume":1000,"label":"X","price":6.765},{"type":"A","date":"2018-03-29T05:05:32.000Z","volume":1000,"label":" ","price":6.77},{"type":"B","date":"2018-03-29T05:08:02.000Z","volume":1000,"label":" ","price":6.76},{"type":"A","date":"2018-03-29T05:10:02.000Z","volume":1000,"label":" ","price":6.77},{"type":"A","date":"2018-03-29T05:10:11.000Z","volume":1000,"label":" ","price":6.77},{"type":"U","date":"2018-03-29T05:10:17.000Z","volume":3000,"label":"X","price":6.765},{"type":"B","date":"2018-03-29T05:10:17.000Z","volume":2000,"label":" ","price":6.76},{"type":"B","date":"2018-03-29T05:10:17.000Z","volume":6000,"label":" ","price":6.76},{"type":"A","date":"2018-03-29T05:13:15.000Z","volume":1000,"label":" ","price":6.77},{"type":"B","date":"2018-03-29T05:13:32.000Z","volume":5000,"label":" ","price":6.76},{"type":"B","date":"2018-03-29T05:13:32.000Z","volume":80000,"label":" ","price":6.76},{"type":"B","date":"2018-03-29T05:13:34.000Z","volume":19000,"label":" ","price":6.75},{"type":"B","date":"2018-03-29T05:13:34.000Z","volume":21000,"label":" ","price":6.75},{"type":"B","date":"2018-03-29T05:13:34.000Z","volume":2000,"label":" ","price":6.74},{"type":"B","date":"2018-03-29T05:13:36.000Z","volume":6000,"label":" ","price":6.73},{"type":"B","date":"2018-03-29T05:13:36.000Z","volume":7000,"label":" ","price":6.73},{"type":"B","date":"2018-03-29T05:13:38.000Z","volume":1000,"label":" ","price":6.72},{"type":"B","date":"2018-03-29T05:13:39.000Z","volume":3000,"label":" ","price":6.72},{"type":"B","date":"2018-03-29T05:13:39.000Z","volume":6000,"label":" ","price":6.72},{"type":"B","date":"2018-03-29T05:13:42.000Z","volume":3000,"label":" ","price":6.71},{"type":"A","date":"2018-03-29T05:13:44.000Z","volume":18000,"label":" ","price":6.72},{"type":"B","date":"2018-03-29T05:13:45.000Z","volume":3000,"label":" ","price":6.72},{"type":"B","date":"2018-03-29T05:13:45.000Z","volume":2000,"label":" ","price":6.72},{"type":"A","date":"2018-03-29T05:13:57.000Z","volume":10000,"label":" ","price":6.73},{"type":"U","date":"2018-03-29T05:13:59.000Z","volume":3000,"label":" ","price":6.72},{"type":"U","date":"2018-03-29T05:14:17.000Z","volume":5000,"label":"X","price":6.725},{"type":"A","date":"2018-03-29T05:15:49.000Z","volume":7000,"label":" ","price":6.73},{"type":"A","date":"2018-03-29T05:15:49.000Z","volume":3000,"label":" ","price":6.73},{"type":"A","date":"2018-03-29T05:15:49.000Z","volume":16000,"label":" ","price":6.73},{"type":"A","date":"2018-03-29T05:16:15.000Z","volume":1000,"label":" ","price":6.74},{"type":"B","date":"2018-03-29T05:18:32.000Z","volume":5000,"label":" ","price":6.72},{"type":"B","date":"2018-03-29T05:20:02.000Z","volume":6000,"label":" ","price":6.72},{"type":"B","date":"2018-03-29T05:20:04.000Z","volume":2000,"label":" ","price":6.72},{"type":"A","date":"2018-03-29T05:20:17.000Z","volume":1000,"label":" ","price":6.73},{"type":"B","date":"2018-03-29T05:21:17.000Z","volume":4000,"label":" ","price":6.72},{"type":"B","date":"2018-03-29T05:21:19.000Z","volume":1000,"label":" ","price":6.72},{"type":"B","date":"2018-03-29T05:22:17.000Z","volume":1000,"label":" ","price":6.72},{"type":"B","date":"2018-03-29T05:22:17.000Z","volume":1000,"label":" ","price":6.72},{"type":"B","date":"2018-03-29T05:22:47.000Z","volume":4000,"label":" ","price":6.72},{"type":"B","date":"2018-03-29T05:22:49.000Z","volume":2000,"label":" ","price":6.72},{"type":"A","date":"2018-03-29T05:23:22.000Z","volume":1000,"label":" ","price":6.73},{"type":"B","date":"2018-03-29T05:23:47.000Z","volume":1000,"label":" ","price":6.72},{"type":"B","date":"2018-03-29T05:23:47.000Z","volume":1000,"label":" ","price":6.72},{"type":"B","date":"2018-03-29T05:24:17.000Z","volume":5000,"label":" ","price":6.72},{"type":"B","date":"2018-03-29T05:24:19.000Z","volume":2000,"label":" ","price":6.72},{"type":"B","date":"2018-03-29T05:26:02.000Z","volume":5000,"label":" ","price":6.72},{"type":"B","date":"2018-03-29T05:26:04.000Z","volume":6000,"label":" ","price":6.72},{"type":"B","date":"2018-03-29T05:26:07.000Z","volume":2000,"label":" ","price":6.72},{"type":"B","date":"2018-03-29T05:26:53.000Z","volume":4000,"label":"Y","price":6.72},{"type":"B","date":"2018-03-29T05:26:53.000Z","volume":1000,"label":" ","price":6.72},{"type":"B","date":"2018-03-29T05:26:56.000Z","volume":2000,"label":" ","price":6.72},{"type":"B","date":"2018-03-29T05:28:32.000Z","volume":1000,"label":" ","price":6.72},{"type":"B","date":"2018-03-29T05:28:32.000Z","volume":1000,"label":"Y","price":6.72},{"type":"B","date":"2018-03-29T05:28:32.000Z","volume":4000,"label":" ","price":6.72},{"type":"B","date":"2018-03-29T05:28:34.000Z","volume":1000,"label":" ","price":6.72},{"type":"B","date":"2018-03-29T05:29:49.000Z","volume":1000,"label":" ","price":6.72},{"type":"B","date":"2018-03-29T05:32:02.000Z","volume":5000,"label":" ","price":6.72},{"type":"B","date":"2018-03-29T05:32:04.000Z","volume":2000,"label":" ","price":6.72},{"type":"B","date":"2018-03-29T05:33:32.000Z","volume":1000,"label":" ","price":6.72},{"type":"A","date":"2018-03-29T05:33:32.000Z","volume":1000,"label":" ","price":6.73},{"type":"B","date":"2018-03-29T05:34:02.000Z","volume":5000,"label":" ","price":6.72},{"type":"B","date":"2018-03-29T05:34:04.000Z","volume":1000,"label":" ","price":6.72},{"type":"A","date":"2018-03-29T05:34:31.000Z","volume":50000,"label":" ","price":6.73},{"type":"A","date":"2018-03-29T05:34:31.000Z","volume":9000,"label":" ","price":6.73},{"type":"A","date":"2018-03-29T05:34:31.000Z","volume":12000,"label":" ","price":6.73},{"type":"B","date":"2018-03-29T05:34:31.000Z","volume":5000,"label":" ","price":6.73},{"type":"B","date":"2018-03-29T05:34:31.000Z","volume":5000,"label":" ","price":6.73},{"type":"B","date":"2018-03-29T05:34:34.000Z","volume":4000,"label":" ","price":6.73},{"type":"A","date":"2018-03-29T05:35:02.000Z","volume":1000,"label":" ","price":6.74},{"type":"A","date":"2018-03-29T05:35:12.000Z","volume":1000,"label":" ","price":6.74},{"type":"A","date":"2018-03-29T05:36:46.000Z","volume":10000,"label":" ","price":6.74},{"type":"A","date":"2018-03-29T05:36:46.000Z","volume":1000,"label":" ","price":6.74},{"type":"A","date":"2018-03-29T05:36:46.000Z","volume":1000,"label":" ","price":6.74},{"type":"A","date":"2018-03-29T05:36:46.000Z","volume":16000,"label":" ","price":6.74},{"type":"A","date":"2018-03-29T05:36:46.000Z","volume":1000,"label":" ","price":6.74},{"type":"A","date":"2018-03-29T05:36:46.000Z","volume":1000,"label":" ","price":6.74},{"type":"A","date":"2018-03-29T05:36:47.000Z","volume":4000,"label":" ","price":6.74},{"type":"B","date":"2018-03-29T05:36:49.000Z","volume":1000,"label":" ","price":6.73},{"type":"U","date":"2018-03-29T05:40:02.000Z","volume":2000,"label":"X","price":6.745},{"type":"B","date":"2018-03-29T05:42:46.000Z","volume":10000,"label":" ","price":6.74},{"type":"B","date":"2018-03-29T05:42:49.000Z","volume":3000,"label":" ","price":6.74},{"type":"A","date":"2018-03-29T05:43:55.000Z","volume":1000,"label":" ","price":6.75},{"type":"A","date":"2018-03-29T05:44:11.000Z","volume":10000,"label":" ","price":6.75},{"type":"B","date":"2018-03-29T05:44:13.000Z","volume":2000,"label":" ","price":6.74},{"type":"B","date":"2018-03-29T05:44:47.000Z","volume":1000,"label":" ","price":6.74},{"type":"A","date":"2018-03-29T05:44:54.000Z","volume":1000,"label":" ","price":6.75},{"type":"A","date":"2018-03-29T05:44:55.000Z","volume":1000,"label":" ","price":6.75},{"type":"A","date":"2018-03-29T05:45:21.000Z","volume":48000,"label":" ","price":6.75},{"type":"A","date":"2018-03-29T05:45:21.000Z","volume":1000,"label":" ","price":6.75},{"type":"U","date":"2018-03-29T05:45:21.000Z","volume":4000,"label":"X","price":6.745},{"type":"U","date":"2018-03-29T05:45:21.000Z","volume":1000,"label":"X","price":6.745},{"type":"A","date":"2018-03-29T05:45:32.000Z","volume":1000,"label":" ","price":6.75},{"type":"A","date":"2018-03-29T05:45:44.000Z","volume":18000,"label":" ","price":6.75},{"type":"A","date":"2018-03-29T05:45:44.000Z","volume":16000,"label":" ","price":6.76},{"type":"A","date":"2018-03-29T05:45:44.000Z","volume":66000,"label":" ","price":6.77},{"type":"A","date":"2018-03-29T05:45:46.000Z","volume":1000,"label":" ","price":6.76},{"type":"B","date":"2018-03-29T05:45:47.000Z","volume":15000,"label":" ","price":6.75},{"type":"B","date":"2018-03-29T05:45:48.000Z","volume":4000,"label":" ","price":6.75},{"type":"A","date":"2018-03-29T05:49:37.000Z","volume":10000,"label":" ","price":6.78},{"type":"B","date":"2018-03-29T05:49:39.000Z","volume":3000,"label":" ","price":6.76},{"type":"B","date":"2018-03-29T05:49:39.000Z","volume":1000,"label":" ","price":6.76},{"type":"A","date":"2018-03-29T05:49:44.000Z","volume":3000,"label":" ","price":6.77},{"type":"B","date":"2018-03-29T05:49:46.000Z","volume":1000,"label":" ","price":6.76},{"type":"U","date":"2018-03-29T05:49:47.000Z","volume":2000,"label":"X","price":6.765},{"type":"U","date":"2018-03-29T05:49:47.000Z","volume":3000,"label":"X","price":6.765},{"type":"B","date":"2018-03-29T05:50:21.000Z","volume":93000,"label":" ","price":6.76},{"type":"B","date":"2018-03-29T05:50:21.000Z","volume":48000,"label":" ","price":6.76},{"type":"U","date":"2018-03-29T05:50:21.000Z","volume":1000,"label":" ","price":6.76},{"type":"B","date":"2018-03-29T05:50:22.000Z","volume":47000,"label":" ","price":6.75},{"type":"B","date":"2018-03-29T05:50:24.000Z","volume":36000,"label":" ","price":6.74},{"type":"B","date":"2018-03-29T05:50:24.000Z","volume":11000,"label":" ","price":6.74},{"type":"B","date":"2018-03-29T05:50:24.000Z","volume":6000,"label":" ","price":6.74},{"type":"B","date":"2018-03-29T05:50:25.000Z","volume":6000,"label":" ","price":6.73},{"type":"B","date":"2018-03-29T05:50:26.000Z","volume":4000,"label":" ","price":6.72},{"type":"B","date":"2018-03-29T05:50:28.000Z","volume":6000,"label":" ","price":6.72},{"type":"U","date":"2018-03-29T05:50:32.000Z","volume":5000,"label":"X","price":6.725},{"type":"U","date":"2018-03-29T05:51:19.000Z","volume":3000,"label":"X","price":6.725},{"type":"B","date":"2018-03-29T05:51:29.000Z","volume":37000,"label":" ","price":6.72},{"type":"A","date":"2018-03-29T05:51:30.000Z","volume":3000,"label":" ","price":6.72},{"type":"B","date":"2018-03-29T05:51:31.000Z","volume":3000,"label":" ","price":6.71},{"type":"B","date":"2018-03-29T05:51:34.000Z","volume":3000,"label":" ","price":6.71},{"type":"A","date":"2018-03-29T05:51:41.000Z","volume":22000,"label":" ","price":6.72},{"type":"B","date":"2018-03-29T05:51:43.000Z","volume":5000,"label":" ","price":6.71},{"type":"U","date":"2018-03-29T05:52:47.000Z","volume":1000,"label":" ","price":6.71},{"type":"A","date":"2018-03-29T05:53:15.000Z","volume":20000,"label":" ","price":6.72},{"type":"A","date":"2018-03-29T05:53:15.000Z","volume":16000,"label":" ","price":6.72},{"type":"U","date":"2018-03-29T05:56:32.000Z","volume":4000,"label":"X","price":6.725},{"type":"U","date":"2018-03-29T05:56:32.000Z","volume":1000,"label":"X","price":6.725},{"type":"B","date":"2018-03-29T05:57:36.000Z","volume":13000,"label":"Y","price":6.72},{"type":"A","date":"2018-03-29T05:57:36.000Z","volume":12000,"label":" ","price":6.73},{"type":"B","date":"2018-03-29T05:57:38.000Z","volume":4000,"label":" ","price":6.72},{"type":"B","date":"2018-03-29T05:57:39.000Z","volume":3000,"label":" ","price":6.72},{"type":"A","date":"2018-03-29T05:57:44.000Z","volume":11000,"label":" ","price":6.73},{"type":"A","date":"2018-03-29T05:57:44.000Z","volume":5000,"label":" ","price":6.73},{"type":"A","date":"2018-03-29T05:57:52.000Z","volume":15000,"label":" ","price":6.73},{"type":"A","date":"2018-03-29T05:57:58.000Z","volume":9000,"label":" ","price":6.74},{"type":"B","date":"2018-03-29T05:58:01.000Z","volume":3000,"label":" ","price":6.73},{"type":"A","date":"2018-03-29T05:58:12.000Z","volume":15000,"label":" ","price":6.74},{"type":"B","date":"2018-03-29T05:58:15.000Z","volume":3000,"label":" ","price":6.73},{"type":"A","date":"2018-03-29T05:58:26.000Z","volume":2000,"label":" ","price":6.74},{"type":"B","date":"2018-03-29T05:58:30.000Z","volume":4000,"label":"Y","price":6.74},{"type":"B","date":"2018-03-29T05:58:30.000Z","volume":14000,"label":" ","price":6.74},{"type":"B","date":"2018-03-29T05:58:32.000Z","volume":4000,"label":" ","price":6.74},{"type":"U","date":"2018-03-29T05:58:33.000Z","volume":1000,"label":"X","price":6.745},{"type":"A","date":"2018-03-29T05:58:45.000Z","volume":18000,"label":" ","price":6.75},{"type":"A","date":"2018-03-29T05:59:09.000Z","volume":12000,"label":" ","price":6.75},{"type":"B","date":"2018-03-29T05:59:12.000Z","volume":3000,"label":" ","price":6.74},{"type":"A","date":"2018-03-29T05:59:17.000Z","volume":1000,"label":" ","price":6.75},{"type":"A","date":"2018-03-29T05:59:33.000Z","volume":15000,"label":" ","price":6.76},{"type":"B","date":"2018-03-29T05:59:36.000Z","volume":1000,"label":" ","price":6.75},{"type":"B","date":"2018-03-29T05:59:36.000Z","volume":1000,"label":" ","price":6.75},{"type":"A","date":"2018-03-29T05:59:57.000Z","volume":12000,"label":" ","price":6.76},{"type":"B","date":"2018-03-29T06:00:00.000Z","volume":3000,"label":" ","price":6.75},{"type":"B","date":"2018-03-29T06:00:03.000Z","volume":1000,"label":" ","price":6.75},{"type":"A","date":"2018-03-29T06:00:21.000Z","volume":12000,"label":" ","price":6.76},{"type":"A","date":"2018-03-29T06:00:21.000Z","volume":1000,"label":" ","price":6.76},{"type":"B","date":"2018-03-29T06:00:24.000Z","volume":4000,"label":" ","price":6.75},{"type":"B","date":"2018-03-29T06:00:26.000Z","volume":1000,"label":" ","price":6.75},{"type":"B","date":"2018-03-29T06:00:34.000Z","volume":3000,"label":" ","price":6.75},{"type":"A","date":"2018-03-29T06:00:45.000Z","volume":17000,"label":" ","price":6.76},{"type":"A","date":"2018-03-29T06:01:15.000Z","volume":15000,"label":" ","price":6.76},{"type":"A","date":"2018-03-29T06:01:49.000Z","volume":18000,"label":" ","price":6.76},{"type":"B","date":"2018-03-29T06:01:51.000Z","volume":3000,"label":" ","price":6.75},{"type":"U","date":"2018-03-29T06:02:19.000Z","volume":1000,"label":"X","price":6.755},{"type":"A","date":"2018-03-29T06:02:23.000Z","volume":12000,"label":" ","price":6.76},{"type":"B","date":"2018-03-29T06:02:25.000Z","volume":3000,"label":" ","price":6.75},{"type":"B","date":"2018-03-29T06:02:33.000Z","volume":56000,"label":" ","price":6.75},{"type":"B","date":"2018-03-29T06:02:35.000Z","volume":14000,"label":" ","price":6.74},{"type":"U","date":"2018-03-29T06:02:47.000Z","volume":5000,"label":"X","price":6.745},{"type":"A","date":"2018-03-29T06:03:05.000Z","volume":12000,"label":" ","price":6.75},{"type":"B","date":"2018-03-29T06:03:07.000Z","volume":3000,"label":" ","price":6.74},{"type":"A","date":"2018-03-29T06:03:44.000Z","volume":9000,"label":" ","price":6.75},{"type":"B","date":"2018-03-29T06:03:44.000Z","volume":1000,"label":" ","price":6.75},{"type":"A","date":"2018-03-29T06:03:50.000Z","volume":9000,"label":" ","price":6.76},{"type":"A","date":"2018-03-29T06:04:29.000Z","volume":15000,"label":" ","price":6.76},{"type":"U","date":"2018-03-29T06:04:30.000Z","volume":3000,"label":"X","price":6.755},{"type":"U","date":"2018-03-29T06:04:30.000Z","volume":1000,"label":"X","price":6.755},{"type":"A","date":"2018-03-29T06:05:08.000Z","volume":10000,"label":" ","price":6.76},{"type":"A","date":"2018-03-29T06:05:14.000Z","volume":6000,"label":" ","price":6.77},{"type":"A","date":"2018-03-29T06:05:53.000Z","volume":12000,"label":" ","price":6.77},{"type":"B","date":"2018-03-29T06:05:56.000Z","volume":2000,"label":" ","price":6.76},{"type":"A","date":"2018-03-29T06:06:32.000Z","volume":14000,"label":" ","price":6.77},{"type":"A","date":"2018-03-29T06:06:40.000Z","volume":1000,"label":" ","price":6.77},{"type":"A","date":"2018-03-29T06:07:12.000Z","volume":14000,"label":" ","price":6.78},{"type":"U","date":"2018-03-29T06:07:13.000Z","volume":1000,"label":"X","price":6.775},{"type":"B","date":"2018-03-29T06:07:13.000Z","volume":4000,"label":" ","price":6.77},{"type":"B","date":"2018-03-29T06:07:14.000Z","volume":20000,"label":" ","price":6.77},{"type":"B","date":"2018-03-29T06:07:15.000Z","volume":10000,"label":" ","price":6.76},{"type":"B","date":"2018-03-29T06:07:17.000Z","volume":1000,"label":" ","price":6.76},{"type":"A","date":"2018-03-29T06:07:39.000Z","volume":10000,"label":" ","price":6.77},{"type":"B","date":"2018-03-29T06:07:41.000Z","volume":2000,"label":" ","price":6.76},{"type":"B","date":"2018-03-29T06:07:43.000Z","volume":1000,"label":" ","price":6.76},{"type":"A","date":"2018-03-29T06:07:56.000Z","volume":14000,"label":" ","price":6.77},{"type":"B","date":"2018-03-29T06:08:00.000Z","volume":2000,"label":" ","price":6.76},{"type":"B","date":"2018-03-29T06:08:20.000Z","volume":14000,"label":" ","price":6.77},{"type":"B","date":"2018-03-29T06:08:22.000Z","volume":3000,"label":" ","price":6.76},{"type":"U","date":"2018-03-29T06:09:04.000Z","volume":1000,"label":"X","price":6.765},{"type":"A","date":"2018-03-29T06:09:08.000Z","volume":18000,"label":" ","price":6.77},{"type":"B","date":"2018-03-29T06:09:26.000Z","volume":31000,"label":" ","price":6.76},{"type":"A","date":"2018-03-29T06:09:57.000Z","volume":18000,"label":" ","price":6.77},{"type":"U","date":"2018-03-29T06:10:02.000Z","volume":4000,"label":"X","price":6.765},{"type":"B","date":"2018-03-29T06:10:32.000Z","volume":31000,"label":" ","price":6.76},{"type":"A","date":"2018-03-29T06:10:46.000Z","volume":3000,"label":" ","price":6.77},{"type":"U","date":"2018-03-29T06:10:47.000Z","volume":2000,"label":"X","price":6.765},{"type":"B","date":"2018-03-29T06:10:47.000Z","volume":3000,"label":" ","price":6.76},{"type":"A","date":"2018-03-29T06:11:15.000Z","volume":9000,"label":" ","price":6.77},{"type":"A","date":"2018-03-29T06:11:23.000Z","volume":5000,"label":" ","price":6.77},{"type":"B","date":"2018-03-29T06:11:38.000Z","volume":31000,"label":" ","price":6.76},{"type":"B","date":"2018-03-29T06:11:48.000Z","volume":2000,"label":" ","price":6.76},{"type":"A","date":"2018-03-29T06:11:49.000Z","volume":3000,"label":" ","price":6.77},{"type":"U","date":"2018-03-29T06:12:19.000Z","volume":3000,"label":"X","price":6.765},{"type":"B","date":"2018-03-29T06:12:19.000Z","volume":2000,"label":" ","price":6.76},{"type":"A","date":"2018-03-29T06:12:23.000Z","volume":16000,"label":" ","price":6.77},{"type":"B","date":"2018-03-29T06:12:44.000Z","volume":26000,"label":" ","price":6.76},{"type":"A","date":"2018-03-29T06:12:51.000Z","volume":13000,"label":" ","price":6.76},{"type":"A","date":"2018-03-29T06:13:16.000Z","volume":17000,"label":" ","price":6.77},{"type":"B","date":"2018-03-29T06:13:49.000Z","volume":6000,"label":" ","price":6.76},{"type":"B","date":"2018-03-29T06:13:50.000Z","volume":13000,"label":" ","price":6.76},{"type":"B","date":"2018-03-29T06:13:50.000Z","volume":13000,"label":" ","price":6.76},{"type":"A","date":"2018-03-29T06:13:52.000Z","volume":5000,"label":" ","price":6.76},{"type":"B","date":"2018-03-29T06:13:59.000Z","volume":11000,"label":" ","price":6.75},{"type":"A","date":"2018-03-29T06:14:19.000Z","volume":14000,"label":" ","price":6.76},{"type":"A","date":"2018-03-29T06:14:53.000Z","volume":8000,"label":" ","price":6.76},{"type":"B","date":"2018-03-29T06:14:56.000Z","volume":13000,"label":" ","price":6.76},{"type":"B","date":"2018-03-29T06:14:56.000Z","volume":18000,"label":" ","price":6.75},{"type":"A","date":"2018-03-29T06:15:32.000Z","volume":17000,"label":" ","price":6.77},{"type":"B","date":"2018-03-29T06:16:02.000Z","volume":31000,"label":" ","price":6.76},{"type":"A","date":"2018-03-29T06:16:34.000Z","volume":14000,"label":" ","price":6.76},{"type":"B","date":"2018-03-29T06:17:08.000Z","volume":31000,"label":" ","price":6.75},{"type":"A","date":"2018-03-29T06:17:11.000Z","volume":1000,"label":" ","price":6.76},{"type":"A","date":"2018-03-29T06:17:13.000Z","volume":5000,"label":" ","price":6.76},{"type":"B","date":"2018-03-29T06:17:17.000Z","volume":2000,"label":" ","price":6.75},{"type":"B","date":"2018-03-29T06:17:17.000Z","volume":2000,"label":" ","price":6.75},{"type":"A","date":"2018-03-29T06:17:19.000Z","volume":20000,"label":" ","price":6.76},{"type":"B","date":"2018-03-29T06:17:34.000Z","volume":4000,"label":" ","price":6.76},{"type":"A","date":"2018-03-29T06:17:43.000Z","volume":8000,"label":" ","price":6.77},{"type":"B","date":"2018-03-29T06:18:14.000Z","volume":31000,"label":" ","price":6.76},{"type":"B","date":"2018-03-29T06:18:17.000Z","volume":1000,"label":" ","price":6.76},{"type":"A","date":"2018-03-29T06:18:17.000Z","volume":5000,"label":" ","price":6.77},{"type":"B","date":"2018-03-29T06:18:42.000Z","volume":12000,"label":" ","price":6.76},{"type":"A","date":"2018-03-29T06:18:51.000Z","volume":2000,"label":" ","price":6.77},{"type":"B","date":"2018-03-29T06:19:04.000Z","volume":4000,"label":" ","price":6.76},{"type":"B","date":"2018-03-29T06:19:20.000Z","volume":27000,"label":" ","price":6.76},{"type":"A","date":"2018-03-29T06:19:44.000Z","volume":9000,"label":" ","price":6.76},{"type":"A","date":"2018-03-29T06:19:44.000Z","volume":1000,"label":" ","price":6.76},{"type":"A","date":"2018-03-29T06:19:44.000Z","volume":8000,"label":" ","price":6.76},{"type":"B","date":"2018-03-29T06:19:48.000Z","volume":1000,"label":" ","price":6.76},{"type":"B","date":"2018-03-29T06:19:48.000Z","volume":4000,"label":" ","price":6.76},{"type":"B","date":"2018-03-29T06:19:48.000Z","volume":8000,"label":" ","price":6.76},{"type":"A","date":"2018-03-29T06:20:05.000Z","volume":18000,"label":" ","price":6.77},{"type":"U","date":"2018-03-29T06:20:19.000Z","volume":2000,"label":"X","price":6.765},{"type":"B","date":"2018-03-29T06:20:19.000Z","volume":3000,"label":" ","price":6.76},{"type":"B","date":"2018-03-29T06:20:26.000Z","volume":25000,"label":" ","price":6.76},{"type":"A","date":"2018-03-29T06:20:57.000Z","volume":13000,"label":" ","price":6.76},{"type":"A","date":"2018-03-29T06:21:13.000Z","volume":9000,"label":" ","price":6.76},{"type":"A","date":"2018-03-29T06:21:31.000Z","volume":1000,"label":" ","price":6.76},{"type":"B","date":"2018-03-29T06:21:32.000Z","volume":26000,"label":" ","price":6.76},{"type":"B","date":"2018-03-29T06:21:32.000Z","volume":5000,"label":" ","price":6.75},{"type":"A","date":"2018-03-29T06:22:05.000Z","volume":17000,"label":" ","price":6.77},{"type":"U","date":"2018-03-29T06:22:19.000Z","volume":4000,"label":"X","price":6.765},{"type":"B","date":"2018-03-29T06:22:38.000Z","volume":31000,"label":" ","price":6.76},{"type":"A","date":"2018-03-29T06:22:44.000Z","volume":11000,"label":" ","price":6.77},{"type":"A","date":"2018-03-29T06:23:18.000Z","volume":16000,"label":" ","price":6.77},{"type":"B","date":"2018-03-29T06:23:44.000Z","volume":31000,"label":" ","price":6.76},{"type":"U","date":"2018-03-29T06:24:04.000Z","volume":1000,"label":"X","price":6.765},{"type":"A","date":"2018-03-29T06:24:15.000Z","volume":15000,"label":" ","price":6.77},{"type":"A","date":"2018-03-29T06:24:35.000Z","volume":5000,"label":" ","price":6.77},{"type":"B","date":"2018-03-29T06:24:50.000Z","volume":31000,"label":" ","price":6.77},{"type":"B","date":"2018-03-29T06:24:50.000Z","volume":9000,"label":" ","price":6.77},{"type":"U","date":"2018-03-29T06:24:55.000Z","volume":13000,"label":"X","price":6.77},{"type":"A","date":"2018-03-29T06:25:02.000Z","volume":16000,"label":" ","price":6.78},{"type":"U","date":"2018-03-29T06:25:19.000Z","volume":5000,"label":"X","price":6.775},{"type":"A","date":"2018-03-29T06:25:36.000Z","volume":11000,"label":" ","price":6.78},{"type":"B","date":"2018-03-29T06:25:38.000Z","volume":12000,"label":" ","price":6.77},{"type":"B","date":"2018-03-29T06:25:38.000Z","volume":1000,"label":" ","price":6.77},{"type":"B","date":"2018-03-29T06:25:56.000Z","volume":21000,"label":" ","price":6.77},{"type":"A","date":"2018-03-29T06:25:58.000Z","volume":1000,"label":" ","price":6.77},{"type":"A","date":"2018-03-29T06:26:33.000Z","volume":18000,"label":" ","price":6.77},{"type":"U","date":"2018-03-29T06:26:34.000Z","volume":3000,"label":"X","price":6.765},{"type":"B","date":"2018-03-29T06:27:02.000Z","volume":31000,"label":" ","price":6.76},{"type":"B","date":"2018-03-29T06:27:05.000Z","volume":7000,"label":" ","price":6.76},{"type":"A","date":"2018-03-29T06:27:12.000Z","volume":15000,"label":" ","price":6.77},{"type":"A","date":"2018-03-29T06:27:46.000Z","volume":12000,"label":" ","price":6.77},{"type":"B","date":"2018-03-29T06:28:08.000Z","volume":31000,"label":" ","price":6.76},{"type":"B","date":"2018-03-29T06:28:12.000Z","volume":18000,"label":" ","price":6.76},{"type":"A","date":"2018-03-29T06:28:20.000Z","volume":4000,"label":" ","price":6.76},{"type":"A","date":"2018-03-29T06:28:54.000Z","volume":19000,"label":" ","price":6.76},{"type":"B","date":"2018-03-29T06:29:14.000Z","volume":31000,"label":" ","price":6.75},{"type":"A","date":"2018-03-29T06:29:28.000Z","volume":6000,"label":" ","price":6.76},{"type":"A","date":"2018-03-29T06:29:34.000Z","volume":7000,"label":" ","price":6.77},{"type":"B","date":"2018-03-29T06:29:59.000Z","volume":13000,"label":" ","price":6.76},{"type":"A","date":"2018-03-29T06:30:13.000Z","volume":15000,"label":" ","price":6.77},{"type":"B","date":"2018-03-29T06:30:20.000Z","volume":31000,"label":" ","price":6.76},{"type":"A","date":"2018-03-29T06:30:47.000Z","volume":15000,"label":" ","price":6.77},{"type":"B","date":"2018-03-29T06:31:04.000Z","volume":4000,"label":" ","price":6.76},{"type":"A","date":"2018-03-29T06:31:16.000Z","volume":13000,"label":" ","price":6.77},{"type":"B","date":"2018-03-29T06:31:26.000Z","volume":31000,"label":" ","price":6.76},{"type":"A","date":"2018-03-29T06:31:45.000Z","volume":12000,"label":" ","price":6.77},{"type":"A","date":"2018-03-29T06:32:19.000Z","volume":17000,"label":" ","price":6.77},{"type":"B","date":"2018-03-29T06:32:32.000Z","volume":31000,"label":" ","price":6.76},{"type":"A","date":"2018-03-29T06:32:53.000Z","volume":16000,"label":" ","price":6.77},{"type":"A","date":"2018-03-29T06:33:27.000Z","volume":13000,"label":" ","price":6.77},{"type":"A","date":"2018-03-29T06:33:33.000Z","volume":5000,"label":" ","price":6.78},{"type":"A","date":"2018-03-29T06:33:33.000Z","volume":22000,"label":" ","price":6.78},{"type":"B","date":"2018-03-29T06:33:38.000Z","volume":25000,"label":" ","price":6.77},{"type":"A","date":"2018-03-29T06:33:38.000Z","volume":6000,"label":" ","price":6.77},{"type":"A","date":"2018-03-29T06:33:58.000Z","volume":15000,"label":" ","price":6.79},{"type":"B","date":"2018-03-29T06:33:58.000Z","volume":20000,"label":" ","price":6.78},{"type":"U","date":"2018-03-29T06:34:19.000Z","volume":1000,"label":"X","price":6.785},{"type":"A","date":"2018-03-29T06:34:31.000Z","volume":16000,"label":" ","price":6.79},{"type":"A","date":"2018-03-29T06:34:31.000Z","volume":6000,"label":" ","price":6.79},{"type":"B","date":"2018-03-29T06:34:44.000Z","volume":27000,"label":" ","price":6.79},{"type":"A","date":"2018-03-29T06:35:13.000Z","volume":14000,"label":" ","price":6.79},{"type":"A","date":"2018-03-29T06:35:31.000Z","volume":4000,"label":" ","price":6.79},{"type":"A","date":"2018-03-29T06:35:47.000Z","volume":13000,"label":" ","price":6.79},{"type":"B","date":"2018-03-29T06:35:50.000Z","volume":31000,"label":" ","price":6.78},{"type":"A","date":"2018-03-29T06:36:22.000Z","volume":13000,"label":" ","price":6.79},{"type":"B","date":"2018-03-29T06:36:22.000Z","volume":2000,"label":" ","price":6.79},{"type":"A","date":"2018-03-29T06:36:28.000Z","volume":3000,"label":" ","price":6.8},{"type":"B","date":"2018-03-29T06:36:56.000Z","volume":31000,"label":" ","price":6.79},{"type":"B","date":"2018-03-29T06:37:01.000Z","volume":13000,"label":" ","price":6.79},{"type":"A","date":"2018-03-29T06:37:02.000Z","volume":17000,"label":" ","price":6.8},{"type":"U","date":"2018-03-29T06:37:06.000Z","volume":5000,"label":"X","price":6.79},{"type":"U","date":"2018-03-29T06:37:06.000Z","volume":5000,"label":"X","price":6.79},{"type":"B","date":"2018-03-29T06:37:31.000Z","volume":10000,"label":" ","price":6.79},{"type":"A","date":"2018-03-29T06:37:36.000Z","volume":17000,"label":" ","price":6.8},{"type":"B","date":"2018-03-29T06:37:37.000Z","volume":12000,"label":" ","price":6.79},{"type":"B","date":"2018-03-29T06:37:39.000Z","volume":10000,"label":" ","price":6.79},{"type":"B","date":"2018-03-29T06:37:48.000Z","volume":10000,"label":" ","price":6.79},{"type":"B","date":"2018-03-29T06:38:02.000Z","volume":31000,"label":" ","price":6.79},{"type":"A","date":"2018-03-29T06:38:10.000Z","volume":1000,"label":" ","price":6.8},{"type":"B","date":"2018-03-29T06:38:10.000Z","volume":12000,"label":" ","price":6.79},{"type":"U","date":"2018-03-29T06:38:17.000Z","volume":1000,"label":"X","price":6.795},{"type":"B","date":"2018-03-29T06:38:17.000Z","volume":5000,"label":" ","price":6.79},{"type":"A","date":"2018-03-29T06:38:44.000Z","volume":16000,"label":" ","price":6.8},{"type":"B","date":"2018-03-29T06:39:08.000Z","volume":31000,"label":" ","price":6.79},{"type":"A","date":"2018-03-29T06:39:13.000Z","volume":1000,"label":" ","price":6.8},{"type":"U","date":"2018-03-29T06:39:14.000Z","volume":6000,"label":"X","price":6.795},{"type":"B","date":"2018-03-29T06:39:18.000Z","volume":13000,"label":" ","price":6.79},{"type":"A","date":"2018-03-29T06:39:47.000Z","volume":15000,"label":" ","price":6.8},{"type":"B","date":"2018-03-29T06:40:14.000Z","volume":31000,"label":" ","price":6.79},{"type":"B","date":"2018-03-29T06:40:17.000Z","volume":1000,"label":" ","price":6.79},{"type":"B","date":"2018-03-29T06:40:21.000Z","volume":12000,"label":" ","price":6.79},{"type":"A","date":"2018-03-29T06:40:39.000Z","volume":12000,"label":" ","price":6.8},{"type":"A","date":"2018-03-29T06:41:09.000Z","volume":1000,"label":" ","price":6.8},{"type":"A","date":"2018-03-29T06:41:13.000Z","volume":16000,"label":" ","price":6.8},{"type":"B","date":"2018-03-29T06:41:20.000Z","volume":30000,"label":" ","price":6.79},{"type":"B","date":"2018-03-29T06:41:21.000Z","volume":11000,"label":" ","price":6.78},{"type":"U","date":"2018-03-29T06:41:21.000Z","volume":4000,"label":"X","price":6.785},{"type":"B","date":"2018-03-29T06:41:21.000Z","volume":1000,"label":" ","price":6.78},{"type":"A","date":"2018-03-29T06:41:47.000Z","volume":13000,"label":" ","price":6.79},{"type":"A","date":"2018-03-29T06:42:21.000Z","volume":19000,"label":" ","price":6.79},{"type":"B","date":"2018-03-29T06:42:24.000Z","volume":12000,"label":" ","price":6.78},{"type":"B","date":"2018-03-29T06:42:26.000Z","volume":29000,"label":" ","price":6.78},{"type":"A","date":"2018-03-29T06:42:29.000Z","volume":4000,"label":" ","price":6.78},{"type":"A","date":"2018-03-29T06:42:56.000Z","volume":17000,"label":" ","price":6.79},{"type":"B","date":"2018-03-29T06:42:57.000Z","volume":5000,"label":" ","price":6.78},{"type":"B","date":"2018-03-29T06:43:05.000Z","volume":15000,"label":" ","price":6.78},{"type":"B","date":"2018-03-29T06:43:19.000Z","volume":7000,"label":" ","price":6.78},{"type":"A","date":"2018-03-29T06:43:30.000Z","volume":14000,"label":" ","price":6.79},{"type":"B","date":"2018-03-29T06:43:32.000Z","volume":14000,"label":" ","price":6.78},{"type":"A","date":"2018-03-29T06:44:04.000Z","volume":18000,"label":" ","price":6.78},{"type":"A","date":"2018-03-29T06:44:13.000Z","volume":28000,"label":" ","price":6.78},{"type":"B","date":"2018-03-29T06:44:38.000Z","volume":31000,"label":" ","price":6.78},{"type":"B","date":"2018-03-29T06:44:40.000Z","volume":14000,"label":" ","price":6.78},{"type":"B","date":"2018-03-29T06:44:47.000Z","volume":5000,"label":" ","price":6.78},{"type":"A","date":"2018-03-29T06:45:08.000Z","volume":12000,"label":" ","price":6.79},{"type":"A","date":"2018-03-29T06:45:16.000Z","volume":7000,"label":" ","price":6.79},{"type":"A","date":"2018-03-29T06:45:38.000Z","volume":12000,"label":" ","price":6.8},{"type":"B","date":"2018-03-29T06:45:44.000Z","volume":20000,"label":" ","price":6.79},{"type":"A","date":"2018-03-29T06:46:12.000Z","volume":18000,"label":" ","price":6.79},{"type":"A","date":"2018-03-29T06:46:46.000Z","volume":18000,"label":" ","price":6.79},{"type":"A","date":"2018-03-29T06:46:48.000Z","volume":3000,"label":" ","price":6.79},{"type":"B","date":"2018-03-29T06:46:50.000Z","volume":31000,"label":" ","price":6.78},{"type":"A","date":"2018-03-29T06:47:20.000Z","volume":15000,"label":" ","price":6.79},{"type":"A","date":"2018-03-29T06:47:54.000Z","volume":18000,"label":" ","price":6.79},{"type":"B","date":"2018-03-29T06:47:56.000Z","volume":31000,"label":" ","price":6.78},{"type":"B","date":"2018-03-29T06:48:06.000Z","volume":10000,"label":" ","price":6.78},{"type":"A","date":"2018-03-29T06:48:28.000Z","volume":14000,"label":" ","price":6.79},{"type":"A","date":"2018-03-29T06:48:34.000Z","volume":5000,"label":" ","price":6.8},{"type":"A","date":"2018-03-29T06:48:42.000Z","volume":24000,"label":" ","price":6.8},{"type":"U","date":"2018-03-29T06:48:49.000Z","volume":1000,"label":"X","price":6.805},{"type":"B","date":"2018-03-29T06:48:51.000Z","volume":4000,"label":" ","price":6.8},{"type":"B","date":"2018-03-29T06:49:02.000Z","volume":31000,"label":" ","price":6.8},{"type":"B","date":"2018-03-29T06:49:09.000Z","volume":37000,"label":" ","price":6.8},{"type":"B","date":"2018-03-29T06:49:14.000Z","volume":14000,"label":" ","price":6.8},{"type":"U","date":"2018-03-29T06:49:17.000Z","volume":1000,"label":"X","price":6.795},{"type":"A","date":"2018-03-29T06:49:48.000Z","volume":12000,"label":" ","price":6.8},{"type":"B","date":"2018-03-29T06:50:08.000Z","volume":31000,"label":" ","price":6.8},{"type":"B","date":"2018-03-29T06:50:14.000Z","volume":15000,"label":" ","price":6.8},{"type":"B","date":"2018-03-29T06:50:18.000Z","volume":17000,"label":" ","price":6.8},{"type":"A","date":"2018-03-29T06:50:35.000Z","volume":115000,"label":" ","price":6.81},{"type":"A","date":"2018-03-29T06:50:35.000Z","volume":52000,"label":" ","price":6.82},{"type":"B","date":"2018-03-29T06:50:46.000Z","volume":3000,"label":" ","price":6.82},{"type":"B","date":"2018-03-29T06:50:55.000Z","volume":50000,"label":" ","price":6.81},{"type":"B","date":"2018-03-29T06:51:12.000Z","volume":16000,"label":" ","price":6.81},{"type":"U","date":"2018-03-29T06:51:13.000Z","volume":5000,"label":"X","price":6.815},{"type":"B","date":"2018-03-29T06:51:14.000Z","volume":6000,"label":" ","price":6.81},{"type":"B","date":"2018-03-29T06:51:17.000Z","volume":1000,"label":" ","price":6.8},{"type":"B","date":"2018-03-29T06:51:26.000Z","volume":10000,"label":" ","price":6.8},{"type":"A","date":"2018-03-29T06:51:47.000Z","volume":8000,"label":" ","price":6.81},{"type":"B","date":"2018-03-29T06:51:50.000Z","volume":1000,"label":" ","price":6.8},{"type":"B","date":"2018-03-29T06:51:53.000Z","volume":13000,"label":" ","price":6.8},{"type":"A","date":"2018-03-29T06:52:12.000Z","volume":10000,"label":" ","price":6.81},{"type":"B","date":"2018-03-29T06:52:15.000Z","volume":1000,"label":" ","price":6.8},{"type":"B","date":"2018-03-29T06:52:20.000Z","volume":27000,"label":" ","price":6.8},{"type":"A","date":"2018-03-29T06:52:31.000Z","volume":36000,"label":" ","price":6.8},{"type":"A","date":"2018-03-29T06:53:06.000Z","volume":18000,"label":" ","price":6.81},{"type":"A","date":"2018-03-29T06:53:06.000Z","volume":12000,"label":" ","price":6.81},{"type":"B","date":"2018-03-29T06:53:18.000Z","volume":18000,"label":" ","price":6.81},{"type":"B","date":"2018-03-29T06:53:26.000Z","volume":26000,"label":" ","price":6.81},{"type":"B","date":"2018-03-29T06:53:29.000Z","volume":1000,"label":" ","price":6.8},{"type":"U","date":"2018-03-29T06:53:49.000Z","volume":5000,"label":"X","price":6.805},{"type":"B","date":"2018-03-29T06:54:03.000Z","volume":30000,"label":" ","price":6.8},{"type":"B","date":"2018-03-29T06:54:03.000Z","volume":2000,"label":" ","price":6.8},{"type":"B","date":"2018-03-29T06:54:05.000Z","volume":2000,"label":" ","price":6.8},{"type":"B","date":"2018-03-29T06:54:09.000Z","volume":11000,"label":" ","price":6.8},{"type":"B","date":"2018-03-29T06:54:09.000Z","volume":13000,"label":" ","price":6.8},{"type":"B","date":"2018-03-29T06:54:09.000Z","volume":1000,"label":" ","price":6.79},{"type":"B","date":"2018-03-29T06:54:09.000Z","volume":1000,"label":" ","price":6.79},{"type":"B","date":"2018-03-29T06:54:33.000Z","volume":31000,"label":" ","price":6.79},{"type":"B","date":"2018-03-29T06:54:33.000Z","volume":2000,"label":" ","price":6.79},{"type":"A","date":"2018-03-29T06:54:54.000Z","volume":14000,"label":" ","price":6.8},{"type":"A","date":"2018-03-29T06:55:28.000Z","volume":13000,"label":" ","price":6.8},{"type":"B","date":"2018-03-29T06:55:38.000Z","volume":31000,"label":" ","price":6.79},{"type":"A","date":"2018-03-29T06:55:42.000Z","volume":5000,"label":" ","price":6.8},{"type":"A","date":"2018-03-29T06:55:59.000Z","volume":2000,"label":" ","price":6.8},{"type":"A","date":"2018-03-29T06:55:59.000Z","volume":11000,"label":" ","price":6.8},{"type":"A","date":"2018-03-29T06:56:02.000Z","volume":15000,"label":" ","price":6.8},{"type":"A","date":"2018-03-29T06:56:41.000Z","volume":15000,"label":" ","price":6.8},{"type":"B","date":"2018-03-29T06:56:44.000Z","volume":31000,"label":" ","price":6.79},{"type":"A","date":"2018-03-29T06:57:15.000Z","volume":14000,"label":" ","price":6.8},{"type":"B","date":"2018-03-29T06:57:37.000Z","volume":40000,"label":" ","price":6.79},{"type":"B","date":"2018-03-29T06:57:46.000Z","volume":18000,"label":" ","price":6.78},{"type":"A","date":"2018-03-29T06:57:46.000Z","volume":6000,"label":" ","price":6.79},{"type":"B","date":"2018-03-29T06:57:50.000Z","volume":31000,"label":" ","price":6.78},{"type":"A","date":"2018-03-29T06:58:12.000Z","volume":15000,"label":" ","price":6.79},{"type":"A","date":"2018-03-29T06:58:17.000Z","volume":10000,"label":" ","price":6.79},{"type":"A","date":"2018-03-29T06:58:22.000Z","volume":10000,"label":" ","price":6.79},{"type":"B","date":"2018-03-29T06:58:24.000Z","volume":5000,"label":" ","price":6.78},{"type":"B","date":"2018-03-29T06:58:39.000Z","volume":16000,"label":" ","price":6.78},{"type":"A","date":"2018-03-29T06:58:46.000Z","volume":12000,"label":" ","price":6.79},{"type":"B","date":"2018-03-29T06:58:56.000Z","volume":28000,"label":" ","price":6.78},{"type":"B","date":"2018-03-29T06:58:56.000Z","volume":3000,"label":" ","price":6.78},{"type":"A","date":"2018-03-29T06:59:22.000Z","volume":32000,"label":" ","price":6.79},{"type":"A","date":"2018-03-29T06:59:22.000Z","volume":131000,"label":" ","price":6.79},{"type":"A","date":"2018-03-29T06:59:27.000Z","volume":25000,"label":" ","price":6.8},{"type":"A","date":"2018-03-29T06:59:29.000Z","volume":7000,"label":" ","price":6.81},{"type":"B","date":"2018-03-29T06:59:37.000Z","volume":5000,"label":" ","price":6.81},{"type":"B","date":"2018-03-29T06:59:38.000Z","volume":12000,"label":" ","price":6.81},{"type":"U","date":"2018-03-29T06:59:47.000Z","volume":1000,"label":"X","price":6.815},{"type":"B","date":"2018-03-29T06:59:48.000Z","volume":5000,"label":" ","price":6.81},{"type":"B","date":"2018-03-29T07:00:02.000Z","volume":31000,"label":" ","price":6.81},{"type":"B","date":"2018-03-29T07:00:05.000Z","volume":2000,"label":" ","price":6.81},{"type":"A","date":"2018-03-29T07:00:15.000Z","volume":3000,"label":" ","price":6.82},{"type":"A","date":"2018-03-29T07:00:27.000Z","volume":1000,"label":" ","price":6.82},{"type":"B","date":"2018-03-29T07:00:57.000Z","volume":16000,"label":" ","price":6.81},{"type":"A","date":"2018-03-29T07:00:59.000Z","volume":17000,"label":" ","price":6.82},{"type":"B","date":"2018-03-29T07:01:08.000Z","volume":31000,"label":" ","price":6.81},{"type":"B","date":"2018-03-29T07:01:11.000Z","volume":2000,"label":" ","price":6.81},{"type":"A","date":"2018-03-29T07:01:43.000Z","volume":18000,"label":" ","price":6.82},{"type":"B","date":"2018-03-29T07:01:45.000Z","volume":1000,"label":" ","price":6.81},{"type":"B","date":"2018-03-29T07:02:04.000Z","volume":14000,"label":" ","price":6.81},{"type":"B","date":"2018-03-29T07:02:06.000Z","volume":1000,"label":" ","price":6.81},{"type":"B","date":"2018-03-29T07:02:14.000Z","volume":31000,"label":" ","price":6.81},{"type":"B","date":"2018-03-29T07:02:17.000Z","volume":2000,"label":" ","price":6.81},{"type":"B","date":"2018-03-29T07:02:21.000Z","volume":2000,"label":" ","price":6.81},{"type":"A","date":"2018-03-29T07:02:22.000Z","volume":16000,"label":" ","price":6.82},{"type":"A","date":"2018-03-29T07:02:35.000Z","volume":31000,"label":" ","price":6.82},{"type":"A","date":"2018-03-29T07:02:57.000Z","volume":13000,"label":" ","price":6.83},{"type":"B","date":"2018-03-29T07:03:20.000Z","volume":31000,"label":" ","price":6.82},{"type":"B","date":"2018-03-29T07:03:23.000Z","volume":3000,"label":" ","price":6.82},{"type":"B","date":"2018-03-29T07:03:33.000Z","volume":19000,"label":" ","price":6.82},{"type":"B","date":"2018-03-29T07:03:54.000Z","volume":10000,"label":" ","price":6.81}