[{"type":"A","date":"2018-03-20T07:56:29.000Z","volume":300000,"price":0.87,"category":"ubbull"},{"type":"A","date":"2018-03-20T07:55:10.000Z","volume":160000,"price":0.87,"category":"ubbull"},{"type":"A","date":"2018-03-20T07:51:42.000Z","volume":600000,"price":0.87,"category":"ubbull"},{"type":"A","date":"2018-03-20T07:28:58.000Z","volume":100000,"price":0.87,"category":"ubbull"},{"type":"A","date":"2018-03-20T07:25:05.000Z","volume":80000,"price":0.87,"category":"ubbull"},{"type":"A","date":"2018-03-20T07:14:20.000Z","volume":200000,"price":0.87,"category":"ubbull"},{"type":"A","date":"2018-03-20T07:55:53.000Z","volume":60000,"price":0.87,"category":"bbull"},{"type":"A","date":"2018-03-20T07:39:01.000Z","volume":50000,"price":0.87,"category":"bbull"},{"type":"A","date":"2018-03-20T07:34:30.000Z","volume":50000,"price":0.87,"category":"bbull"},{"type":"A","date":"2018-03-20T06:51:32.000Z","volume":50000,"price":0.87,"category":"bbull"},{"type":"A","date":"2018-03-20T06:47:45.000Z","volume":50000,"price":0.87,"category":"bbull"},{"type":"A","date":"2018-03-20T06:45:52.000Z","volume":50000,"price":0.87,"category":"bbull"},{"type":"A","date":"2018-03-20T01:30:39.000Z","volume":50000,"price":0.92,"category":"bbull"},{"type":"A","date":"2018-03-20T06:20:29.000Z","volume":6000,"price":0.87,"category":"rbull"},{"type":"B","date":"2018-03-20T07:59:35.000Z","volume":4000,"price":0.87,"category":"rbear"},{"type":"B","date":"2018-03-20T07:59:21.000Z","volume":2000,"price":0.87,"category":"rbear"},{"type":"B","date":"2018-03-20T07:59:10.000Z","volume":2000,"price":0.87,"category":"rbear"},{"type":"B","date":"2018-03-20T07:59:01.000Z","volume":2000,"price":0.87,"category":"rbear"},{"type":"B","date":"2018-03-20T07:58:44.000Z","volume":2000,"price":0.87,"category":"rbear"},{"type":"B","date":"2018-03-20T07:58:11.000Z","volume":2000,"price":0.87,"category":"rbear"},{"type":"B","date":"2018-03-20T07:56:48.000Z","volume":6000,"price":0.86,"category":"rbear"},{"type":"B","date":"2018-03-20T07:55:39.000Z","volume":2000,"price":0.86,"category":"rbear"},{"type":"B","date":"2018-03-20T07:51:46.000Z","volume":2000,"price":0.86,"category":"rbear"},{"type":"B","date":"2018-03-20T07:51:36.000Z","volume":6000,"price":0.86,"category":"rbear"},{"type":"B","date":"2018-03-20T07:49:02.000Z","volume":2000,"price":0.86,"category":"rbear"},{"type":"B","date":"2018-03-20T07:48:57.000Z","volume":6000,"price":0.86,"category":"rbear"},{"type":"B","date":"2018-03-20T07:45:53.000Z","volume":6000,"price":0.86,"category":"rbear"},{"type":"B","date":"2018-03-20T07:44:02.000Z","volume":2000,"price":0.86,"category":"rbear"},{"type":"B","date":"2018-03-20T07:42:41.000Z","volume":6000,"price":0.86,"category":"rbear"},{"type":"B","date":"2018-03-20T07:40:33.000Z","volume":4000,"price":0.86,"category":"rbear"},{"type":"B","date":"2018-03-20T07:39:00.000Z","volume":2000,"price":0.86,"category":"rbear"},{"type":"B","date":"2018-03-20T07:38:01.000Z","volume":4000,"price":0.86,"category":"rbear"},{"type":"B","date":"2018-03-20T07:35:15.000Z","volume":4000,"price":0.86,"category":"rbear"},{"type":"B","date":"2018-03-20T07:33:06.000Z","volume":4000,"price":0.86,"category":"rbear"},{"type":"B","date":"2018-03-20T07:30:28.000Z","volume":4000,"price":0.86,"category":"rbear"},{"type":"B","date":"2018-03-20T07:29:56.000Z","volume":2000,"price":0.86,"category":"rbear"},{"type":"B","date":"2018-03-20T07:27:24.000Z","volume":4000,"price":0.86,"category":"rbear"},{"type":"B","date":"2018-03-20T07:25:16.000Z","volume":2000,"price":0.86,"category":"rbear"},{"type":"B","date":"2018-03-20T07:24:05.000Z","volume":4000,"price":0.86,"category":"rbear"},{"type":"B","date":"2018-03-20T07:20:52.000Z","volume":4000,"price":0.86,"category":"rbear"},{"type":"B","date":"2018-03-20T07:14:39.000Z","volume":2000,"price":0.86,"category":"rbear"},{"type":"B","date":"2018-03-20T07:10:59.000Z","volume":2000,"price":0.86,"category":"rbear"},{"type":"B","date":"2018-03-20T07:10:08.000Z","volume":4000,"price":0.86,"category":"rbear"},{"type":"B","date":"2018-03-20T07:02:54.000Z","volume":2000,"price":0.86,"category":"rbear"},{"type":"B","date":"2018-03-20T06:58:57.000Z","volume":6000,"price":0.86,"category":"rbear"},{"type":"B","date":"2018-03-20T06:55:31.000Z","volume":2000,"price":0.86,"category":"rbear"},{"type":"B","date":"2018-03-20T06:54:30.000Z","volume":4000,"price":0.86,"category":"rbear"},{"type":"B","date":"2018-03-20T06:51:38.000Z","volume":4000,"price":0.86,"category":"rbear"},{"type":"B","date":"2018-03-20T06:45:58.000Z","volume":8000,"price":0.86,"category":"rbear"},{"type":"B","date":"2018-03-20T06:44:34.000Z","volume":2000,"price":0.86,"category":"rbear"},{"type":"B","date":"2018-03-20T06:37:40.000Z","volume":2000,"price":0.86,"category":"rbear"},{"type":"B","date":"2018-03-20T06:18:04.000Z","volume":8000,"price":0.87,"category":"rbear"},{"type":"B","date":"2018-03-20T06:16:40.000Z","volume":2000,"price":0.87,"category":"rbear"},{"type":"B","date":"2018-03-20T06:16:29.000Z","volume":4000,"price":0.88,"category":"rbear"},{"type":"B","date":"2018-03-20T06:16:29.000Z","volume":2000,"price":0.88,"category":"rbear"},{"type":"B","date":"2018-03-20T06:16:29.000Z","volume":2000,"price":0.88,"category":"rbear"},{"type":"B","date":"2018-03-20T06:16:29.000Z","volume":2000,"price":0.88,"category":"rbear"},{"type":"B","date":"2018-03-20T06:16:29.000Z","volume":2000,"price":0.88,"category":"rbear"},{"type":"B","date":"2018-03-20T06:09:20.000Z","volume":2000,"price":0.88,"category":"rbear"},{"type":"B","date":"2018-03-20T06:01:00.000Z","volume":2000,"price":0.88,"category":"rbear"},{"type":"B","date":"2018-03-20T05:52:40.000Z","volume":2000,"price":0.88,"category":"rbear"},{"type":"B","date":"2018-03-20T05:44:20.000Z","volume":2000,"price":0.88,"category":"rbear"},{"type":"B","date":"2018-03-20T05:36:00.000Z","volume":2000,"price":0.88,"category":"rbear"},{"type":"B","date":"2018-03-20T05:23:00.000Z","volume":2000,"price":0.89,"category":"rbear"},{"type":"B","date":"2018-03-20T05:15:32.000Z","volume":2000,"price":0.89,"category":"rbear"},{"type":"B","date":"2018-03-20T05:13:40.000Z","volume":2000,"price":0.89,"category":"rbear"},{"type":"B","date":"2018-03-20T05:00:03.000Z","volume":2000,"price":0.89,"category":"rbear"},{"type":"B","date":"2018-03-20T03:57:29.000Z","volume":2000,"price":0.89,"category":"rbear"},{"type":"B","date":"2018-03-20T03:56:02.000Z","volume":2000,"price":0.89,"category":"rbear"},{"type":"B","date":"2018-03-20T03:54:49.000Z","volume":2000,"price":0.89,"category":"rbear"},{"type":"B","date":"2018-03-20T03:50:57.000Z","volume":2000,"price":0.89,"category":"rbear"},{"type":"B","date":"2018-03-20T03:50:53.000Z","volume":6000,"price":0.89,"category":"rbear"},{"type":"B","date":"2018-03-20T03:50:32.000Z","volume":2000,"price":0.89,"category":"rbear"},{"type":"B","date":"2018-03-20T03:50:29.000Z","volume":2000,"price":0.89,"category":"rbear"},{"type":"B","date":"2018-03-20T03:38:46.000Z","volume":2000,"price":0.89,"category":"rbear"},{"type":"B","date":"2018-03-20T03:32:59.000Z","volume":6000,"price":0.89,"category":"rbear"},{"type":"B","date":"2018-03-20T03:30:16.000Z","volume":2000,"price":0.89,"category":"rbear"},{"type":"B","date":"2018-03-20T03:05:41.000Z","volume":2000,"price":0.9,"category":"rbear"},{"type":"B","date":"2018-03-20T03:03:49.000Z","volume":2000,"price":0.9,"category":"rbear"},{"type":"B","date":"2018-03-20T03:01:31.000Z","volume":4000,"price":0.9,"category":"rbear"},{"type":"B","date":"2018-03-20T02:46:29.000Z","volume":2000,"price":0.9,"category":"rbear"},{"type":"B","date":"2018-03-20T02:46:20.000Z","volume":2000,"price":0.9,"category":"rbear"},{"type":"B","date":"2018-03-20T02:46:17.000Z","volume":4000,"price":0.9,"category":"rbear"},{"type":"B","date":"2018-03-20T02:44:49.000Z","volume":2000,"price":0.9,"category":"rbear"},{"type":"B","date":"2018-03-20T02:38:33.000Z","volume":2000,"price":0.9,"category":"rbear"},{"type":"B","date":"2018-03-20T02:38:29.000Z","volume":2000,"price":0.9,"category":"rbear"},{"type":"B","date":"2018-03-20T02:33:17.000Z","volume":2000,"price":0.9,"category":"rbear"},{"type":"B","date":"2018-03-20T02:32:29.000Z","volume":2000,"price":0.9,"category":"rbear"},{"type":"B","date":"2018-03-20T02:26:09.000Z","volume":2000,"price":0.9,"category":"rbear"},{"type":"B","date":"2018-03-20T02:20:31.000Z","volume":2000,"price":0.9,"category":"rbear"},{"type":"B","date":"2018-03-20T02:20:29.000Z","volume":2000,"price":0.9,"category":"rbear"},{"type":"B","date":"2018-03-20T02:14:49.000Z","volume":2000,"price":0.9,"category":"rbear"},{"type":"B","date":"2018-03-20T02:09:09.000Z","volume":2000,"price":0.9,"category":"rbear"},{"type":"B","date":"2018-03-20T02:03:29.000Z","volume":2000,"price":0.9,"category":"rbear"},{"type":"B","date":"2018-03-20T01:30:50.000Z","volume":2000,"price":0.88,"category":"rbear"},{"type":"B","date":"2018-03-20T06:18:04.000Z","volume":66000,"price":0.87,"category":"bbear"},{"type":"B","date":"2018-03-20T03:50:53.000Z","volume":32000,"price":0.89,"category":"bbear"},{"type":"B","date":"2018-03-20T03:32:53.000Z","volume":32000,"price":0.89,"category":"bbear"},{"type":"B","date":"2018-03-20T06:27:55.000Z","volume":88000,"price":0.87,"category":"ubbear"},{"type":"B","date":"2018-03-20T06:16:29.000Z","volume":104000,"price":0.87,"category":"ubbear"},{"type":"B","date":"2018-03-20T06:16:29.000Z","volume":90000,"price":0.88,"category":"ubbear"},{"type":"B","date":"2018-03-20T06:16:29.000Z","volume":96000,"price":0.88,"category":"ubbear"},{"type":"B","date":"2018-03-20T02:46:17.000Z","volume":130000,"price":0.9,"category":"ubbear"}]