[{"type":"U","date":"2018-03-29T01:20:00.000Z","volume":150000,"label":"U","price":0.41},{"type":"B","date":"2018-03-29T01:36:00.000Z","volume":100000,"label":" ","price":0.41},{"type":"B","date":"2018-03-29T01:43:37.000Z","volume":40000,"label":" ","price":0.41},{"type":"B","date":"2018-03-29T01:51:01.000Z","volume":70000,"label":" ","price":0.41},{"type":"A","date":"2018-03-29T01:54:56.000Z","volume":10000,"label":" ","price":0.42},{"type":"A","date":"2018-03-29T02:01:34.000Z","volume":20000,"label":" ","price":0.415},{"type":"A","date":"2018-03-29T02:01:34.000Z","volume":10000,"label":" ","price":0.415},{"type":"A","date":"2018-03-29T02:01:59.000Z","volume":10000,"label":" ","price":0.415},{"type":"A","date":"2018-03-29T02:21:26.000Z","volume":10000,"label":" ","price":0.415},{"type":"A","date":"2018-03-29T02:23:47.000Z","volume":80000,"label":" ","price":0.415},{"type":"A","date":"2018-03-29T02:45:49.000Z","volume":30000,"label":" ","price":0.415},{"type":"B","date":"2018-03-29T02:46:47.000Z","volume":270000,"label":" ","price":0.41},{"type":"A","date":"2018-03-29T02:47:18.000Z","volume":10000,"label":" ","price":0.41},{"type":"A","date":"2018-03-29T02:50:03.000Z","volume":40000,"label":" ","price":0.41},{"type":"B","date":"2018-03-29T02:50:09.000Z","volume":350000,"label":" ","price":0.405},{"type":"A","date":"2018-03-29T02:50:16.000Z","volume":130000,"label":" ","price":0.405},{"type":"A","date":"2018-03-29T02:50:27.000Z","volume":70000,"label":" ","price":0.405},{"type":"A","date":"2018-03-29T02:50:29.000Z","volume":110000,"label":" ","price":0.405},{"type":"A","date":"2018-03-29T02:50:29.000Z","volume":10000,"label":" ","price":0.405},{"type":"A","date":"2018-03-29T02:50:29.000Z","volume":10000,"label":" ","price":0.405},{"type":"B","date":"2018-03-29T02:51:50.000Z","volume":60000,"label":" ","price":0.41},{"type":"B","date":"2018-03-29T02:55:15.000Z","volume":20000,"label":" ","price":0.41},{"type":"B","date":"2018-03-29T02:56:44.000Z","volume":20000,"label":" ","price":0.41},{"type":"B","date":"2018-03-29T02:56:46.000Z","volume":530000,"label":" ","price":0.41},{"type":"A","date":"2018-03-29T03:00:12.000Z","volume":10000,"label":" ","price":0.41},{"type":"A","date":"2018-03-29T03:03:04.000Z","volume":20000,"label":" ","price":0.41},{"type":"A","date":"2018-03-29T03:04:12.000Z","volume":10000,"label":" ","price":0.41},{"type":"A","date":"2018-03-29T03:06:12.000Z","volume":10000,"label":" ","price":0.41},{"type":"A","date":"2018-03-29T03:10:12.000Z","volume":10000,"label":" ","price":0.41},{"type":"A","date":"2018-03-29T03:12:12.000Z","volume":10000,"label":" ","price":0.41},{"type":"A","date":"2018-03-29T03:14:26.000Z","volume":50000,"label":" ","price":0.41},{"type":"A","date":"2018-03-29T03:15:28.000Z","volume":10000,"label":" ","price":0.41},{"type":"A","date":"2018-03-29T03:16:12.000Z","volume":10000,"label":" ","price":0.41},{"type":"A","date":"2018-03-29T03:17:58.000Z","volume":10000,"label":" ","price":0.41},{"type":"A","date":"2018-03-29T03:18:12.000Z","volume":10000,"label":" ","price":0.41},{"type":"A","date":"2018-03-29T03:18:25.000Z","volume":30000,"label":" ","price":0.41},{"type":"A","date":"2018-03-29T03:20:58.000Z","volume":10000,"label":" ","price":0.41},{"type":"A","date":"2018-03-29T03:22:12.000Z","volume":10000,"label":" ","price":0.41},{"type":"A","date":"2018-03-29T03:24:12.000Z","volume":10000,"label":" ","price":0.41},{"type":"A","date":"2018-03-29T03:24:28.000Z","volume":10000,"label":" ","price":0.41},{"type":"A","date":"2018-03-29T03:28:12.000Z","volume":10000,"label":" ","price":0.41},{"type":"A","date":"2018-03-29T03:30:12.000Z","volume":10000,"label":" ","price":0.41},{"type":"A","date":"2018-03-29T03:32:58.000Z","volume":50000,"label":" ","price":0.41},{"type":"A","date":"2018-03-29T03:34:12.000Z","volume":10000,"label":" ","price":0.41},{"type":"A","date":"2018-03-29T03:34:22.000Z","volume":20000,"label":" ","price":0.41},{"type":"B","date":"2018-03-29T03:34:47.000Z","volume":20000,"label":" ","price":0.405},{"type":"A","date":"2018-03-29T03:35:59.000Z","volume":10000,"label":" ","price":0.41},{"type":"A","date":"2018-03-29T03:36:12.000Z","volume":10000,"label":" ","price":0.41},{"type":"A","date":"2018-03-29T03:36:29.000Z","volume":10000,"label":" ","price":0.41},{"type":"A","date":"2018-03-29T03:40:12.000Z","volume":10000,"label":" ","price":0.41},{"type":"A","date":"2018-03-29T03:41:13.000Z","volume":100000,"label":" ","price":0.41},{"type":"B","date":"2018-03-29T03:41:25.000Z","volume":20000,"label":" ","price":0.41},{"type":"B","date":"2018-03-29T03:41:26.000Z","volume":10000,"label":" ","price":0.41},{"type":"A","date":"2018-03-29T03:44:29.000Z","volume":10000,"label":" ","price":0.415},{"type":"B","date":"2018-03-29T03:56:37.000Z","volume":30000,"label":" ","price":0.41},{"type":"B","date":"2018-03-29T03:56:37.000Z","volume":10000,"label":" ","price":0.41},{"type":"A","date":"2018-03-29T03:57:48.000Z","volume":10000,"label":" ","price":0.41},{"type":"B","date":"2018-03-29T03:57:56.000Z","volume":40000,"label":" ","price":0.41},{"type":"B","date":"2018-03-29T05:22:10.000Z","volume":40000,"label":" ","price":0.41},{"type":"A","date":"2018-03-29T05:50:26.000Z","volume":10000,"label":" ","price":0.415},{"type":"A","date":"2018-03-29T05:51:14.000Z","volume":10000,"label":" ","price":0.415},{"type":"A","date":"2018-03-29T05:53:03.000Z","volume":10000,"label":" ","price":0.415},{"type":"B","date":"2018-03-29T05:56:04.000Z","volume":570000,"label":" ","price":0.41},{"type":"A","date":"2018-03-29T05:56:04.000Z","volume":10000,"label":" ","price":0.41},{"type":"A","date":"2018-03-29T05:56:04.000Z","volume":20000,"label":" ","price":0.41},{"type":"A","date":"2018-03-29T05:56:25.000Z","volume":10000,"label":" ","price":0.415},{"type":"A","date":"2018-03-29T05:58:30.000Z","volume":60000,"label":" ","price":0.415},{"type":"A","date":"2018-03-29T06:02:37.000Z","volume":260000,"label":" ","price":0.415},{"type":"B","date":"2018-03-29T06:10:35.000Z","volume":40000,"label":" ","price":0.415},{"type":"A","date":"2018-03-29T06:10:55.000Z","volume":10000,"label":" ","price":0.415},{"type":"B","date":"2018-03-29T06:11:23.000Z","volume":20000,"label":" ","price":0.415},{"type":"B","date":"2018-03-29T06:11:24.000Z","volume":30000,"label":" ","price":0.415},{"type":"B","date":"2018-03-29T06:11:25.000Z","volume":40000,"label":" ","price":0.415},{"type":"A","date":"2018-03-29T06:11:25.000Z","volume":40000,"label":" ","price":0.415},{"type":"A","date":"2018-03-29T06:11:25.000Z","volume":20000,"label":" ","price":0.415},{"type":"B","date":"2018-03-29T06:13:29.000Z","volume":20000,"label":" ","price":0.415},{"type":"A","date":"2018-03-29T06:37:47.000Z","volume":920000,"label":" ","price":0.42},{"type":"B","date":"2018-03-29T06:37:56.000Z","volume":20000,"label":" ","price":0.42},{"type":"B","date":"2018-03-29T06:38:14.000Z","volume":10000,"label":" ","price":0.42},{"type":"A","date":"2018-03-29T06:38:26.000Z","volume":10000,"label":" ","price":0.42},{"type":"A","date":"2018-03-29T06:41:52.000Z","volume":200000,"label":" ","price":0.425},{"type":"A","date":"2018-03-29T06:48:59.000Z","volume":90000,"label":" ","price":0.425},{"type":"A","date":"2018-03-29T07:06:57.000Z","volume":10000,"label":" ","price":0.425},{"type":"B","date":"2018-03-29T07:46:43.000Z","volume":200000,"label":" ","price":0.42},{"type":"A","date":"2018-03-29T07:48:40.000Z","volume":10000,"label":" ","price":0.425},{"type":"A","date":"2018-03-29T07:48:42.000Z","volume":40000,"label":" ","price":0.425},{"type":"A","date":"2018-03-29T07:51:01.000Z","volume":10000,"label":" ","price":0.425},{"type":"A","date":"2018-03-29T07:51:19.000Z","volume":20000,"label":" ","price":0.425},{"type":"A","date":"2018-03-29T07:52:57.000Z","volume":10000,"label":" ","price":0.425},{"type":"A","date":"2018-03-29T07:58:01.000Z","volume":50000,"label":" ","price":0.425},{"type":"A","date":"2018-03-29T07:58:48.000Z","volume":20000,"label":" ","price":0.425},{"type":"B","date":"2018-03-29T07:59:12.000Z","volume":10000,"label":" ","price":0.42},{"type":"A","date":"2018-03-29T07:59:29.000Z","volume":10000,"label":" ","price":0.425},{"type":"A","date":"2018-03-29T07:59:33.000Z","volume":10000,"label":" ","price":0.425}]