[{"type":"A","date":"2018-03-21T07:59:42.000Z","volume":96000,"price":1.87,"category":"ubbull"},{"type":"A","date":"2018-03-21T07:59:16.000Z","volume":100000,"price":1.87,"category":"ubbull"},{"type":"A","date":"2018-03-21T07:58:47.000Z","volume":100000,"price":1.86,"category":"ubbull"},{"type":"A","date":"2018-03-21T07:58:06.000Z","volume":100000,"price":1.86,"category":"ubbull"},{"type":"A","date":"2018-03-21T07:57:15.000Z","volume":100000,"price":1.86,"category":"ubbull"},{"type":"A","date":"2018-03-21T07:54:33.000Z","volume":160000,"price":1.87,"category":"ubbull"},{"type":"A","date":"2018-03-21T07:53:58.000Z","volume":168000,"price":1.86,"category":"ubbull"},{"type":"A","date":"2018-03-21T07:53:58.000Z","volume":132000,"price":1.85,"category":"ubbull"},{"type":"A","date":"2018-03-21T07:53:19.000Z","volume":108000,"price":1.84,"category":"ubbull"},{"type":"A","date":"2018-03-21T07:52:56.000Z","volume":208000,"price":1.83,"category":"ubbull"},{"type":"A","date":"2018-03-21T07:15:44.000Z","volume":64000,"price":1.83,"category":"ubbull"},{"type":"A","date":"2018-03-21T07:01:08.000Z","volume":100000,"price":1.86,"category":"ubbull"},{"type":"A","date":"2018-03-21T06:47:48.000Z","volume":80000,"price":1.87,"category":"ubbull"},{"type":"A","date":"2018-03-21T06:47:00.000Z","volume":92000,"price":1.86,"category":"ubbull"},{"type":"A","date":"2018-03-21T05:33:07.000Z","volume":72000,"price":1.89,"category":"ubbull"},{"type":"A","date":"2018-03-21T03:55:41.000Z","volume":152000,"price":1.89,"category":"ubbull"},{"type":"A","date":"2018-03-21T03:55:01.000Z","volume":100000,"price":1.89,"category":"ubbull"},{"type":"A","date":"2018-03-21T03:09:47.000Z","volume":80000,"price":1.88,"category":"ubbull"},{"type":"A","date":"2018-03-21T02:51:55.000Z","volume":108000,"price":1.89,"category":"ubbull"},{"type":"A","date":"2018-03-21T01:58:46.000Z","volume":76000,"price":1.91,"category":"ubbull"},{"type":"A","date":"2018-03-21T01:54:52.000Z","volume":84000,"price":1.9,"category":"ubbull"},{"type":"A","date":"2018-03-21T01:52:33.000Z","volume":76000,"price":1.9,"category":"ubbull"},{"type":"A","date":"2018-03-21T01:41:09.000Z","volume":196000,"price":1.93,"category":"ubbull"},{"type":"A","date":"2018-03-21T01:39:56.000Z","volume":68000,"price":1.93,"category":"ubbull"},{"type":"A","date":"2018-03-21T01:39:40.000Z","volume":100000,"price":1.93,"category":"ubbull"},{"type":"A","date":"2018-03-21T01:38:07.000Z","volume":100000,"price":1.95,"category":"ubbull"},{"type":"A","date":"2018-03-21T01:38:02.000Z","volume":172000,"price":1.95,"category":"ubbull"},{"type":"A","date":"2018-03-21T01:37:41.000Z","volume":112000,"price":1.94,"category":"ubbull"},{"type":"A","date":"2018-03-21T01:37:41.000Z","volume":152000,"price":1.94,"category":"ubbull"},{"type":"A","date":"2018-03-21T01:35:28.000Z","volume":100000,"price":1.94,"category":"ubbull"},{"type":"A","date":"2018-03-21T01:35:01.000Z","volume":136000,"price":1.94,"category":"ubbull"},{"type":"A","date":"2018-03-21T01:35:01.000Z","volume":64000,"price":1.93,"category":"ubbull"},{"type":"A","date":"2018-03-21T01:34:31.000Z","volume":500000,"price":1.94,"category":"ubbull"},{"type":"A","date":"2018-03-21T01:34:12.000Z","volume":580000,"price":1.94,"category":"ubbull"},{"type":"A","date":"2018-03-21T01:34:12.000Z","volume":200000,"price":1.93,"category":"ubbull"},{"type":"A","date":"2018-03-21T01:34:12.000Z","volume":120000,"price":1.92,"category":"ubbull"},{"type":"A","date":"2018-03-21T01:32:35.000Z","volume":124000,"price":1.93,"category":"ubbull"},{"type":"A","date":"2018-03-21T01:32:35.000Z","volume":112000,"price":1.92,"category":"ubbull"},{"type":"A","date":"2018-03-21T01:32:35.000Z","volume":264000,"price":1.91,"category":"ubbull"},{"type":"A","date":"2018-03-21T01:31:48.000Z","volume":288000,"price":1.93,"category":"ubbull"},{"type":"A","date":"2018-03-21T01:31:48.000Z","volume":212000,"price":1.92,"category":"ubbull"},{"type":"A","date":"2018-03-21T01:31:32.000Z","volume":80000,"price":1.92,"category":"ubbull"},{"type":"A","date":"2018-03-21T01:31:32.000Z","volume":176000,"price":1.91,"category":"ubbull"},{"type":"A","date":"2018-03-21T01:31:32.000Z","volume":204000,"price":1.9,"category":"ubbull"},{"type":"A","date":"2018-03-21T01:31:07.000Z","volume":112000,"price":1.9,"category":"ubbull"},{"type":"A","date":"2018-03-21T01:31:07.000Z","volume":68000,"price":1.89,"category":"ubbull"},{"type":"A","date":"2018-03-21T01:31:07.000Z","volume":120000,"price":1.88,"category":"ubbull"},{"type":"A","date":"2018-03-21T01:30:00.000Z","volume":80000,"price":1.87,"category":"ubbull"},{"type":"A","date":"2018-03-21T07:59:42.000Z","volume":40000,"price":1.86,"category":"bbull"},{"type":"A","date":"2018-03-21T07:59:34.000Z","volume":60000,"price":1.86,"category":"bbull"},{"type":"A","date":"2018-03-21T07:54:12.000Z","volume":40000,"price":1.86,"category":"bbull"},{"type":"A","date":"2018-03-21T07:46:45.000Z","volume":32000,"price":1.84,"category":"bbull"},{"type":"A","date":"2018-03-21T07:36:10.000Z","volume":24000,"price":1.84,"category":"bbull"},{"type":"A","date":"2018-03-21T07:15:44.000Z","volume":36000,"price":1.83,"category":"bbull"},{"type":"A","date":"2018-03-21T07:05:36.000Z","volume":36000,"price":1.83,"category":"bbull"},{"type":"A","date":"2018-03-21T07:05:21.000Z","volume":60000,"price":1.83,"category":"bbull"},{"type":"A","date":"2018-03-21T05:06:44.000Z","volume":40000,"price":1.89,"category":"bbull"},{"type":"A","date":"2018-03-21T03:57:57.000Z","volume":40000,"price":1.9,"category":"bbull"},{"type":"A","date":"2018-03-21T03:34:17.000Z","volume":40000,"price":1.89,"category":"bbull"},{"type":"A","date":"2018-03-21T03:20:00.000Z","volume":28000,"price":1.88,"category":"bbull"},{"type":"A","date":"2018-03-21T03:10:03.000Z","volume":40000,"price":1.89,"category":"bbull"},{"type":"A","date":"2018-03-21T02:58:23.000Z","volume":60000,"price":1.89,"category":"bbull"},{"type":"A","date":"2018-03-21T02:56:24.000Z","volume":24000,"price":1.89,"category":"bbull"},{"type":"A","date":"2018-03-21T02:52:59.000Z","volume":28000,"price":1.89,"category":"bbull"},{"type":"A","date":"2018-03-21T02:13:42.000Z","volume":24000,"price":1.9,"category":"bbull"},{"type":"A","date":"2018-03-21T01:51:28.000Z","volume":32000,"price":1.9,"category":"bbull"},{"type":"A","date":"2018-03-21T01:49:56.000Z","volume":40000,"price":1.9,"category":"bbull"},{"type":"A","date":"2018-03-21T01:45:06.000Z","volume":40000,"price":1.92,"category":"bbull"},{"type":"A","date":"2018-03-21T01:40:46.000Z","volume":48000,"price":1.93,"category":"bbull"},{"type":"A","date":"2018-03-21T01:39:37.000Z","volume":48000,"price":1.93,"category":"bbull"},{"type":"A","date":"2018-03-21T01:39:18.000Z","volume":24000,"price":1.93,"category":"bbull"},{"type":"A","date":"2018-03-21T01:36:58.000Z","volume":60000,"price":1.94,"category":"bbull"},{"type":"A","date":"2018-03-21T01:36:03.000Z","volume":32000,"price":1.94,"category":"bbull"},{"type":"A","date":"2018-03-21T01:34:12.000Z","volume":60000,"price":1.94,"category":"bbull"},{"type":"A","date":"2018-03-21T01:34:12.000Z","volume":40000,"price":1.93,"category":"bbull"},{"type":"A","date":"2018-03-21T01:31:32.000Z","volume":40000,"price":1.91,"category":"bbull"},{"type":"A","date":"2018-03-21T07:59:15.000Z","volume":4000,"price":1.86,"category":"rbull"},{"type":"A","date":"2018-03-21T07:59:07.000Z","volume":4000,"price":1.86,"category":"rbull"},{"type":"A","date":"2018-03-21T06:21:41.000Z","volume":4000,"price":1.89,"category":"rbull"},{"type":"A","date":"2018-03-21T06:21:22.000Z","volume":4000,"price":1.89,"category":"rbull"},{"type":"A","date":"2018-03-21T06:16:22.000Z","volume":4000,"price":1.89,"category":"rbull"},{"type":"A","date":"2018-03-21T06:10:06.000Z","volume":4000,"price":1.89,"category":"rbull"},{"type":"A","date":"2018-03-21T05:58:45.000Z","volume":4000,"price":1.89,"category":"rbull"},{"type":"A","date":"2018-03-21T05:56:41.000Z","volume":4000,"price":1.89,"category":"rbull"},{"type":"A","date":"2018-03-21T05:52:57.000Z","volume":4000,"price":1.89,"category":"rbull"},{"type":"A","date":"2018-03-21T05:49:33.000Z","volume":4000,"price":1.89,"category":"rbull"},{"type":"A","date":"2018-03-21T05:47:53.000Z","volume":4000,"price":1.89,"category":"rbull"},{"type":"A","date":"2018-03-21T05:38:37.000Z","volume":4000,"price":1.89,"category":"rbull"},{"type":"A","date":"2018-03-21T05:33:21.000Z","volume":4000,"price":1.89,"category":"rbull"},{"type":"A","date":"2018-03-21T05:31:17.000Z","volume":4000,"price":1.89,"category":"rbull"},{"type":"A","date":"2018-03-21T05:29:55.000Z","volume":4000,"price":1.89,"category":"rbull"},{"type":"A","date":"2018-03-21T05:28:19.000Z","volume":4000,"price":1.89,"category":"rbull"},{"type":"A","date":"2018-03-21T05:25:51.000Z","volume":4000,"price":1.89,"category":"rbull"},{"type":"A","date":"2018-03-21T05:20:52.000Z","volume":4000,"price":1.89,"category":"rbull"},{"type":"A","date":"2018-03-21T03:59:49.000Z","volume":4000,"price":1.9,"category":"rbull"},{"type":"A","date":"2018-03-21T03:57:08.000Z","volume":4000,"price":1.9,"category":"rbull"},{"type":"A","date":"2018-03-21T03:48:49.000Z","volume":4000,"price":1.89,"category":"rbull"},{"type":"A","date":"2018-03-21T03:29:31.000Z","volume":4000,"price":1.89,"category":"rbull"},{"type":"A","date":"2018-03-21T03:29:09.000Z","volume":4000,"price":1.89,"category":"rbull"},{"type":"A","date":"2018-03-21T03:20:01.000Z","volume":4000,"price":1.88,"category":"rbull"},{"type":"A","date":"2018-03-21T03:17:35.000Z","volume":4000,"price":1.89,"category":"rbull"},{"type":"A","date":"2018-03-21T03:09:07.000Z","volume":4000,"price":1.89,"category":"rbull"},{"type":"A","date":"2018-03-21T03:05:02.000Z","volume":4000,"price":1.89,"category":"rbull"},{"type":"A","date":"2018-03-21T03:04:31.000Z","volume":4000,"price":1.89,"category":"rbull"},{"type":"A","date":"2018-03-21T02:09:30.000Z","volume":4000,"price":1.9,"category":"rbull"},{"type":"A","date":"2018-03-21T01:56:04.000Z","volume":4000,"price":1.9,"category":"rbull"},{"type":"A","date":"2018-03-21T01:54:57.000Z","volume":4000,"price":1.91,"category":"rbull"},{"type":"A","date":"2018-03-21T01:35:18.000Z","volume":4000,"price":1.94,"category":"rbull"},{"type":"B","date":"2018-03-21T07:59:22.000Z","volume":4000,"price":1.85,"category":"rbear"},{"type":"B","date":"2018-03-21T07:58:50.000Z","volume":4000,"price":1.85,"category":"rbear"},{"type":"B","date":"2018-03-21T07:57:00.000Z","volume":4000,"price":1.85,"category":"rbear"},{"type":"B","date":"2018-03-21T07:52:12.000Z","volume":4000,"price":1.83,"category":"rbear"},{"type":"B","date":"2018-03-21T07:51:07.000Z","volume":4000,"price":1.83,"category":"rbear"},{"type":"B","date":"2018-03-21T07:49:19.000Z","volume":4000,"price":1.83,"category":"rbear"},{"type":"B","date":"2018-03-21T07:49:11.000Z","volume":4000,"price":1.83,"category":"rbear"},{"type":"B","date":"2018-03-21T07:48:22.000Z","volume":4000,"price":1.83,"category":"rbear"},{"type":"B","date":"2018-03-21T07:48:21.000Z","volume":4000,"price":1.83,"category":"rbear"},{"type":"B","date":"2018-03-21T07:48:05.000Z","volume":4000,"price":1.83,"category":"rbear"},{"type":"B","date":"2018-03-21T07:48:02.000Z","volume":4000,"price":1.83,"category":"rbear"},{"type":"B","date":"2018-03-21T07:47:41.000Z","volume":4000,"price":1.83,"category":"rbear"},{"type":"B","date":"2018-03-21T07:47:23.000Z","volume":4000,"price":1.83,"category":"rbear"},{"type":"B","date":"2018-03-21T07:47:16.000Z","volume":4000,"price":1.83,"category":"rbear"},{"type":"B","date":"2018-03-21T07:46:25.000Z","volume":4000,"price":1.83,"category":"rbear"},{"type":"B","date":"2018-03-21T07:45:28.000Z","volume":4000,"price":1.83,"category":"rbear"},{"type":"B","date":"2018-03-21T07:44:30.000Z","volume":4000,"price":1.83,"category":"rbear"},{"type":"B","date":"2018-03-21T07:44:14.000Z","volume":4000,"price":1.83,"category":"rbear"},{"type":"B","date":"2018-03-21T07:43:32.000Z","volume":4000,"price":1.83,"category":"rbear"},{"type":"B","date":"2018-03-21T07:42:35.000Z","volume":4000,"price":1.83,"category":"rbear"},{"type":"B","date":"2018-03-21T07:42:11.000Z","volume":4000,"price":1.83,"category":"rbear"},{"type":"B","date":"2018-03-21T07:41:37.000Z","volume":4000,"price":1.83,"category":"rbear"},{"type":"B","date":"2018-03-21T07:40:39.000Z","volume":4000,"price":1.83,"category":"rbear"},{"type":"B","date":"2018-03-21T07:39:41.000Z","volume":4000,"price":1.83,"category":"rbear"},{"type":"B","date":"2018-03-21T07:38:44.000Z","volume":4000,"price":1.83,"category":"rbear"},{"type":"B","date":"2018-03-21T07:37:46.000Z","volume":4000,"price":1.83,"category":"rbear"},{"type":"B","date":"2018-03-21T07:36:48.000Z","volume":4000,"price":1.83,"category":"rbear"},{"type":"B","date":"2018-03-21T07:36:38.000Z","volume":4000,"price":1.83,"category":"rbear"},{"type":"B","date":"2018-03-21T07:35:51.000Z","volume":4000,"price":1.83,"category":"rbear"},{"type":"B","date":"2018-03-21T07:35:35.000Z","volume":4000,"price":1.83,"category":"rbear"},{"type":"B","date":"2018-03-21T07:34:53.000Z","volume":4000,"price":1.83,"category":"rbear"},{"type":"B","date":"2018-03-21T07:32:57.000Z","volume":4000,"price":1.83,"category":"rbear"},{"type":"B","date":"2018-03-21T07:29:23.000Z","volume":4000,"price":1.83,"category":"rbear"},{"type":"B","date":"2018-03-21T07:17:32.000Z","volume":4000,"price":1.83,"category":"rbear"},{"type":"B","date":"2018-03-21T07:17:32.000Z","volume":4000,"price":1.83,"category":"rbear"},{"type":"B","date":"2018-03-21T07:17:05.000Z","volume":4000,"price":1.83,"category":"rbear"},{"type":"B","date":"2018-03-21T07:13:36.000Z","volume":4000,"price":1.82,"category":"rbear"},{"type":"B","date":"2018-03-21T07:10:28.000Z","volume":4000,"price":1.83,"category":"rbear"},{"type":"B","date":"2018-03-21T07:00:15.000Z","volume":4000,"price":1.85,"category":"rbear"},{"type":"B","date":"2018-03-21T06:58:20.000Z","volume":4000,"price":1.86,"category":"rbear"},{"type":"B","date":"2018-03-21T06:57:19.000Z","volume":4000,"price":1.86,"category":"rbear"},{"type":"B","date":"2018-03-21T06:50:55.000Z","volume":4000,"price":1.86,"category":"rbear"},{"type":"B","date":"2018-03-21T06:46:36.000Z","volume":4000,"price":1.86,"category":"rbear"},{"type":"B","date":"2018-03-21T06:46:19.000Z","volume":4000,"price":1.86,"category":"rbear"},{"type":"B","date":"2018-03-21T06:45:49.000Z","volume":4000,"price":1.86,"category":"rbear"},{"type":"B","date":"2018-03-21T06:45:44.000Z","volume":4000,"price":1.86,"category":"rbear"},{"type":"B","date":"2018-03-21T06:42:56.000Z","volume":4000,"price":1.86,"category":"rbear"},{"type":"B","date":"2018-03-21T06:42:01.000Z","volume":4000,"price":1.86,"category":"rbear"},{"type":"B","date":"2018-03-21T06:41:01.000Z","volume":4000,"price":1.86,"category":"rbear"},{"type":"B","date":"2018-03-21T06:40:12.000Z","volume":4000,"price":1.86,"category":"rbear"},{"type":"B","date":"2018-03-21T06:40:03.000Z","volume":4000,"price":1.86,"category":"rbear"},{"type":"B","date":"2018-03-21T06:39:05.000Z","volume":4000,"price":1.86,"category":"rbear"},{"type":"B","date":"2018-03-21T06:38:48.000Z","volume":4000,"price":1.86,"category":"rbear"},{"type":"B","date":"2018-03-21T06:37:10.000Z","volume":4000,"price":1.86,"category":"rbear"},{"type":"B","date":"2018-03-21T06:36:12.000Z","volume":4000,"price":1.86,"category":"rbear"},{"type":"B","date":"2018-03-21T06:35:15.000Z","volume":4000,"price":1.86,"category":"rbear"},{"type":"B","date":"2018-03-21T06:33:41.000Z","volume":4000,"price":1.86,"category":"rbear"},{"type":"B","date":"2018-03-21T06:33:19.000Z","volume":4000,"price":1.87,"category":"rbear"},{"type":"B","date":"2018-03-21T06:32:21.000Z","volume":4000,"price":1.87,"category":"rbear"},{"type":"B","date":"2018-03-21T06:31:19.000Z","volume":4000,"price":1.87,"category":"rbear"},{"type":"B","date":"2018-03-21T06:30:26.000Z","volume":4000,"price":1.87,"category":"rbear"},{"type":"B","date":"2018-03-21T06:29:28.000Z","volume":4000,"price":1.87,"category":"rbear"},{"type":"B","date":"2018-03-21T06:28:30.000Z","volume":4000,"price":1.87,"category":"rbear"},{"type":"B","date":"2018-03-21T06:27:07.000Z","volume":4000,"price":1.87,"category":"rbear"},{"type":"B","date":"2018-03-21T06:26:35.000Z","volume":4000,"price":1.87,"category":"rbear"},{"type":"B","date":"2018-03-21T06:16:47.000Z","volume":4000,"price":1.88,"category":"rbear"},{"type":"B","date":"2018-03-21T06:16:21.000Z","volume":4000,"price":1.88,"category":"rbear"},{"type":"B","date":"2018-03-21T06:15:02.000Z","volume":4000,"price":1.88,"category":"rbear"},{"type":"B","date":"2018-03-21T06:14:44.000Z","volume":4000,"price":1.88,"category":"rbear"},{"type":"B","date":"2018-03-21T06:13:07.000Z","volume":4000,"price":1.88,"category":"rbear"},{"type":"B","date":"2018-03-21T06:11:47.000Z","volume":4000,"price":1.88,"category":"rbear"},{"type":"B","date":"2018-03-21T06:08:18.000Z","volume":4000,"price":1.88,"category":"rbear"},{"type":"B","date":"2018-03-21T06:07:21.000Z","volume":4000,"price":1.88,"category":"rbear"},{"type":"B","date":"2018-03-21T06:07:11.000Z","volume":4000,"price":1.88,"category":"rbear"},{"type":"B","date":"2018-03-21T06:05:25.000Z","volume":4000,"price":1.88,"category":"rbear"},{"type":"B","date":"2018-03-21T06:04:28.000Z","volume":4000,"price":1.88,"category":"rbear"},{"type":"B","date":"2018-03-21T06:03:30.000Z","volume":4000,"price":1.88,"category":"rbear"},{"type":"B","date":"2018-03-21T06:01:34.000Z","volume":4000,"price":1.88,"category":"rbear"},{"type":"B","date":"2018-03-21T05:58:44.000Z","volume":4000,"price":1.88,"category":"rbear"},{"type":"B","date":"2018-03-21T05:58:41.000Z","volume":4000,"price":1.88,"category":"rbear"},{"type":"B","date":"2018-03-21T05:55:48.000Z","volume":4000,"price":1.88,"category":"rbear"},{"type":"B","date":"2018-03-21T05:54:50.000Z","volume":4000,"price":1.88,"category":"rbear"},{"type":"B","date":"2018-03-21T05:52:55.000Z","volume":4000,"price":1.88,"category":"rbear"},{"type":"B","date":"2018-03-21T05:51:57.000Z","volume":4000,"price":1.88,"category":"rbear"},{"type":"B","date":"2018-03-21T05:50:02.000Z","volume":4000,"price":1.88,"category":"rbear"},{"type":"B","date":"2018-03-21T05:47:52.000Z","volume":4000,"price":1.88,"category":"rbear"},{"type":"B","date":"2018-03-21T05:46:11.000Z","volume":4000,"price":1.88,"category":"rbear"},{"type":"B","date":"2018-03-21T05:45:13.000Z","volume":4000,"price":1.88,"category":"rbear"},{"type":"B","date":"2018-03-21T05:43:46.000Z","volume":4000,"price":1.88,"category":"rbear"},{"type":"B","date":"2018-03-21T05:43:18.000Z","volume":4000,"price":1.88,"category":"rbear"},{"type":"B","date":"2018-03-21T05:41:22.000Z","volume":4000,"price":1.88,"category":"rbear"},{"type":"B","date":"2018-03-21T05:39:27.000Z","volume":4000,"price":1.88,"category":"rbear"},{"type":"B","date":"2018-03-21T05:38:29.000Z","volume":4000,"price":1.88,"category":"rbear"},{"type":"B","date":"2018-03-21T05:37:31.000Z","volume":4000,"price":1.88,"category":"rbear"},{"type":"B","date":"2018-03-21T05:35:36.000Z","volume":4000,"price":1.88,"category":"rbear"},{"type":"B","date":"2018-03-21T05:33:41.000Z","volume":4000,"price":1.88,"category":"rbear"},{"type":"B","date":"2018-03-21T05:31:45.000Z","volume":4000,"price":1.88,"category":"rbear"},{"type":"B","date":"2018-03-21T05:28:52.000Z","volume":4000,"price":1.88,"category":"rbear"},{"type":"B","date":"2018-03-21T05:25:01.000Z","volume":4000,"price":1.88,"category":"rbear"},{"type":"B","date":"2018-03-21T05:23:06.000Z","volume":4000,"price":1.88,"category":"rbear"},{"type":"B","date":"2018-03-21T05:22:08.000Z","volume":4000,"price":1.88,"category":"rbear"},{"type":"B","date":"2018-03-21T05:21:10.000Z","volume":4000,"price":1.88,"category":"rbear"},{"type":"B","date":"2018-03-21T05:20:13.000Z","volume":4000,"price":1.88,"category":"rbear"},{"type":"B","date":"2018-03-21T05:19:15.000Z","volume":4000,"price":1.88,"category":"rbear"},{"type":"B","date":"2018-03-21T05:17:19.000Z","volume":4000,"price":1.88,"category":"rbear"},{"type":"B","date":"2018-03-21T05:16:22.000Z","volume":4000,"price":1.88,"category":"rbear"},{"type":"B","date":"2018-03-21T05:15:24.000Z","volume":4000,"price":1.88,"category":"rbear"},{"type":"B","date":"2018-03-21T05:14:26.000Z","volume":4000,"price":1.88,"category":"rbear"},{"type":"B","date":"2018-03-21T05:13:29.000Z","volume":4000,"price":1.88,"category":"rbear"},{"type":"B","date":"2018-03-21T05:12:31.000Z","volume":4000,"price":1.88,"category":"rbear"},{"type":"B","date":"2018-03-21T03:57:06.000Z","volume":4000,"price":1.89,"category":"rbear"},{"type":"B","date":"2018-03-21T03:55:42.000Z","volume":4000,"price":1.89,"category":"rbear"},{"type":"B","date":"2018-03-21T03:53:19.000Z","volume":4000,"price":1.87,"category":"rbear"},{"type":"B","date":"2018-03-21T03:51:24.000Z","volume":4000,"price":1.87,"category":"rbear"},{"type":"B","date":"2018-03-21T03:49:28.000Z","volume":4000,"price":1.87,"category":"rbear"},{"type":"B","date":"2018-03-21T03:48:31.000Z","volume":4000,"price":1.87,"category":"rbear"},{"type":"B","date":"2018-03-21T03:46:35.000Z","volume":4000,"price":1.87,"category":"rbear"},{"type":"B","date":"2018-03-21T03:46:11.000Z","volume":4000,"price":1.87,"category":"rbear"},{"type":"B","date":"2018-03-21T03:46:03.000Z","volume":4000,"price":1.87,"category":"rbear"},{"type":"B","date":"2018-03-21T03:45:38.000Z","volume":4000,"price":1.87,"category":"rbear"},{"type":"B","date":"2018-03-21T03:44:40.000Z","volume":4000,"price":1.87,"category":"rbear"},{"type":"B","date":"2018-03-21T03:43:42.000Z","volume":4000,"price":1.87,"category":"rbear"},{"type":"B","date":"2018-03-21T03:41:47.000Z","volume":4000,"price":1.87,"category":"rbear"},{"type":"B","date":"2018-03-21T03:40:49.000Z","volume":4000,"price":1.87,"category":"rbear"},{"type":"B","date":"2018-03-21T03:39:51.000Z","volume":4000,"price":1.87,"category":"rbear"},{"type":"B","date":"2018-03-21T03:37:56.000Z","volume":4000,"price":1.87,"category":"rbear"},{"type":"B","date":"2018-03-21T03:35:03.000Z","volume":4000,"price":1.88,"category":"rbear"},{"type":"B","date":"2018-03-21T03:33:07.000Z","volume":4000,"price":1.88,"category":"rbear"},{"type":"B","date":"2018-03-21T03:32:10.000Z","volume":4000,"price":1.88,"category":"rbear"},{"type":"B","date":"2018-03-21T03:31:12.000Z","volume":4000,"price":1.88,"category":"rbear"},{"type":"B","date":"2018-03-21T03:30:14.000Z","volume":4000,"price":1.88,"category":"rbear"},{"type":"B","date":"2018-03-21T03:29:16.000Z","volume":4000,"price":1.88,"category":"rbear"},{"type":"B","date":"2018-03-21T03:28:19.000Z","volume":4000,"price":1.87,"category":"rbear"},{"type":"B","date":"2018-03-21T03:19:39.000Z","volume":4000,"price":1.88,"category":"rbear"},{"type":"B","date":"2018-03-21T03:18:42.000Z","volume":4000,"price":1.88,"category":"rbear"},{"type":"B","date":"2018-03-21T03:13:10.000Z","volume":4000,"price":1.88,"category":"rbear"},{"type":"B","date":"2018-03-21T03:09:05.000Z","volume":4000,"price":1.88,"category":"rbear"},{"type":"B","date":"2018-03-21T03:09:04.000Z","volume":4000,"price":1.88,"category":"rbear"},{"type":"B","date":"2018-03-21T03:08:07.000Z","volume":4000,"price":1.88,"category":"rbear"},{"type":"B","date":"2018-03-21T03:07:09.000Z","volume":4000,"price":1.88,"category":"rbear"},{"type":"B","date":"2018-03-21T03:06:11.000Z","volume":4000,"price":1.88,"category":"rbear"},{"type":"B","date":"2018-03-21T03:05:13.000Z","volume":4000,"price":1.88,"category":"rbear"},{"type":"B","date":"2018-03-21T03:04:16.000Z","volume":4000,"price":1.88,"category":"rbear"},{"type":"B","date":"2018-03-21T03:00:25.000Z","volume":4000,"price":1.88,"category":"rbear"},{"type":"B","date":"2018-03-21T02:58:29.000Z","volume":4000,"price":1.88,"category":"rbear"},{"type":"B","date":"2018-03-21T02:52:09.000Z","volume":4000,"price":1.89,"category":"rbear"},{"type":"B","date":"2018-03-21T02:52:01.000Z","volume":4000,"price":1.89,"category":"rbear"},{"type":"B","date":"2018-03-21T02:51:45.000Z","volume":4000,"price":1.88,"category":"rbear"},{"type":"B","date":"2018-03-21T02:50:48.000Z","volume":4000,"price":1.89,"category":"rbear"},{"type":"B","date":"2018-03-21T02:50:20.000Z","volume":4000,"price":1.89,"category":"rbear"},{"type":"B","date":"2018-03-21T02:49:50.000Z","volume":4000,"price":1.89,"category":"rbear"},{"type":"B","date":"2018-03-21T02:48:52.000Z","volume":4000,"price":1.89,"category":"rbear"},{"type":"B","date":"2018-03-21T02:47:55.000Z","volume":4000,"price":1.89,"category":"rbear"},{"type":"B","date":"2018-03-21T02:46:57.000Z","volume":4000,"price":1.89,"category":"rbear"},{"type":"B","date":"2018-03-21T02:45:01.000Z","volume":4000,"price":1.89,"category":"rbear"},{"type":"B","date":"2018-03-21T02:44:04.000Z","volume":4000,"price":1.89,"category":"rbear"},{"type":"B","date":"2018-03-21T02:42:08.000Z","volume":4000,"price":1.89,"category":"rbear"},{"type":"B","date":"2018-03-21T02:41:11.000Z","volume":4000,"price":1.89,"category":"rbear"},{"type":"B","date":"2018-03-21T02:39:15.000Z","volume":4000,"price":1.89,"category":"rbear"},{"type":"B","date":"2018-03-21T02:37:20.000Z","volume":4000,"price":1.89,"category":"rbear"},{"type":"B","date":"2018-03-21T02:36:22.000Z","volume":4000,"price":1.89,"category":"rbear"},{"type":"B","date":"2018-03-21T02:35:24.000Z","volume":4000,"price":1.89,"category":"rbear"},{"type":"B","date":"2018-03-21T02:34:27.000Z","volume":4000,"price":1.89,"category":"rbear"},{"type":"B","date":"2018-03-21T02:33:29.000Z","volume":4000,"price":1.89,"category":"rbear"},{"type":"B","date":"2018-03-21T02:33:26.000Z","volume":4000,"price":1.89,"category":"rbear"},{"type":"B","date":"2018-03-21T02:32:31.000Z","volume":4000,"price":1.89,"category":"rbear"},{"type":"B","date":"2018-03-21T02:31:33.000Z","volume":4000,"price":1.89,"category":"rbear"},{"type":"B","date":"2018-03-21T02:29:38.000Z","volume":4000,"price":1.89,"category":"rbear"},{"type":"B","date":"2018-03-21T02:28:40.000Z","volume":4000,"price":1.89,"category":"rbear"},{"type":"B","date":"2018-03-21T02:27:43.000Z","volume":4000,"price":1.89,"category":"rbear"},{"type":"B","date":"2018-03-21T02:24:49.000Z","volume":4000,"price":1.89,"category":"rbear"},{"type":"B","date":"2018-03-21T02:23:52.000Z","volume":4000,"price":1.89,"category":"rbear"},{"type":"B","date":"2018-03-21T02:21:56.000Z","volume":4000,"price":1.89,"category":"rbear"},{"type":"B","date":"2018-03-21T02:19:03.000Z","volume":4000,"price":1.89,"category":"rbear"},{"type":"B","date":"2018-03-21T02:18:05.000Z","volume":4000,"price":1.9,"category":"rbear"},{"type":"B","date":"2018-03-21T02:17:08.000Z","volume":4000,"price":1.89,"category":"rbear"},{"type":"B","date":"2018-03-21T02:13:43.000Z","volume":4000,"price":1.9,"category":"rbear"},{"type":"B","date":"2018-03-21T02:12:55.000Z","volume":4000,"price":1.89,"category":"rbear"},{"type":"B","date":"2018-03-21T02:12:26.000Z","volume":4000,"price":1.89,"category":"rbear"},{"type":"B","date":"2018-03-21T02:09:26.000Z","volume":4000,"price":1.89,"category":"rbear"},{"type":"B","date":"2018-03-21T02:08:28.000Z","volume":4000,"price":1.89,"category":"rbear"},{"type":"B","date":"2018-03-21T02:07:31.000Z","volume":4000,"price":1.89,"category":"rbear"},{"type":"B","date":"2018-03-21T02:05:35.000Z","volume":4000,"price":1.89,"category":"rbear"},{"type":"B","date":"2018-03-21T02:03:51.000Z","volume":4000,"price":1.9,"category":"rbear"},{"type":"B","date":"2018-03-21T02:02:42.000Z","volume":4000,"price":1.9,"category":"rbear"},{"type":"B","date":"2018-03-21T02:01:44.000Z","volume":4000,"price":1.9,"category":"rbear"},{"type":"B","date":"2018-03-21T01:59:49.000Z","volume":4000,"price":1.9,"category":"rbear"},{"type":"B","date":"2018-03-21T01:54:03.000Z","volume":4000,"price":1.9,"category":"rbear"},{"type":"B","date":"2018-03-21T01:52:07.000Z","volume":4000,"price":1.89,"category":"rbear"},{"type":"B","date":"2018-03-21T01:49:27.000Z","volume":4000,"price":1.9,"category":"rbear"},{"type":"B","date":"2018-03-21T01:46:37.000Z","volume":4000,"price":1.91,"category":"rbear"},{"type":"B","date":"2018-03-21T01:46:21.000Z","volume":4000,"price":1.91,"category":"rbear"},{"type":"B","date":"2018-03-21T01:44:25.000Z","volume":4000,"price":1.92,"category":"rbear"},{"type":"B","date":"2018-03-21T01:43:28.000Z","volume":4000,"price":1.92,"category":"rbear"},{"type":"B","date":"2018-03-21T01:42:30.000Z","volume":4000,"price":1.93,"category":"rbear"},{"type":"B","date":"2018-03-21T01:41:57.000Z","volume":4000,"price":1.93,"category":"rbear"},{"type":"B","date":"2018-03-21T01:39:57.000Z","volume":4000,"price":1.93,"category":"rbear"},{"type":"B","date":"2018-03-21T01:38:43.000Z","volume":4000,"price":1.93,"category":"rbear"},{"type":"B","date":"2018-03-21T01:38:21.000Z","volume":4000,"price":1.94,"category":"rbear"},{"type":"B","date":"2018-03-21T01:37:58.000Z","volume":4000,"price":1.94,"category":"rbear"},{"type":"B","date":"2018-03-21T01:34:20.000Z","volume":4000,"price":1.9,"category":"rbear"},{"type":"B","date":"2018-03-21T01:33:51.000Z","volume":4000,"price":1.9,"category":"rbear"},{"type":"B","date":"2018-03-21T07:53:10.000Z","volume":40000,"price":1.82,"category":"bbear"},{"type":"B","date":"2018-03-21T07:53:10.000Z","volume":60000,"price":1.82,"category":"bbear"},{"type":"B","date":"2018-03-21T07:43:52.000Z","volume":56000,"price":1.83,"category":"bbear"},{"type":"B","date":"2018-03-21T07:26:32.000Z","volume":52000,"price":1.83,"category":"bbear"},{"type":"B","date":"2018-03-21T07:20:22.000Z","volume":44000,"price":1.83,"category":"bbear"},{"type":"B","date":"2018-03-21T07:14:21.000Z","volume":40000,"price":1.82,"category":"bbear"},{"type":"B","date":"2018-03-21T07:04:28.000Z","volume":24000,"price":1.85,"category":"bbear"},{"type":"B","date":"2018-03-21T06:57:42.000Z","volume":60000,"price":1.86,"category":"bbear"},{"type":"B","date":"2018-03-21T06:56:03.000Z","volume":28000,"price":1.86,"category":"bbear"},{"type":"B","date":"2018-03-21T06:54:20.000Z","volume":24000,"price":1.86,"category":"bbear"},{"type":"B","date":"2018-03-21T06:53:24.000Z","volume":36000,"price":1.86,"category":"bbear"},{"type":"B","date":"2018-03-21T06:46:38.000Z","volume":28000,"price":1.86,"category":"bbear"},{"type":"B","date":"2018-03-21T06:44:59.000Z","volume":28000,"price":1.86,"category":"bbear"},{"type":"B","date":"2018-03-21T06:43:07.000Z","volume":36000,"price":1.86,"category":"bbear"},{"type":"B","date":"2018-03-21T06:41:01.000Z","volume":24000,"price":1.86,"category":"bbear"},{"type":"B","date":"2018-03-21T06:39:10.000Z","volume":32000,"price":1.86,"category":"bbear"},{"type":"B","date":"2018-03-21T06:21:39.000Z","volume":40000,"price":1.88,"category":"bbear"},{"type":"B","date":"2018-03-21T06:19:00.000Z","volume":24000,"price":1.88,"category":"bbear"},{"type":"B","date":"2018-03-21T05:49:32.000Z","volume":28000,"price":1.88,"category":"bbear"},{"type":"B","date":"2018-03-21T05:47:59.000Z","volume":44000,"price":1.88,"category":"bbear"},{"type":"B","date":"2018-03-21T03:59:48.000Z","volume":60000,"price":1.89,"category":"bbear"},{"type":"B","date":"2018-03-21T03:57:06.000Z","volume":28000,"price":1.89,"category":"bbear"},{"type":"B","date":"2018-03-21T03:31:28.000Z","volume":40000,"price":1.88,"category":"bbear"},{"type":"B","date":"2018-03-21T03:29:08.000Z","volume":40000,"price":1.88,"category":"bbear"},{"type":"B","date":"2018-03-21T03:09:05.000Z","volume":32000,"price":1.88,"category":"bbear"},{"type":"B","date":"2018-03-21T03:08:58.000Z","volume":24000,"price":1.88,"category":"bbear"},{"type":"B","date":"2018-03-21T03:05:00.000Z","volume":60000,"price":1.88,"category":"bbear"},{"type":"B","date":"2018-03-21T03:04:28.000Z","volume":28000,"price":1.88,"category":"bbear"},{"type":"B","date":"2018-03-21T02:33:01.000Z","volume":24000,"price":1.89,"category":"bbear"},{"type":"B","date":"2018-03-21T02:29:54.000Z","volume":24000,"price":1.89,"category":"bbear"},{"type":"B","date":"2018-03-21T02:28:16.000Z","volume":48000,"price":1.89,"category":"bbear"},{"type":"B","date":"2018-03-21T02:24:41.000Z","volume":60000,"price":1.89,"category":"bbear"},{"type":"B","date":"2018-03-21T02:23:42.000Z","volume":28000,"price":1.89,"category":"bbear"},{"type":"B","date":"2018-03-21T02:18:19.000Z","volume":28000,"price":1.9,"category":"bbear"},{"type":"B","date":"2018-03-21T02:07:16.000Z","volume":44000,"price":1.89,"category":"bbear"},{"type":"B","date":"2018-03-21T01:58:21.000Z","volume":40000,"price":1.9,"category":"bbear"},{"type":"B","date":"2018-03-21T01:49:45.000Z","volume":24000,"price":1.9,"category":"bbear"},{"type":"B","date":"2018-03-21T01:46:36.000Z","volume":44000,"price":1.91,"category":"bbear"},{"type":"B","date":"2018-03-21T01:46:24.000Z","volume":48000,"price":1.91,"category":"bbear"},{"type":"B","date":"2018-03-21T01:44:41.000Z","volume":28000,"price":1.92,"category":"bbear"},{"type":"B","date":"2018-03-21T01:43:16.000Z","volume":48000,"price":1.93,"category":"bbear"},{"type":"B","date":"2018-03-21T01:41:38.000Z","volume":40000,"price":1.93,"category":"bbear"},{"type":"B","date":"2018-03-21T01:40:12.000Z","volume":28000,"price":1.93,"category":"bbear"},{"type":"B","date":"2018-03-21T01:38:22.000Z","volume":56000,"price":1.94,"category":"bbear"},{"type":"B","date":"2018-03-21T01:38:21.000Z","volume":60000,"price":1.94,"category":"bbear"},{"type":"B","date":"2018-03-21T01:38:15.000Z","volume":60000,"price":1.94,"category":"bbear"},{"type":"B","date":"2018-03-21T01:37:41.000Z","volume":24000,"price":1.94,"category":"bbear"},{"type":"B","date":"2018-03-21T07:55:17.000Z","volume":100000,"price":1.84,"category":"ubbear"},{"type":"B","date":"2018-03-21T07:52:39.000Z","volume":100000,"price":1.82,"category":"ubbear"},{"type":"B","date":"2018-03-21T07:49:11.000Z","volume":120000,"price":1.83,"category":"ubbear"},{"type":"B","date":"2018-03-21T07:45:45.000Z","volume":100000,"price":1.83,"category":"ubbear"},{"type":"B","date":"2018-03-21T07:45:30.000Z","volume":136000,"price":1.83,"category":"ubbear"},{"type":"B","date":"2018-03-21T07:08:19.000Z","volume":100000,"price":1.83,"category":"ubbear"},{"type":"B","date":"2018-03-21T07:05:31.000Z","volume":64000,"price":1.83,"category":"ubbear"},{"type":"B","date":"2018-03-21T07:05:17.000Z","volume":180000,"price":1.83,"category":"ubbear"},{"type":"B","date":"2018-03-21T07:04:28.000Z","volume":308000,"price":1.84,"category":"ubbear"},{"type":"B","date":"2018-03-21T07:03:33.000Z","volume":900000,"price":1.85,"category":"ubbear"},{"type":"B","date":"2018-03-21T06:53:26.000Z","volume":80000,"price":1.86,"category":"ubbear"},{"type":"B","date":"2018-03-21T06:47:24.000Z","volume":80000,"price":1.86,"category":"ubbear"},{"type":"B","date":"2018-03-21T06:47:15.000Z","volume":148000,"price":1.86,"category":"ubbear"},{"type":"B","date":"2018-03-21T06:46:36.000Z","volume":80000,"price":1.86,"category":"ubbear"},{"type":"B","date":"2018-03-21T06:46:18.000Z","volume":80000,"price":1.86,"category":"ubbear"},{"type":"B","date":"2018-03-21T06:45:38.000Z","volume":80000,"price":1.86,"category":"ubbear"},{"type":"B","date":"2018-03-21T06:45:11.000Z","volume":80000,"price":1.86,"category":"ubbear"},{"type":"B","date":"2018-03-21T06:44:44.000Z","volume":80000,"price":1.86,"category":"ubbear"},{"type":"B","date":"2018-03-21T06:43:31.000Z","volume":100000,"price":1.86,"category":"ubbear"},{"type":"B","date":"2018-03-21T06:39:13.000Z","volume":100000,"price":1.86,"category":"ubbear"},{"type":"B","date":"2018-03-21T06:36:21.000Z","volume":180000,"price":1.86,"category":"ubbear"},{"type":"B","date":"2018-03-21T06:33:24.000Z","volume":100000,"price":1.87,"category":"ubbear"},{"type":"B","date":"2018-03-21T06:31:50.000Z","volume":80000,"price":1.87,"category":"ubbear"},{"type":"B","date":"2018-03-21T06:27:50.000Z","volume":100000,"price":1.87,"category":"ubbear"},{"type":"B","date":"2018-03-21T06:24:10.000Z","volume":64000,"price":1.88,"category":"ubbear"},{"type":"B","date":"2018-03-21T06:24:09.000Z","volume":120000,"price":1.88,"category":"ubbear"},{"type":"B","date":"2018-03-21T06:21:09.000Z","volume":80000,"price":1.88,"category":"ubbear"},{"type":"B","date":"2018-03-21T06:20:13.000Z","volume":100000,"price":1.88,"category":"ubbear"},{"type":"B","date":"2018-03-21T06:16:00.000Z","volume":100000,"price":1.88,"category":"ubbear"},{"type":"B","date":"2018-03-21T06:15:24.000Z","volume":120000,"price":1.88,"category":"ubbear"},{"type":"B","date":"2018-03-21T06:15:24.000Z","volume":100000,"price":1.88,"category":"ubbear"},{"type":"B","date":"2018-03-21T03:08:52.000Z","volume":120000,"price":1.88,"category":"ubbear"},{"type":"B","date":"2018-03-21T03:04:40.000Z","volume":120000,"price":1.88,"category":"ubbear"},{"type":"B","date":"2018-03-21T02:52:36.000Z","volume":84000,"price":1.89,"category":"ubbear"},{"type":"B","date":"2018-03-21T02:50:52.000Z","volume":216000,"price":1.89,"category":"ubbear"},{"type":"B","date":"2018-03-21T02:15:12.000Z","volume":80000,"price":1.9,"category":"ubbear"},{"type":"B","date":"2018-03-21T02:14:34.000Z","volume":80000,"price":1.9,"category":"ubbear"},{"type":"B","date":"2018-03-21T02:04:36.000Z","volume":112000,"price":1.9,"category":"ubbear"},{"type":"B","date":"2018-03-21T01:49:27.000Z","volume":148000,"price":1.9,"category":"ubbear"},{"type":"B","date":"2018-03-21T01:38:36.000Z","volume":292000,"price":1.94,"category":"ubbear"},{"type":"B","date":"2018-03-21T01:31:58.000Z","volume":80000,"price":1.9,"category":"ubbear"}]