[{"type":"A","date":"2018-03-27T01:35:35.000Z","volume":6000,"label":" ","price":1.98},{"type":"A","date":"2018-03-27T01:35:37.000Z","volume":2000,"label":" ","price":1.98},{"type":"A","date":"2018-03-27T01:35:37.000Z","volume":14000,"label":" ","price":1.98},{"type":"A","date":"2018-03-27T01:36:07.000Z","volume":4000,"label":"Y","price":1.99},{"type":"A","date":"2018-03-27T01:36:10.000Z","volume":2000,"label":" ","price":1.99},{"type":"A","date":"2018-03-27T01:36:13.000Z","volume":6000,"label":" ","price":1.99},{"type":"A","date":"2018-03-27T01:36:13.000Z","volume":4000,"label":"Y","price":1.99},{"type":"A","date":"2018-03-27T01:37:25.000Z","volume":6000,"label":" ","price":1.99},{"type":"A","date":"2018-03-27T01:38:15.000Z","volume":6000,"label":" ","price":1.99},{"type":"A","date":"2018-03-27T01:38:16.000Z","volume":8000,"label":" ","price":1.99},{"type":"A","date":"2018-03-27T01:38:20.000Z","volume":14000,"label":" ","price":1.99},{"type":"A","date":"2018-03-27T01:38:25.000Z","volume":8000,"label":" ","price":1.99},{"type":"A","date":"2018-03-27T01:39:07.000Z","volume":6000,"label":" ","price":2},{"type":"B","date":"2018-03-27T01:39:15.000Z","volume":64000,"label":" ","price":1.99},{"type":"B","date":"2018-03-27T01:39:15.000Z","volume":30000,"label":" ","price":1.99},{"type":"A","date":"2018-03-27T01:39:16.000Z","volume":6000,"label":" ","price":1.99},{"type":"A","date":"2018-03-27T01:39:17.000Z","volume":6000,"label":" ","price":1.99},{"type":"A","date":"2018-03-27T01:39:35.000Z","volume":4000,"label":" ","price":2},{"type":"A","date":"2018-03-27T01:39:35.000Z","volume":8000,"label":" ","price":2},{"type":"B","date":"2018-03-27T01:39:49.000Z","volume":2000,"label":" ","price":1.98},{"type":"B","date":"2018-03-27T01:41:45.000Z","volume":54000,"label":" ","price":1.98},{"type":"B","date":"2018-03-27T01:41:45.000Z","volume":4000,"label":"Y","price":1.98},{"type":"A","date":"2018-03-27T01:41:49.000Z","volume":8000,"label":" ","price":1.98},{"type":"A","date":"2018-03-27T01:41:49.000Z","volume":2000,"label":" ","price":1.98},{"type":"A","date":"2018-03-27T01:41:53.000Z","volume":6000,"label":" ","price":1.98},{"type":"A","date":"2018-03-27T01:41:57.000Z","volume":16000,"label":" ","price":1.98},{"type":"A","date":"2018-03-27T01:41:57.000Z","volume":38000,"label":" ","price":1.98},{"type":"A","date":"2018-03-27T01:41:58.000Z","volume":16000,"label":" ","price":1.98},{"type":"A","date":"2018-03-27T01:42:01.000Z","volume":4000,"label":" ","price":1.98},{"type":"A","date":"2018-03-27T01:42:03.000Z","volume":44000,"label":" ","price":1.98},{"type":"A","date":"2018-03-27T01:42:04.000Z","volume":10000,"label":" ","price":1.98},{"type":"A","date":"2018-03-27T01:43:11.000Z","volume":44000,"label":"Y","price":1.98},{"type":"A","date":"2018-03-27T01:43:11.000Z","volume":2000,"label":" ","price":1.98},{"type":"A","date":"2018-03-27T01:43:13.000Z","volume":10000,"label":" ","price":1.98},{"type":"A","date":"2018-03-27T01:43:13.000Z","volume":46000,"label":"Y","price":1.98},{"type":"A","date":"2018-03-27T01:43:15.000Z","volume":10000,"label":" ","price":1.98},{"type":"A","date":"2018-03-27T01:43:16.000Z","volume":52000,"label":" ","price":1.98},{"type":"B","date":"2018-03-27T01:43:16.000Z","volume":4000,"label":" ","price":1.98},{"type":"A","date":"2018-03-27T01:43:17.000Z","volume":12000,"label":" ","price":1.99},{"type":"B","date":"2018-03-27T01:46:55.000Z","volume":56000,"label":" ","price":1.98},{"type":"B","date":"2018-03-27T01:46:59.000Z","volume":18000,"label":" ","price":1.98},{"type":"A","date":"2018-03-27T01:48:04.000Z","volume":2000,"label":" ","price":1.99},{"type":"B","date":"2018-03-27T01:49:16.000Z","volume":2000,"label":" ","price":1.98},{"type":"A","date":"2018-03-27T01:50:29.000Z","volume":8000,"label":" ","price":1.99},{"type":"B","date":"2018-03-27T01:52:44.000Z","volume":56000,"label":" ","price":1.98},{"type":"B","date":"2018-03-27T01:52:44.000Z","volume":2000,"label":" ","price":1.97},{"type":"A","date":"2018-03-27T01:52:45.000Z","volume":18000,"label":" ","price":1.98},{"type":"A","date":"2018-03-27T01:53:55.000Z","volume":46000,"label":" ","price":1.98},{"type":"B","date":"2018-03-27T01:55:00.000Z","volume":4000,"label":" ","price":1.97},{"type":"A","date":"2018-03-27T01:55:01.000Z","volume":10000,"label":" ","price":1.98},{"type":"A","date":"2018-03-27T02:00:21.000Z","volume":30000,"label":" ","price":1.98},{"type":"A","date":"2018-03-27T02:00:21.000Z","volume":94000,"label":" ","price":1.98},{"type":"A","date":"2018-03-27T02:00:21.000Z","volume":58000,"label":"Y","price":1.98},{"type":"A","date":"2018-03-27T02:00:23.000Z","volume":34000,"label":" ","price":1.98},{"type":"A","date":"2018-03-27T02:00:23.000Z","volume":4000,"label":" ","price":1.98},{"type":"A","date":"2018-03-27T02:00:25.000Z","volume":8000,"label":" ","price":1.98},{"type":"A","date":"2018-03-27T02:00:25.000Z","volume":18000,"label":" ","price":1.98},{"type":"A","date":"2018-03-27T02:00:33.000Z","volume":64000,"label":" ","price":1.98},{"type":"A","date":"2018-03-27T02:00:33.000Z","volume":2000,"label":" ","price":1.98},{"type":"B","date":"2018-03-27T02:00:33.000Z","volume":2000,"label":"Y","price":1.98},{"type":"B","date":"2018-03-27T02:00:33.000Z","volume":2000,"label":" ","price":1.98},{"type":"A","date":"2018-03-27T02:00:34.000Z","volume":22000,"label":" ","price":1.98},{"type":"A","date":"2018-03-27T02:00:51.000Z","volume":6000,"label":" ","price":1.98},{"type":"A","date":"2018-03-27T02:00:55.000Z","volume":8000,"label":" ","price":1.98},{"type":"A","date":"2018-03-27T02:01:05.000Z","volume":4000,"label":" ","price":1.98},{"type":"A","date":"2018-03-27T02:01:19.000Z","volume":4000,"label":" ","price":1.98},{"type":"A","date":"2018-03-27T02:02:19.000Z","volume":4000,"label":" ","price":1.98},{"type":"A","date":"2018-03-27T02:02:29.000Z","volume":10000,"label":" ","price":1.98},{"type":"A","date":"2018-03-27T02:02:29.000Z","volume":190000,"label":" ","price":1.99},{"type":"A","date":"2018-03-27T02:02:31.000Z","volume":12000,"label":" ","price":1.98},{"type":"A","date":"2018-03-27T02:02:33.000Z","volume":28000,"label":" ","price":1.98},{"type":"A","date":"2018-03-27T02:02:39.000Z","volume":22000,"label":" ","price":1.98},{"type":"B","date":"2018-03-27T02:02:39.000Z","volume":2000,"label":" ","price":1.98},{"type":"A","date":"2018-03-27T02:02:49.000Z","volume":4000,"label":" ","price":1.98},{"type":"A","date":"2018-03-27T02:03:51.000Z","volume":4000,"label":" ","price":1.98},{"type":"A","date":"2018-03-27T02:04:49.000Z","volume":4000,"label":" ","price":1.98},{"type":"A","date":"2018-03-27T02:04:49.000Z","volume":6000,"label":"Y","price":1.98},{"type":"A","date":"2018-03-27T02:04:53.000Z","volume":8000,"label":" ","price":1.99},{"type":"A","date":"2018-03-27T02:05:49.000Z","volume":6000,"label":" ","price":1.99},{"type":"A","date":"2018-03-27T02:05:49.000Z","volume":12000,"label":" ","price":1.99},{"type":"A","date":"2018-03-27T02:05:53.000Z","volume":4000,"label":" ","price":2},{"type":"A","date":"2018-03-27T02:07:05.000Z","volume":4000,"label":" ","price":2},{"type":"A","date":"2018-03-27T02:08:00.000Z","volume":100000,"label":" ","price":2},{"type":"A","date":"2018-03-27T02:08:17.000Z","volume":4000,"label":" ","price":2},{"type":"A","date":"2018-03-27T02:09:25.000Z","volume":4000,"label":" ","price":2},{"type":"A","date":"2018-03-27T02:10:47.000Z","volume":10000,"label":" ","price":2},{"type":"A","date":"2018-03-27T02:12:27.000Z","volume":4000,"label":" ","price":2},{"type":"B","date":"2018-03-27T02:12:32.000Z","volume":30000,"label":" ","price":1.99},{"type":"B","date":"2018-03-27T02:14:14.000Z","volume":2000,"label":" ","price":1.99},{"type":"A","date":"2018-03-27T02:15:13.000Z","volume":2000,"label":" ","price":2},{"type":"A","date":"2018-03-27T02:16:00.000Z","volume":6000,"label":" ","price":2},{"type":"A","date":"2018-03-27T02:16:07.000Z","volume":2000,"label":" ","price":2},{"type":"A","date":"2018-03-27T02:17:01.000Z","volume":2000,"label":" ","price":2},{"type":"B","date":"2018-03-27T02:17:21.000Z","volume":96000,"label":" ","price":1.99},{"type":"B","date":"2018-03-27T02:17:21.000Z","volume":16000,"label":" ","price":1.99},{"type":"B","date":"2018-03-27T02:17:21.000Z","volume":2000,"label":" ","price":1.99},{"type":"A","date":"2018-03-27T02:17:22.000Z","volume":16000,"label":" ","price":2},{"type":"A","date":"2018-03-27T02:18:52.000Z","volume":20000,"label":" ","price":2},{"type":"U","date":"2018-03-27T02:19:15.000Z","volume":4000,"label":" ","price":1.99},{"type":"A","date":"2018-03-27T02:20:54.000Z","volume":2000,"label":" ","price":1.99},{"type":"A","date":"2018-03-27T02:22:25.000Z","volume":6000,"label":" ","price":1.99},{"type":"A","date":"2018-03-27T02:22:37.000Z","volume":8000,"label":" ","price":1.99},{"type":"A","date":"2018-03-27T02:22:37.000Z","volume":16000,"label":" ","price":1.99},{"type":"A","date":"2018-03-27T02:22:39.000Z","volume":10000,"label":" ","price":2},{"type":"A","date":"2018-03-27T02:23:51.000Z","volume":10000,"label":" ","price":2},{"type":"B","date":"2018-03-27T02:24:21.000Z","volume":10000,"label":" ","price":1.99},{"type":"B","date":"2018-03-27T02:25:16.000Z","volume":14000,"label":" ","price":1.99},{"type":"B","date":"2018-03-27T02:25:57.000Z","volume":2000,"label":" ","price":1.99},{"type":"B","date":"2018-03-27T02:26:35.000Z","volume":2000,"label":" ","price":1.99},{"type":"B","date":"2018-03-27T02:29:56.000Z","volume":30000,"label":" ","price":1.99},{"type":"A","date":"2018-03-27T02:29:58.000Z","volume":8000,"label":" ","price":2},{"type":"B","date":"2018-03-27T02:30:01.000Z","volume":2000,"label":"Y","price":1.99},{"type":"A","date":"2018-03-27T02:31:10.000Z","volume":4000,"label":" ","price":2},{"type":"A","date":"2018-03-27T02:32:30.000Z","volume":8000,"label":" ","price":2},{"type":"A","date":"2018-03-27T02:34:23.000Z","volume":2000,"label":" ","price":2},{"type":"A","date":"2018-03-27T02:35:23.000Z","volume":2000,"label":" ","price":2},{"type":"A","date":"2018-03-27T02:35:32.000Z","volume":100000,"label":" ","price":2},{"type":"A","date":"2018-03-27T02:35:32.000Z","volume":76000,"label":" ","price":2},{"type":"A","date":"2018-03-27T02:35:32.000Z","volume":14000,"label":" ","price":2},{"type":"A","date":"2018-03-27T02:35:32.000Z","volume":8000,"label":" ","price":2},{"type":"A","date":"2018-03-27T02:35:32.000Z","volume":20000,"label":" ","price":2},{"type":"A","date":"2018-03-27T02:35:32.000Z","volume":142000,"label":" ","price":2},{"type":"A","date":"2018-03-27T02:35:32.000Z","volume":34000,"label":" ","price":2},{"type":"A","date":"2018-03-27T02:35:32.000Z","volume":98000,"label":" ","price":2},{"type":"B","date":"2018-03-27T02:35:53.000Z","volume":10000,"label":" ","price":2},{"type":"A","date":"2018-03-27T02:35:58.000Z","volume":2000,"label":" ","price":2.01},{"type":"A","date":"2018-03-27T02:35:58.000Z","volume":68000,"label":" ","price":2.01},{"type":"A","date":"2018-03-27T02:35:59.000Z","volume":200000,"label":" ","price":2.01},{"type":"A","date":"2018-03-27T02:36:00.000Z","volume":150000,"label":" ","price":2.01},{"type":"A","date":"2018-03-27T02:36:00.000Z","volume":120000,"label":" ","price":2.01},{"type":"A","date":"2018-03-27T02:36:08.000Z","volume":2000,"label":" ","price":2.02},{"type":"A","date":"2018-03-27T02:36:10.000Z","volume":84000,"label":" ","price":2.02},{"type":"A","date":"2018-03-27T02:36:17.000Z","volume":100000,"label":" ","price":2.02},{"type":"A","date":"2018-03-27T02:36:17.000Z","volume":4000,"label":" ","price":2.02},{"type":"A","date":"2018-03-27T02:36:18.000Z","volume":18000,"label":" ","price":2.02},{"type":"A","date":"2018-03-27T02:36:18.000Z","volume":20000,"label":" ","price":2.02},{"type":"A","date":"2018-03-27T02:36:18.000Z","volume":38000,"label":" ","price":2.02},{"type":"A","date":"2018-03-27T02:36:19.000Z","volume":30000,"label":" ","price":2.02},{"type":"A","date":"2018-03-27T02:36:19.000Z","volume":50000,"label":" ","price":2.02},{"type":"A","date":"2018-03-27T02:36:23.000Z","volume":2000,"label":" ","price":2.03},{"type":"A","date":"2018-03-27T02:36:24.000Z","volume":26000,"label":" ","price":2.03},{"type":"A","date":"2018-03-27T02:37:07.000Z","volume":48000,"label":" ","price":2.03},{"type":"A","date":"2018-03-27T02:37:20.000Z","volume":8000,"label":" ","price":2.03},{"type":"A","date":"2018-03-27T02:37:27.000Z","volume":2000,"label":" ","price":2.03},{"type":"B","date":"2018-03-27T02:37:43.000Z","volume":78000,"label":" ","price":2.02},{"type":"A","date":"2018-03-27T02:37:43.000Z","volume":10000,"label":" ","price":2.02},{"type":"A","date":"2018-03-27T02:37:44.000Z","volume":16000,"label":" ","price":2.02},{"type":"A","date":"2018-03-27T02:37:51.000Z","volume":2000,"label":" ","price":2.02},{"type":"A","date":"2018-03-27T02:38:32.000Z","volume":30000,"label":" ","price":2.02},{"type":"A","date":"2018-03-27T02:40:29.000Z","volume":50000,"label":" ","price":2.02},{"type":"A","date":"2018-03-27T02:40:31.000Z","volume":14000,"label":" ","price":2.02},{"type":"A","date":"2018-03-27T02:43:17.000Z","volume":16000,"label":" ","price":2.02},{"type":"A","date":"2018-03-27T02:45:35.000Z","volume":4000,"label":" ","price":2.02},{"type":"A","date":"2018-03-27T02:46:19.000Z","volume":2000,"label":" ","price":2.02},{"type":"A","date":"2018-03-27T02:47:20.000Z","volume":6000,"label":" ","price":2.02},{"type":"A","date":"2018-03-27T02:47:25.000Z","volume":2000,"label":" ","price":2.02},{"type":"A","date":"2018-03-27T02:48:29.000Z","volume":2000,"label":" ","price":2.02},{"type":"A","date":"2018-03-27T02:49:33.000Z","volume":2000,"label":" ","price":2.02},{"type":"A","date":"2018-03-27T02:50:39.000Z","volume":2000,"label":" ","price":2.02},{"type":"B","date":"2018-03-27T02:50:58.000Z","volume":10000,"label":" ","price":2.01},{"type":"A","date":"2018-03-27T02:51:02.000Z","volume":8000,"label":" ","price":2.02},{"type":"A","date":"2018-03-27T02:51:44.000Z","volume":6000,"label":" ","price":2.02},{"type":"A","date":"2018-03-27T02:51:47.000Z","volume":2000,"label":" ","price":2.02},{"type":"A","date":"2018-03-27T02:52:55.000Z","volume":2000,"label":" ","price":2.02},{"type":"B","date":"2018-03-27T02:53:03.000Z","volume":10000,"label":" ","price":2.01},{"type":"A","date":"2018-03-27T02:54:05.000Z","volume":2000,"label":" ","price":2.02},{"type":"A","date":"2018-03-27T02:55:17.000Z","volume":2000,"label":" ","price":2.02},{"type":"A","date":"2018-03-27T02:56:15.000Z","volume":8000,"label":" ","price":2.02},{"type":"A","date":"2018-03-27T02:56:33.000Z","volume":2000,"label":" ","price":2.02},{"type":"A","date":"2018-03-27T02:57:25.000Z","volume":4000,"label":" ","price":2.02},{"type":"A","date":"2018-03-27T02:57:45.000Z","volume":2000,"label":" ","price":2.02},{"type":"A","date":"2018-03-27T02:58:51.000Z","volume":2000,"label":" ","price":2.02},{"type":"A","date":"2018-03-27T02:58:51.000Z","volume":8000,"label":" ","price":2.02},{"type":"A","date":"2018-03-27T02:58:51.000Z","volume":8000,"label":" ","price":2.02},{"type":"A","date":"2018-03-27T02:59:15.000Z","volume":2000,"label":" ","price":2.02},{"type":"A","date":"2018-03-27T02:59:20.000Z","volume":8000,"label":" ","price":2.02},{"type":"A","date":"2018-03-27T03:00:03.000Z","volume":4000,"label":" ","price":2.02},{"type":"B","date":"2018-03-27T03:00:23.000Z","volume":38000,"label":" ","price":2.01},{"type":"A","date":"2018-03-27T03:00:25.000Z","volume":10000,"label":" ","price":2.02},{"type":"B","date":"2018-03-27T03:00:25.000Z","volume":4000,"label":" ","price":2.01},{"type":"A","date":"2018-03-27T03:00:43.000Z","volume":4000,"label":" ","price":2.02},{"type":"A","date":"2018-03-27T03:01:07.000Z","volume":4000,"label":" ","price":2.02},{"type":"A","date":"2018-03-27T03:01:53.000Z","volume":2000,"label":" ","price":2.02},{"type":"A","date":"2018-03-27T03:02:09.000Z","volume":4000,"label":" ","price":2.02},{"type":"A","date":"2018-03-27T03:03:06.000Z","volume":6000,"label":" ","price":2.02},{"type":"A","date":"2018-03-27T03:03:13.000Z","volume":4000,"label":" ","price":2.02},{"type":"A","date":"2018-03-27T03:04:09.000Z","volume":2000,"label":" ","price":2.02},{"type":"A","date":"2018-03-27T03:04:15.000Z","volume":4000,"label":" ","price":2.02},{"type":"A","date":"2018-03-27T03:04:52.000Z","volume":10000,"label":" ","price":2.02},{"type":"A","date":"2018-03-27T03:04:52.000Z","volume":8000,"label":" ","price":2.02},{"type":"A","date":"2018-03-27T03:05:09.000Z","volume":4000,"label":" ","price":2.02},{"type":"A","date":"2018-03-27T03:05:10.000Z","volume":6000,"label":" ","price":2.02},{"type":"A","date":"2018-03-27T03:06:06.000Z","volume":10000,"label":" ","price":2.02},{"type":"A","date":"2018-03-27T03:06:15.000Z","volume":4000,"label":" ","price":2.02},{"type":"A","date":"2018-03-27T03:07:21.000Z","volume":4000,"label":" ","price":2.02},{"type":"A","date":"2018-03-27T03:07:22.000Z","volume":10000,"label":" ","price":2.02},{"type":"A","date":"2018-03-27T03:07:53.000Z","volume":2000,"label":" ","price":2.02},{"type":"A","date":"2018-03-27T03:08:27.000Z","volume":4000,"label":" ","price":2.02},{"type":"A","date":"2018-03-27T03:08:38.000Z","volume":10000,"label":" ","price":2.02},{"type":"B","date":"2018-03-27T03:08:38.000Z","volume":2000,"label":" ","price":2.01},{"type":"A","date":"2018-03-27T03:08:38.000Z","volume":10000,"label":" ","price":2.02},{"type":"A","date":"2018-03-27T03:08:47.000Z","volume":4000,"label":" ","price":2.02},{"type":"A","date":"2018-03-27T03:08:53.000Z","volume":2000,"label":" ","price":2.02},{"type":"A","date":"2018-03-27T03:09:03.000Z","volume":4000,"label":"Y","price":2.02},{"type":"A","date":"2018-03-27T03:09:42.000Z","volume":10000,"label":"Y","price":2.02},{"type":"A","date":"2018-03-27T03:10:13.000Z","volume":4000,"label":"Y","price":2.02},{"type":"A","date":"2018-03-27T03:10:54.000Z","volume":10000,"label":"Y","price":2.02},{"type":"A","date":"2018-03-27T03:11:05.000Z","volume":10000,"label":" ","price":2.02},{"type":"B","date":"2018-03-27T03:11:05.000Z","volume":4000,"label":" ","price":2.01},{"type":"A","date":"2018-03-27T03:11:07.000Z","volume":8000,"label":" ","price":2.02},{"type":"A","date":"2018-03-27T03:11:17.000Z","volume":4000,"label":" ","price":2.02},{"type":"A","date":"2018-03-27T03:12:14.000Z","volume":10000,"label":" ","price":2.02},{"type":"A","date":"2018-03-27T03:12:27.000Z","volume":4000,"label":" ","price":2.02},{"type":"A","date":"2018-03-27T03:13:34.000Z","volume":10000,"label":" ","price":2.02},{"type":"A","date":"2018-03-27T03:13:37.000Z","volume":4000,"label":" ","price":2.02},{"type":"A","date":"2018-03-27T03:13:53.000Z","volume":2000,"label":" ","price":2.02},{"type":"A","date":"2018-03-27T03:14:49.000Z","volume":4000,"label":" ","price":2.02},{"type":"A","date":"2018-03-27T03:14:54.000Z","volume":10000,"label":" ","price":2.02},{"type":"A","date":"2018-03-27T03:14:54.000Z","volume":8000,"label":" ","price":2.02},{"type":"A","date":"2018-03-27T03:14:56.000Z","volume":6000,"label":" ","price":2.02},{"type":"A","date":"2018-03-27T03:15:25.000Z","volume":200000,"label":" ","price":2.02},{"type":"A","date":"2018-03-27T03:15:27.000Z","volume":36000,"label":" ","price":2.02},{"type":"A","date":"2018-03-27T03:15:59.000Z","volume":4000,"label":" ","price":2.02},{"type":"A","date":"2018-03-27T03:16:12.000Z","volume":12000,"label":" ","price":2.02},{"type":"A","date":"2018-03-27T03:16:15.000Z","volume":20000,"label":" ","price":2.02},{"type":"A","date":"2018-03-27T03:16:16.000Z","volume":8000,"label":" ","price":2.02},{"type":"B","date":"2018-03-27T03:16:44.000Z","volume":140000,"label":" ","price":2.01},{"type":"A","date":"2018-03-27T03:16:59.000Z","volume":4000,"label":" ","price":2.02},{"type":"A","date":"2018-03-27T03:17:22.000Z","volume":10000,"label":" ","price":2.02},{"type":"A","date":"2018-03-27T03:17:25.000Z","volume":10000,"label":" ","price":2.02},{"type":"A","date":"2018-03-27T03:17:30.000Z","volume":10000,"label":" ","price":2.02},{"type":"A","date":"2018-03-27T03:17:55.000Z","volume":4000,"label":" ","price":2.02},{"type":"A","date":"2018-03-27T03:18:31.000Z","volume":10000,"label":" ","price":2.02},{"type":"A","date":"2018-03-27T03:19:01.000Z","volume":4000,"label":" ","price":2.02},{"type":"A","date":"2018-03-27T03:19:46.000Z","volume":10000,"label":" ","price":2.02},{"type":"A","date":"2018-03-27T03:19:53.000Z","volume":2000,"label":" ","price":2.02},{"type":"A","date":"2018-03-27T03:20:07.000Z","volume":4000,"label":" ","price":2.02},{"type":"A","date":"2018-03-27T03:20:07.000Z","volume":8000,"label":" ","price":2.02},{"type":"B","date":"2018-03-27T03:20:19.000Z","volume":232000,"label":"Y","price":2.01},{"type":"B","date":"2018-03-27T03:20:19.000Z","volume":168000,"label":" ","price":2.01},{"type":"B","date":"2018-03-27T03:20:19.000Z","volume":36000,"label":" ","price":2.01},{"type":"A","date":"2018-03-27T03:20:20.000Z","volume":2000,"label":" ","price":2.01},{"type":"A","date":"2018-03-27T03:20:21.000Z","volume":10000,"label":" ","price":2.01},{"type":"U","date":"2018-03-27T03:30:45.000Z","volume":4000,"label":"X","price":2.005},{"type":"A","date":"2018-03-27T03:31:00.000Z","volume":8000,"label":" ","price":2.01},{"type":"A","date":"2018-03-27T03:31:00.000Z","volume":4000,"label":" ","price":2.01},{"type":"A","date":"2018-03-27T03:31:38.000Z","volume":4000,"label":" ","price":2.01},{"type":"A","date":"2018-03-27T03:31:40.000Z","volume":10000,"label":" ","price":2.01},{"type":"A","date":"2018-03-27T03:31:45.000Z","volume":10000,"label":" ","price":2.01},{"type":"A","date":"2018-03-27T03:33:01.000Z","volume":4000,"label":" ","price":2.01},{"type":"A","date":"2018-03-27T03:35:11.000Z","volume":10000,"label":" ","price":2.01},{"type":"A","date":"2018-03-27T03:35:11.000Z","volume":4000,"label":" ","price":2.01},{"type":"A","date":"2018-03-27T03:35:48.000Z","volume":6000,"label":" ","price":2.01},{"type":"A","date":"2018-03-27T03:35:48.000Z","volume":16000,"label":" ","price":2.01},{"type":"A","date":"2018-03-27T03:35:55.000Z","volume":6000,"label":" ","price":2.01},{"type":"A","date":"2018-03-27T03:36:20.000Z","volume":40000,"label":" ","price":2.01},{"type":"A","date":"2018-03-27T03:36:20.000Z","volume":6000,"label":"Y","price":2.01},{"type":"A","date":"2018-03-27T03:36:20.000Z","volume":12000,"label":" ","price":2.01},{"type":"A","date":"2018-03-27T03:36:20.000Z","volume":2000,"label":" ","price":2.01},{"type":"A","date":"2018-03-27T03:36:20.000Z","volume":2000,"label":" ","price":2.01},{"type":"A","date":"2018-03-27T03:36:43.000Z","volume":30000,"label":" ","price":2.02},{"type":"B","date":"2018-03-27T03:36:48.000Z","volume":6000,"label":" ","price":2.01},{"type":"U","date":"2018-03-27T03:36:53.000Z","volume":2000,"label":"X","price":2.02},{"type":"A","date":"2018-03-27T03:37:06.000Z","volume":6000,"label":" ","price":2.02},{"type":"A","date":"2018-03-27T03:38:50.000Z","volume":6000,"label":" ","price":2.02},{"type":"A","date":"2018-03-27T03:40:10.000Z","volume":6000,"label":" ","price":2.02},{"type":"A","date":"2018-03-27T03:40:47.000Z","volume":4000,"label":" ","price":2.02},{"type":"A","date":"2018-03-27T03:41:02.000Z","volume":6000,"label":" ","price":2.02},{"type":"A","date":"2018-03-27T03:42:16.000Z","volume":6000,"label":" ","price":2.02},{"type":"A","date":"2018-03-27T03:42:35.000Z","volume":4000,"label":" ","price":2.02},{"type":"A","date":"2018-03-27T03:43:34.000Z","volume":6000,"label":" ","price":2.02},{"type":"A","date":"2018-03-27T03:43:34.000Z","volume":10000,"label":" ","price":2.02},{"type":"A","date":"2018-03-27T03:44:33.000Z","volume":4000,"label":" ","price":2.02},{"type":"A","date":"2018-03-27T03:44:51.000Z","volume":4000,"label":" ","price":2.02},{"type":"A","date":"2018-03-27T03:45:00.000Z","volume":6000,"label":" ","price":2.02},{"type":"A","date":"2018-03-27T03:45:00.000Z","volume":6000,"label":" ","price":2.02},{"type":"A","date":"2018-03-27T03:46:26.000Z","volume":6000,"label":" ","price":2.02},{"type":"A","date":"2018-03-27T03:46:37.000Z","volume":4000,"label":" ","price":2.02},{"type":"A","date":"2018-03-27T03:46:37.000Z","volume":6000,"label":" ","price":2.02},{"type":"A","date":"2018-03-27T03:47:50.000Z","volume":6000,"label":" ","price":2.02},{"type":"A","date":"2018-03-27T03:47:50.000Z","volume":4000,"label":" ","price":2.02},{"type":"A","date":"2018-03-27T03:48:37.000Z","volume":4000,"label":" ","price":2.02},{"type":"A","date":"2018-03-27T03:49:14.000Z","volume":6000,"label":" ","price":2.02},{"type":"A","date":"2018-03-27T03:49:14.000Z","volume":6000,"label":" ","price":2.02},{"type":"A","date":"2018-03-27T03:50:10.000Z","volume":10000,"label":" ","price":2.02},{"type":"A","date":"2018-03-27T03:50:10.000Z","volume":6000,"label":" ","price":2.02},{"type":"A","date":"2018-03-27T03:50:38.000Z","volume":6000,"label":" ","price":2.02},{"type":"A","date":"2018-03-27T03:50:38.000Z","volume":4000,"label":" ","price":2.02},{"type":"A","date":"2018-03-27T03:50:41.000Z","volume":4000,"label":" ","price":2.02},{"type":"A","date":"2018-03-27T03:51:00.000Z","volume":6000,"label":" ","price":2.02},{"type":"A","date":"2018-03-27T03:51:12.000Z","volume":72000,"label":" ","price":2.02},{"type":"A","date":"2018-03-27T03:52:04.000Z","volume":6000,"label":" ","price":2.02},{"type":"A","date":"2018-03-27T03:52:47.000Z","volume":4000,"label":" ","price":2.02},{"type":"A","date":"2018-03-27T03:53:32.000Z","volume":6000,"label":" ","price":2.02},{"type":"A","date":"2018-03-27T03:53:37.000Z","volume":2000,"label":" ","price":2.02},{"type":"A","date":"2018-03-27T03:53:54.000Z","volume":2000,"label":" ","price":2.02},{"type":"B","date":"2018-03-27T03:54:39.000Z","volume":50000,"label":"Y","price":2.01},{"type":"A","date":"2018-03-27T03:56:10.000Z","volume":12000,"label":" ","price":2.02},{"type":"A","date":"2018-03-27T03:56:41.000Z","volume":4000,"label":" ","price":2.02},{"type":"B","date":"2018-03-27T03:57:31.000Z","volume":78000,"label":"Y","price":2.01},{"type":"B","date":"2018-03-27T03:57:31.000Z","volume":22000,"label":" ","price":2.01},{"type":"B","date":"2018-03-27T03:57:31.000Z","volume":22000,"label":" ","price":2.01},{"type":"A","date":"2018-03-27T03:57:31.000Z","volume":4000,"label":" ","price":2.02},{"type":"A","date":"2018-03-27T03:58:06.000Z","volume":48000,"label":"Y","price":2.02},{"type":"A","date":"2018-03-27T03:58:06.000Z","volume":154000,"label":" ","price":2.02},{"type":"U","date":"2018-03-27T03:58:16.000Z","volume":2000,"label":"X","price":2.02},{"type":"A","date":"2018-03-27T03:59:25.000Z","volume":2000,"label":" ","price":2.01},{"type":"B","date":"2018-03-27T05:00:11.000Z","volume":2000,"label":" ","price":2.01},{"type":"A","date":"2018-03-27T05:03:59.000Z","volume":10000,"label":" ","price":2.02},{"type":"A","date":"2018-03-27T05:04:18.000Z","volume":6000,"label":" ","price":2.02},{"type":"A","date":"2018-03-27T05:05:52.000Z","volume":6000,"label":" ","price":2.02},{"type":"A","date":"2018-03-27T05:06:39.000Z","volume":4000,"label":" ","price":2.02},{"type":"A","date":"2018-03-27T05:06:39.000Z","volume":6000,"label":" ","price":2.02},{"type":"A","date":"2018-03-27T05:07:00.000Z","volume":12000,"label":" ","price":2.02},{"type":"A","date":"2018-03-27T05:07:58.000Z","volume":6000,"label":" ","price":2.02},{"type":"A","date":"2018-03-27T05:08:41.000Z","volume":2000,"label":" ","price":2.02},{"type":"A","date":"2018-03-27T05:08:55.000Z","volume":2000,"label":" ","price":2.02},{"type":"U","date":"2018-03-27T05:09:07.000Z","volume":1405,"label":"D","price":2.06},{"type":"A","date":"2018-03-27T05:10:04.000Z","volume":6000,"label":" ","price":2.02},{"type":"A","date":"2018-03-27T05:12:19.000Z","volume":6000,"label":" ","price":2.02},{"type":"A","date":"2018-03-27T05:13:05.000Z","volume":8000,"label":" ","price":2.02},{"type":"B","date":"2018-03-27T05:14:58.000Z","volume":10000,"label":" ","price":2.01},{"type":"A","date":"2018-03-27T05:17:26.000Z","volume":2000,"label":" ","price":2.02},{"type":"A","date":"2018-03-27T05:18:29.000Z","volume":4000,"label":" ","price":2.02},{"type":"A","date":"2018-03-27T05:18:59.000Z","volume":80000,"label":" ","price":2.02},{"type":"A","date":"2018-03-27T05:19:10.000Z","volume":8000,"label":" ","price":2.02},{"type":"A","date":"2018-03-27T05:20:02.000Z","volume":16000,"label":" ","price":2.02},{"type":"A","date":"2018-03-27T05:21:03.000Z","volume":16000,"label":" ","price":2.02},{"type":"A","date":"2018-03-27T05:21:03.000Z","volume":10000,"label":"Y","price":2.02},{"type":"A","date":"2018-03-27T05:21:03.000Z","volume":30000,"label":" ","price":2.02},{"type":"A","date":"2018-03-27T05:21:03.000Z","volume":16000,"label":" ","price":2.02},{"type":"A","date":"2018-03-27T05:21:20.000Z","volume":8000,"label":" ","price":2.02},{"type":"B","date":"2018-03-27T05:21:53.000Z","volume":2000,"label":" ","price":2.02},{"type":"B","date":"2018-03-27T05:21:54.000Z","volume":2000,"label":" ","price":2.02},{"type":"A","date":"2018-03-27T05:22:18.000Z","volume":8000,"label":" ","price":2.03},{"type":"A","date":"2018-03-27T05:23:38.000Z","volume":8000,"label":" ","price":2.03},{"type":"B","date":"2018-03-27T05:23:42.000Z","volume":2000,"label":" ","price":2.02},{"type":"A","date":"2018-03-27T05:23:56.000Z","volume":2000,"label":" ","price":2.03},{"type":"A","date":"2018-03-27T05:24:58.000Z","volume":8000,"label":" ","price":2.03},{"type":"A","date":"2018-03-27T05:24:58.000Z","volume":14000,"label":" ","price":2.03},{"type":"B","date":"2018-03-27T05:24:59.000Z","volume":2000,"label":" ","price":2.02},{"type":"A","date":"2018-03-27T05:25:35.000Z","volume":4000,"label":" ","price":2.03},{"type":"A","date":"2018-03-27T05:26:18.000Z","volume":8000,"label":" ","price":2.03},{"type":"B","date":"2018-03-27T05:26:20.000Z","volume":2000,"label":" ","price":2.02},{"type":"A","date":"2018-03-27T05:27:41.000Z","volume":8000,"label":" ","price":2.03},{"type":"A","date":"2018-03-27T05:27:41.000Z","volume":8000,"label":" ","price":2.03},{"type":"B","date":"2018-03-27T05:27:43.000Z","volume":2000,"label":" ","price":2.02},{"type":"A","date":"2018-03-27T05:29:02.000Z","volume":8000,"label":" ","price":2.03},{"type":"A","date":"2018-03-27T05:29:02.000Z","volume":6000,"label":" ","price":2.03},{"type":"B","date":"2018-03-27T05:29:02.000Z","volume":2000,"label":" ","price":2.02},{"type":"B","date":"2018-03-27T05:29:30.000Z","volume":100000,"label":" ","price":2.02},{"type":"A","date":"2018-03-27T05:29:30.000Z","volume":336000,"label":" ","price":2.03},{"type":"B","date":"2018-03-27T05:29:32.000Z","volume":4000,"label":" ","price":2.02},{"type":"B","date":"2018-03-27T05:29:32.000Z","volume":28000,"label":" ","price":2.02},{"type":"B","date":"2018-03-27T05:31:46.000Z","volume":30000,"label":" ","price":2.02},{"type":"B","date":"2018-03-27T05:31:52.000Z","volume":8000,"label":" ","price":2.02},{"type":"B","date":"2018-03-27T05:32:19.000Z","volume":10000,"label":" ","price":2.02},{"type":"B","date":"2018-03-27T05:36:58.000Z","volume":120000,"label":" ","price":2.02},{"type":"A","date":"2018-03-27T05:36:58.000Z","volume":34000,"label":" ","price":2.02},{"type":"A","date":"2018-03-27T05:36:58.000Z","volume":4000,"label":" ","price":2.02},{"type":"U","date":"2018-03-27T05:37:19.000Z","volume":2000,"label":"X","price":2.015},{"type":"A","date":"2018-03-27T05:38:40.000Z","volume":18000,"label":" ","price":2.02},{"type":"A","date":"2018-03-27T05:38:40.000Z","volume":16000,"label":" ","price":2.02},{"type":"A","date":"2018-03-27T05:38:40.000Z","volume":10000,"label":" ","price":2.02},{"type":"A","date":"2018-03-27T05:38:57.000Z","volume":2000,"label":" ","price":2.02},{"type":"A","date":"2018-03-27T05:46:39.000Z","volume":4000,"label":" ","price":2.03},{"type":"A","date":"2018-03-27T05:47:02.000Z","volume":6000,"label":" ","price":2.03},{"type":"A","date":"2018-03-27T05:47:21.000Z","volume":4000,"label":" ","price":2.03},{"type":"A","date":"2018-03-27T05:48:01.000Z","volume":4000,"label":" ","price":2.03},{"type":"A","date":"2018-03-27T05:48:45.000Z","volume":4000,"label":" ","price":2.03},{"type":"A","date":"2018-03-27T05:49:29.000Z","volume":4000,"label":" ","price":2.03},{"type":"A","date":"2018-03-27T05:50:13.000Z","volume":4000,"label":" ","price":2.03},{"type":"B","date":"2018-03-27T05:50:15.000Z","volume":2000,"label":" ","price":2.02},{"type":"A","date":"2018-03-27T05:50:20.000Z","volume":8000,"label":" ","price":2.03},{"type":"B","date":"2018-03-27T05:50:31.000Z","volume":10000,"label":" ","price":2.02},{"type":"B","date":"2018-03-27T05:50:33.000Z","volume":2000,"label":" ","price":2.02},{"type":"A","date":"2018-03-27T05:50:53.000Z","volume":4000,"label":" ","price":2.03},{"type":"A","date":"2018-03-27T05:51:22.000Z","volume":48000,"label":" ","price":2.03},{"type":"B","date":"2018-03-27T05:51:23.000Z","volume":2000,"label":" ","price":2.02},{"type":"A","date":"2018-03-27T05:51:25.000Z","volume":8000,"label":" ","price":2.03},{"type":"B","date":"2018-03-27T05:51:31.000Z","volume":2000,"label":" ","price":2.02},{"type":"A","date":"2018-03-27T05:51:33.000Z","volume":4000,"label":" ","price":2.03},{"type":"A","date":"2018-03-27T05:52:13.000Z","volume":4000,"label":" ","price":2.03},{"type":"B","date":"2018-03-27T05:52:15.000Z","volume":2000,"label":" ","price":2.02},{"type":"A","date":"2018-03-27T05:52:17.000Z","volume":12000,"label":" ","price":2.03},{"type":"B","date":"2018-03-27T05:52:21.000Z","volume":2000,"label":" ","price":2.02},{"type":"A","date":"2018-03-27T05:52:42.000Z","volume":4000,"label":" ","price":2.03},{"type":"A","date":"2018-03-27T05:52:53.000Z","volume":4000,"label":" ","price":2.03},{"type":"A","date":"2018-03-27T05:53:20.000Z","volume":12000,"label":" ","price":2.03},{"type":"B","date":"2018-03-27T05:53:22.000Z","volume":2000,"label":" ","price":2.02},{"type":"A","date":"2018-03-27T05:53:37.000Z","volume":4000,"label":"Y","price":2.03},{"type":"A","date":"2018-03-27T05:54:14.000Z","volume":22000,"label":" ","price":2.03},{"type":"B","date":"2018-03-27T05:54:17.000Z","volume":2000,"label":" ","price":2.02},{"type":"A","date":"2018-03-27T05:54:21.000Z","volume":4000,"label":"Y","price":2.03},{"type":"B","date":"2018-03-27T05:54:27.000Z","volume":2000,"label":" ","price":2.02},{"type":"A","date":"2018-03-27T05:55:05.000Z","volume":6000,"label":"Y","price":2.03},{"type":"A","date":"2018-03-27T05:55:49.000Z","volume":4000,"label":"Y","price":2.03},{"type":"A","date":"2018-03-27T05:56:14.000Z","volume":8000,"label":" ","price":2.03},{"type":"B","date":"2018-03-27T05:56:19.000Z","volume":2000,"label":" ","price":2.02},{"type":"A","date":"2018-03-27T05:56:33.000Z","volume":4000,"label":" ","price":2.03},{"type":"A","date":"2018-03-27T05:56:36.000Z","volume":344000,"label":" ","price":2.03},{"type":"A","date":"2018-03-27T05:57:05.000Z","volume":90000,"label":" ","price":2.03},{"type":"A","date":"2018-03-27T05:57:10.000Z","volume":8000,"label":" ","price":2.03},{"type":"A","date":"2018-03-27T05:57:17.000Z","volume":4000,"label":" ","price":2.03},{"type":"B","date":"2018-03-27T05:57:18.000Z","volume":2000,"label":" ","price":2.02},{"type":"U","date":"2018-03-27T05:57:19.000Z","volume":2000,"label":"X","price":2.03},{"type":"B","date":"2018-03-27T05:57:32.000Z","volume":6000,"label":" ","price":2.02},{"type":"A","date":"2018-03-27T05:57:55.000Z","volume":6000,"label":" ","price":2.03},{"type":"A","date":"2018-03-27T05:58:00.000Z","volume":4000,"label":" ","price":2.03},{"type":"B","date":"2018-03-27T05:58:00.000Z","volume":8000,"label":" ","price":2.02},{"type":"A","date":"2018-03-27T05:59:20.000Z","volume":8000,"label":" ","price":2.03},{"type":"B","date":"2018-03-27T05:59:24.000Z","volume":4000,"label":" ","price":2.02},{"type":"A","date":"2018-03-27T06:00:23.000Z","volume":4000,"label":" ","price":2.03},{"type":"A","date":"2018-03-27T06:00:32.000Z","volume":8000,"label":" ","price":2.03},{"type":"A","date":"2018-03-27T06:01:03.000Z","volume":4000,"label":" ","price":2.03},{"type":"A","date":"2018-03-27T06:01:10.000Z","volume":8000,"label":" ","price":2.03},{"type":"B","date":"2018-03-27T06:01:10.000Z","volume":2000,"label":" ","price":2.02},{"type":"A","date":"2018-03-27T06:01:44.000Z","volume":8000,"label":" ","price":2.03},{"type":"B","date":"2018-03-27T06:01:49.000Z","volume":2000,"label":" ","price":2.02},{"type":"A","date":"2018-03-27T06:02:03.000Z","volume":4000,"label":" ","price":2.03},{"type":"A","date":"2018-03-27T06:02:22.000Z","volume":2000,"label":" ","price":2.03},{"type":"B","date":"2018-03-27T06:02:29.000Z","volume":2000,"label":" ","price":2.02},{"type":"A","date":"2018-03-27T06:02:41.000Z","volume":4000,"label":" ","price":2.03},{"type":"B","date":"2018-03-27T06:03:17.000Z","volume":2000,"label":" ","price":2.02},{"type":"A","date":"2018-03-27T06:03:21.000Z","volume":4000,"label":" ","price":2.03},{"type":"A","date":"2018-03-27T06:03:27.000Z","volume":2000,"label":" ","price":2.03},{"type":"A","date":"2018-03-27T06:03:30.000Z","volume":8000,"label":" ","price":2.03},{"type":"B","date":"2018-03-27T06:03:35.000Z","volume":2000,"label":" ","price":2.02},{"type":"A","date":"2018-03-27T06:03:36.000Z","volume":4000,"label":" ","price":2.03},{"type":"A","date":"2018-03-27T06:04:01.000Z","volume":4000,"label":" ","price":2.03},{"type":"A","date":"2018-03-27T06:04:27.000Z","volume":4000,"label":" ","price":2.03},{"type":"A","date":"2018-03-27T06:04:37.000Z","volume":6000,"label":" ","price":2.03},{"type":"A","date":"2018-03-27T06:04:48.000Z","volume":8000,"label":" ","price":2.03},{"type":"A","date":"2018-03-27T06:04:51.000Z","volume":12000,"label":" ","price":2.03},{"type":"A","date":"2018-03-27T06:04:53.000Z","volume":10000,"label":" ","price":2.03},{"type":"A","date":"2018-03-27T06:04:59.000Z","volume":6000,"label":" ","price":2.03},{"type":"B","date":"2018-03-27T06:05:03.000Z","volume":14000,"label":" ","price":2.02},{"type":"A","date":"2018-03-27T06:05:07.000Z","volume":30000,"label":" ","price":2.03},{"type":"A","date":"2018-03-27T06:05:54.000Z","volume":8000,"label":" ","price":2.03},{"type":"B","date":"2018-03-27T06:05:56.000Z","volume":4000,"label":" ","price":2.02},{"type":"A","date":"2018-03-27T06:05:59.000Z","volume":2000,"label":" ","price":2.03},{"type":"B","date":"2018-03-27T06:06:04.000Z","volume":2000,"label":" ","price":2.02},{"type":"A","date":"2018-03-27T06:06:33.000Z","volume":4000,"label":" ","price":2.03},{"type":"A","date":"2018-03-27T06:06:34.000Z","volume":36000,"label":" ","price":2.03},{"type":"B","date":"2018-03-27T06:07:00.000Z","volume":2000,"label":" ","price":2.02},{"type":"A","date":"2018-03-27T06:07:01.000Z","volume":82000,"label":" ","price":2.03},{"type":"A","date":"2018-03-27T06:07:01.000Z","volume":108000,"label":" ","price":2.03},{"type":"B","date":"2018-03-27T06:07:05.000Z","volume":2000,"label":"Y","price":2.03},{"type":"A","date":"2018-03-27T06:07:10.000Z","volume":8000,"label":" ","price":2.04},{"type":"A","date":"2018-03-27T06:07:15.000Z","volume":30000,"label":" ","price":2.04},{"type":"A","date":"2018-03-27T06:07:15.000Z","volume":4000,"label":" ","price":2.04},{"type":"B","date":"2018-03-27T06:07:53.000Z","volume":8000,"label":" ","price":2.03},{"type":"A","date":"2018-03-27T06:07:55.000Z","volume":4000,"label":" ","price":2.04},{"type":"B","date":"2018-03-27T06:08:10.000Z","volume":2000,"label":" ","price":2.03},{"type":"A","date":"2018-03-27T06:08:22.000Z","volume":8000,"label":" ","price":2.04},{"type":"A","date":"2018-03-27T06:08:37.000Z","volume":4000,"label":" ","price":2.04},{"type":"B","date":"2018-03-27T06:08:45.000Z","volume":2000,"label":" ","price":2.03},{"type":"A","date":"2018-03-27T06:09:21.000Z","volume":4000,"label":" ","price":2.04},{"type":"A","date":"2018-03-27T06:09:34.000Z","volume":8000,"label":" ","price":2.04},{"type":"B","date":"2018-03-27T06:09:36.000Z","volume":2000,"label":" ","price":2.03},{"type":"A","date":"2018-03-27T06:10:05.000Z","volume":4000,"label":" ","price":2.04},{"type":"A","date":"2018-03-27T06:10:48.000Z","volume":102000,"label":" ","price":2.04},{"type":"A","date":"2018-03-27T06:10:48.000Z","volume":4000,"label":" ","price":2.04},{"type":"B","date":"2018-03-27T06:10:50.000Z","volume":10000,"label":" ","price":2.03},{"type":"A","date":"2018-03-27T06:10:52.000Z","volume":8000,"label":" ","price":2.04},{"type":"A","date":"2018-03-27T06:11:31.000Z","volume":4000,"label":" ","price":2.04},{"type":"B","date":"2018-03-27T06:11:43.000Z","volume":6000,"label":" ","price":2.03},{"type":"A","date":"2018-03-27T06:12:10.000Z","volume":8000,"label":" ","price":2.04},{"type":"A","date":"2018-03-27T06:12:15.000Z","volume":4000,"label":" ","price":2.04},{"type":"B","date":"2018-03-27T06:12:19.000Z","volume":2000,"label":" ","price":2.03},{"type":"A","date":"2018-03-27T06:13:03.000Z","volume":4000,"label":" ","price":2.04},{"type":"A","date":"2018-03-27T06:13:30.000Z","volume":8000,"label":" ","price":2.04},{"type":"A","date":"2018-03-27T06:13:35.000Z","volume":8000,"label":" ","price":2.04},{"type":"B","date":"2018-03-27T06:13:36.000Z","volume":2000,"label":" ","price":2.03},{"type":"A","date":"2018-03-27T06:13:47.000Z","volume":4000,"label":" ","price":2.04},{"type":"B","date":"2018-03-27T06:14:07.000Z","volume":10000,"label":" ","price":2.03},{"type":"B","date":"2018-03-27T06:14:23.000Z","volume":2000,"label":" ","price":2.03},{"type":"A","date":"2018-03-27T06:14:31.000Z","volume":4000,"label":" ","price":2.04},{"type":"A","date":"2018-03-27T06:14:48.000Z","volume":8000,"label":" ","price":2.04},{"type":"A","date":"2018-03-27T06:15:13.000Z","volume":4000,"label":" ","price":2.04},{"type":"A","date":"2018-03-27T06:15:21.000Z","volume":4000,"label":" ","price":2.04},{"type":"B","date":"2018-03-27T06:15:23.000Z","volume":2000,"label":" ","price":2.03},{"type":"B","date":"2018-03-27T06:15:49.000Z","volume":30000,"label":" ","price":2.03},{"type":"B","date":"2018-03-27T06:15:51.000Z","volume":2000,"label":" ","price":2.03},{"type":"A","date":"2018-03-27T06:15:53.000Z","volume":4000,"label":" ","price":2.04},{"type":"A","date":"2018-03-27T06:16:33.000Z","volume":4000,"label":" ","price":2.04},{"type":"B","date":"2018-03-27T06:16:37.000Z","volume":2000,"label":" ","price":2.03},{"type":"B","date":"2018-03-27T06:17:15.000Z","volume":8000,"label":" ","price":2.03},{"type":"A","date":"2018-03-27T06:17:15.000Z","volume":4000,"label":" ","price":2.04},{"type":"A","date":"2018-03-27T06:17:57.000Z","volume":4000,"label":" ","price":2.04},{"type":"B","date":"2018-03-27T06:17:58.000Z","volume":2000,"label":" ","price":2.03},{"type":"A","date":"2018-03-27T06:18:17.000Z","volume":4000,"label":" ","price":2.04},{"type":"B","date":"2018-03-27T06:18:21.000Z","volume":20000,"label":" ","price":2.03},{"type":"B","date":"2018-03-27T06:18:24.000Z","volume":2000,"label":" ","price":2.03},{"type":"A","date":"2018-03-27T06:19:05.000Z","volume":166000,"label":" ","price":2.04},{"type":"B","date":"2018-03-27T06:19:06.000Z","volume":8000,"label":" ","price":2.03},{"type":"B","date":"2018-03-27T06:19:12.000Z","volume":70000,"label":" ","price":2.03},{"type":"B","date":"2018-03-27T06:19:19.000Z","volume":4000,"label":" ","price":2.03},{"type":"B","date":"2018-03-27T06:19:54.000Z","volume":10000,"label":" ","price":2.03},{"type":"B","date":"2018-03-27T06:20:00.000Z","volume":2000,"label":" ","price":2.03},{"type":"B","date":"2018-03-27T06:20:06.000Z","volume":2000,"label":" ","price":2.03},{"type":"A","date":"2018-03-27T06:21:58.000Z","volume":6000,"label":" ","price":2.04},{"type":"A","date":"2018-03-27T06:22:15.000Z","volume":6000,"label":" ","price":2.04},{"type":"A","date":"2018-03-27T06:22:17.000Z","volume":2000,"label":" ","price":2.04},{"type":"B","date":"2018-03-27T06:22:17.000Z","volume":2000,"label":" ","price":2.03},{"type":"A","date":"2018-03-27T06:22:52.000Z","volume":14000,"label":" ","price":2.04},{"type":"B","date":"2018-03-27T06:22:56.000Z","volume":2000,"label":" ","price":2.03},{"type":"B","date":"2018-03-27T06:23:12.000Z","volume":100000,"label":" ","price":2.03},{"type":"B","date":"2018-03-27T06:23:15.000Z","volume":6000,"label":" ","price":2.03},{"type":"B","date":"2018-03-27T06:24:03.000Z","volume":2000,"label":" ","price":2.03},{"type":"B","date":"2018-03-27T06:24:08.000Z","volume":2000,"label":" ","price":2.03},{"type":"A","date":"2018-03-27T06:24:31.000Z","volume":402000,"label":" ","price":2.04},{"type":"B","date":"2018-03-27T06:24:31.000Z","volume":30000,"label":" ","price":2.03},{"type":"A","date":"2018-03-27T06:25:57.000Z","volume":2000,"label":" ","price":2.04},{"type":"A","date":"2018-03-27T06:26:02.000Z","volume":8000,"label":" ","price":2.04},{"type":"A","date":"2018-03-27T06:26:17.000Z","volume":2000,"label":" ","price":2.04},{"type":"A","date":"2018-03-27T06:26:37.000Z","volume":2000,"label":" ","price":2.04},{"type":"A","date":"2018-03-27T06:26:53.000Z","volume":396000,"label":" ","price":2.04},{"type":"A","date":"2018-03-27T06:26:53.000Z","volume":2000,"label":" ","price":2.04},{"type":"A","date":"2018-03-27T06:27:03.000Z","volume":2000,"label":" ","price":2.04},{"type":"A","date":"2018-03-27T06:27:12.000Z","volume":8000,"label":" ","price":2.04},{"type":"A","date":"2018-03-27T06:27:25.000Z","volume":2000,"label":" ","price":2.04},{"type":"A","date":"2018-03-27T06:27:39.000Z","volume":4000,"label":" ","price":2.04},{"type":"A","date":"2018-03-27T06:27:47.000Z","volume":2000,"label":" ","price":2.04},{"type":"A","date":"2018-03-27T06:27:47.000Z","volume":2000,"label":" ","price":2.04},{"type":"B","date":"2018-03-27T06:27:48.000Z","volume":14000,"label":" ","price":2.03},{"type":"A","date":"2018-03-27T06:28:07.000Z","volume":2000,"label":" ","price":2.04},{"type":"A","date":"2018-03-27T06:28:24.000Z","volume":8000,"label":" ","price":2.04},{"type":"A","date":"2018-03-27T06:28:27.000Z","volume":2000,"label":" ","price":2.04},{"type":"A","date":"2018-03-27T06:28:47.000Z","volume":2000,"label":" ","price":2.04},{"type":"A","date":"2018-03-27T06:28:51.000Z","volume":2000,"label":" ","price":2.04},{"type":"A","date":"2018-03-27T06:28:51.000Z","volume":20000,"label":" ","price":2.04},{"type":"A","date":"2018-03-27T06:29:38.000Z","volume":8000,"label":" ","price":2.04},{"type":"B","date":"2018-03-27T06:29:45.000Z","volume":8000,"label":" ","price":2.03},{"type":"A","date":"2018-03-27T06:30:52.000Z","volume":8000,"label":" ","price":2.04},{"type":"B","date":"2018-03-27T06:31:06.000Z","volume":10000,"label":" ","price":2.03},{"type":"A","date":"2018-03-27T06:31:15.000Z","volume":8000,"label":" ","price":2.04},{"type":"A","date":"2018-03-27T06:31:43.000Z","volume":2000,"label":" ","price":2.04},{"type":"B","date":"2018-03-27T06:31:52.000Z","volume":120000,"label":"Y","price":2.03},{"type":"B","date":"2018-03-27T06:31:52.000Z","volume":80000,"label":" ","price":2.03},{"type":"B","date":"2018-03-27T06:31:52.000Z","volume":136000,"label":" ","price":2.03},{"type":"B","date":"2018-03-27T06:31:52.000Z","volume":8000,"label":" ","price":2.02},{"type":"B","date":"2018-03-27T06:31:58.000Z","volume":10000,"label":" ","price":2.02},{"type":"B","date":"2018-03-27T06:31:59.000Z","volume":4000,"label":" ","price":2.02},{"type":"B","date":"2018-03-27T06:32:05.000Z","volume":2000,"label":" ","price":2.02},{"type":"A","date":"2018-03-27T06:32:51.000Z","volume":16000,"label":" ","price":2.02},{"type":"A","date":"2018-03-27T06:33:11.000Z","volume":12000,"label":" ","price":2.02},{"type":"A","date":"2018-03-27T06:33:11.000Z","volume":2000,"label":" ","price":2.02},{"type":"A","date":"2018-03-27T06:33:36.000Z","volume":4000,"label":" ","price":2.02},{"type":"A","date":"2018-03-27T06:38:45.000Z","volume":10000,"label":" ","price":2.03},{"type":"A","date":"2018-03-27T06:38:52.000Z","volume":8000,"label":" ","price":2.03},{"type":"A","date":"2018-03-27T06:39:42.000Z","volume":50000,"label":" ","price":2.03},{"type":"B","date":"2018-03-27T06:40:41.000Z","volume":2000,"label":" ","price":2.02},{"type":"A","date":"2018-03-27T06:40:45.000Z","volume":4000,"label":" ","price":2.03},{"type":"A","date":"2018-03-27T06:40:46.000Z","volume":2000,"label":" ","price":2.03},{"type":"A","date":"2018-03-27T06:45:26.000Z","volume":700000,"label":" ","price":2.04},{"type":"A","date":"2018-03-27T06:45:26.000Z","volume":62000,"label":" ","price":2.04},{"type":"B","date":"2018-03-27T06:45:26.000Z","volume":22000,"label":" ","price":2.03},{"type":"A","date":"2018-03-27T06:45:42.000Z","volume":6000,"label":" ","price":2.05},{"type":"A","date":"2018-03-27T06:45:45.000Z","volume":6000,"label":" ","price":2.04},{"type":"A","date":"2018-03-27T06:46:00.000Z","volume":2000,"label":" ","price":2.04},{"type":"A","date":"2018-03-27T06:46:05.000Z","volume":6000,"label":" ","price":2.04},{"type":"U","date":"2018-03-27T06:46:22.000Z","volume":2000,"label":"X","price":2.035},{"type":"A","date":"2018-03-27T06:49:35.000Z","volume":20000,"label":" ","price":2.04},{"type":"A","date":"2018-03-27T06:49:47.000Z","volume":2000,"label":" ","price":2.04},{"type":"A","date":"2018-03-27T06:50:00.000Z","volume":2000,"label":" ","price":2.04},{"type":"A","date":"2018-03-27T06:50:11.000Z","volume":24000,"label":" ","price":2.04},{"type":"A","date":"2018-03-27T06:51:54.000Z","volume":6000,"label":" ","price":2.05},{"type":"A","date":"2018-03-27T06:52:04.000Z","volume":30000,"label":" ","price":2.05},{"type":"A","date":"2018-03-27T06:52:06.000Z","volume":14000,"label":" ","price":2.05},{"type":"A","date":"2018-03-27T06:52:36.000Z","volume":2000,"label":" ","price":2.05},{"type":"A","date":"2018-03-27T06:52:48.000Z","volume":6000,"label":" ","price":2.05},{"type":"A","date":"2018-03-27T06:53:01.000Z","volume":2000,"label":" ","price":2.05},{"type":"A","date":"2018-03-27T06:53:22.000Z","volume":16000,"label":" ","price":2.05},{"type":"A","date":"2018-03-27T06:53:24.000Z","volume":2000,"label":" ","price":2.05},{"type":"A","date":"2018-03-27T06:53:36.000Z","volume":6000,"label":" ","price":2.05},{"type":"A","date":"2018-03-27T06:54:24.000Z","volume":2000,"label":" ","price":2.05},{"type":"A","date":"2018-03-27T06:54:24.000Z","volume":8000,"label":" ","price":2.05},{"type":"A","date":"2018-03-27T06:55:05.000Z","volume":300000,"label":" ","price":2.05},{"type":"A","date":"2018-03-27T06:55:05.000Z","volume":34000,"label":" ","price":2.05},{"type":"A","date":"2018-03-27T06:55:10.000Z","volume":6000,"label":" ","price":2.05},{"type":"A","date":"2018-03-27T06:55:11.000Z","volume":2000,"label":" ","price":2.05},{"type":"A","date":"2018-03-27T06:55:11.000Z","volume":72000,"label":" ","price":2.05},{"type":"A","date":"2018-03-27T06:55:16.000Z","volume":10000,"label":" ","price":2.05},{"type":"B","date":"2018-03-27T06:55:16.000Z","volume":12000,"label":" ","price":2.04},{"type":"U","date":"2018-03-27T06:55:22.000Z","volume":4000,"label":"X","price":2.05},{"type":"A","date":"2018-03-27T06:55:35.000Z","volume":6000,"label":" ","price":2.05},{"type":"A","date":"2018-03-27T06:55:40.000Z","volume":34000,"label":" ","price":2.05},{"type":"A","date":"2018-03-27T06:55:48.000Z","volume":8000,"label":" ","price":2.05},{"type":"B","date":"2018-03-27T06:55:49.000Z","volume":2000,"label":"Y","price":2.04},{"type":"B","date":"2018-03-27T06:55:54.000Z","volume":14000,"label":" ","price":2.04},{"type":"A","date":"2018-03-27T06:55:56.000Z","volume":400000,"label":" ","price":2.05},{"type":"A","date":"2018-03-27T06:55:56.000Z","volume":52000,"label":" ","price":2.05},{"type":"A","date":"2018-03-27T06:56:16.000Z","volume":2000,"label":" ","price":2.06},{"type":"B","date":"2018-03-27T06:56:28.000Z","volume":290000,"label":" ","price":2.05},{"type":"A","date":"2018-03-27T06:56:28.000Z","volume":38000,"label":" ","price":2.05},{"type":"A","date":"2018-03-27T06:56:28.000Z","volume":2000,"label":" ","price":2.05},{"type":"A","date":"2018-03-27T06:56:36.000Z","volume":16000,"label":" ","price":2.05},{"type":"B","date":"2018-03-27T06:56:47.000Z","volume":34000,"label":" ","price":2.04},{"type":"A","date":"2018-03-27T06:57:01.000Z","volume":2000,"label":" ","price":2.05},{"type":"A","date":"2018-03-27T06:57:04.000Z","volume":16000,"label":"Y","price":2.05},{"type":"B","date":"2018-03-27T06:57:21.000Z","volume":28000,"label":" ","price":2.04},{"type":"B","date":"2018-03-27T06:57:45.000Z","volume":4000,"label":" ","price":2.04},{"type":"B","date":"2018-03-27T06:58:17.000Z","volume":4000,"label":" ","price":2.04},{"type":"A","date":"2018-03-27T06:58:52.000Z","volume":16000,"label":" ","price":2.05},{"type":"A","date":"2018-03-27T06:59:05.000Z","volume":60000,"label":" ","price":2.05},{"type":"B","date":"2018-03-27T06:59:12.000Z","volume":8000,"label":" ","price":2.04},{"type":"B","date":"2018-03-27T06:59:48.000Z","volume":2000,"label":" ","price":2.04},{"type":"B","date":"2018-03-27T06:59:59.000Z","volume":4000,"label":" ","price":2.04},{"type":"B","date":"2018-03-27T07:00:04.000Z","volume":2000,"label":" ","price":2.04},{"type":"A","date":"2018-03-27T07:00:14.000Z","volume":200000,"label":" ","price":2.05},{"type":"A","date":"2018-03-27T07:00:15.000Z","volume":8000,"label":" ","price":2.05},{"type":"A","date":"2018-03-27T07:00:25.000Z","volume":38000,"label":" ","price":2.05},{"type":"A","date":"2018-03-27T07:00:26.000Z","volume":30000,"label":" ","price":2.05},{"type":"A","date":"2018-03-27T07:01:00.000Z","volume":12000,"label":" ","price":2.05},{"type":"A","date":"2018-03-27T07:01:14.000Z","volume":84000,"label":" ","price":2.06},{"type":"B","date":"2018-03-27T07:01:15.000Z","volume":4000,"label":" ","price":2.05},{"type":"B","date":"2018-03-27T07:02:08.000Z","volume":8000,"label":" ","price":2.05},{"type":"A","date":"2018-03-27T07:04:05.000Z","volume":292000,"label":" ","price":2.06},{"type":"B","date":"2018-03-27T07:04:05.000Z","volume":12000,"label":" ","price":2.05},{"type":"U","date":"2018-03-27T07:04:23.000Z","volume":4000,"label":"X","price":2.06},{"type":"B","date":"2018-03-27T07:05:03.000Z","volume":20000,"label":" ","price":2.05},{"type":"A","date":"2018-03-27T07:05:05.000Z","volume":8000,"label":" ","price":2.06},{"type":"B","date":"2018-03-27T07:05:06.000Z","volume":6000,"label":" ","price":2.05},{"type":"A","date":"2018-03-27T07:05:36.000Z","volume":220000,"label":" ","price":2.06},{"type":"B","date":"2018-03-27T07:05:40.000Z","volume":26000,"label":" ","price":2.05},{"type":"B","date":"2018-03-27T07:05:43.000Z","volume":20000,"label":" ","price":2.05},{"type":"A","date":"2018-03-27T07:05:58.000Z","volume":20000,"label":" ","price":2.06},{"type":"A","date":"2018-03-27T07:06:01.000Z","volume":2000,"label":" ","price":2.06},{"type":"A","date":"2018-03-27T07:06:09.000Z","volume":98000,"label":" ","price":2.06},{"type":"A","date":"2018-03-27T07:06:29.000Z","volume":116000,"label":" ","price":2.06},{"type":"A","date":"2018-03-27T07:06:40.000Z","volume":12000,"label":" ","price":2.06},{"type":"B","date":"2018-03-27T07:06:51.000Z","volume":100000,"label":" ","price":2.05},{"type":"A","date":"2018-03-27T07:06:53.000Z","volume":14000,"label":" ","price":2.06},{"type":"B","date":"2018-03-27T07:06:53.000Z","volume":20000,"label":" ","price":2.05},{"type":"B","date":"2018-03-27T07:06:53.000Z","volume":4000,"label":" ","price":2.06},{"type":"A","date":"2018-03-27T07:06:55.000Z","volume":68000,"label":" ","price":2.07},{"type":"A","date":"2018-03-27T07:07:01.000Z","volume":6000,"label":" ","price":2.07},{"type":"B","date":"2018-03-27T07:07:01.000Z","volume":8000,"label":" ","price":2.06},{"type":"A","date":"2018-03-27T07:07:10.000Z","volume":184000,"label":" ","price":2.07},{"type":"B","date":"2018-03-27T07:07:45.000Z","volume":14000,"label":" ","price":2.06},{"type":"A","date":"2018-03-27T07:07:51.000Z","volume":10000,"label":" ","price":2.07},{"type":"B","date":"2018-03-27T07:07:58.000Z","volume":8000,"label":" ","price":2.06},{"type":"B","date":"2018-03-27T07:08:02.000Z","volume":6000,"label":" ","price":2.06},{"type":"B","date":"2018-03-27T07:08:50.000Z","volume":400000,"label":" ","price":2.06},{"type":"B","date":"2018-03-27T07:08:50.000Z","volume":8000,"label":" ","price":2.06},{"type":"B","date":"2018-03-27T07:08:51.000Z","volume":40000,"label":" ","price":2.06},{"type":"B","date":"2018-03-27T07:09:44.000Z","volume":4000,"label":" ","price":2.06},{"type":"A","date":"2018-03-27T07:10:14.000Z","volume":82000,"label":" ","price":2.07},{"type":"B","date":"2018-03-27T07:13:26.000Z","volume":2000,"label":" ","price":2.06},{"type":"A","date":"2018-03-27T07:15:35.000Z","volume":500000,"label":" ","price":2.07},{"type":"A","date":"2018-03-27T07:15:39.000Z","volume":60000,"label":" ","price":2.07},{"type":"B","date":"2018-03-27T07:15:43.000Z","volume":4000,"label":" ","price":2.07},{"type":"A","date":"2018-03-27T07:15:56.000Z","volume":2000,"label":" ","price":2.08},{"type":"A","date":"2018-03-27T07:16:07.000Z","volume":74000,"label":" ","price":2.08},{"type":"U","date":"2018-03-27T07:16:48.000Z","volume":1920,"label":"D","price":2.02},{"type":"A","date":"2018-03-27T07:17:26.000Z","volume":76000,"label":" ","price":2.08},{"type":"B","date":"2018-03-27T07:17:29.000Z","volume":400000,"label":" ","price":2.07},{"type":"A","date":"2018-03-27T07:17:36.000Z","volume":2000,"label":" ","price":2.08},{"type":"A","date":"2018-03-27T07:17:41.000Z","volume":2000,"label":" ","price":2.08},{"type":"B","date":"2018-03-27T07:18:41.000Z","volume":10000,"label":" ","price":2.07},{"type":"A","date":"2018-03-27T07:18:43.000Z","volume":2000,"label":" ","price":2.08},{"type":"B","date":"2018-03-27T07:19:01.000Z","volume":2000,"label":" ","price":2.07},{"type":"B","date":"2018-03-27T07:21:31.000Z","volume":30000,"label":" ","price":2.07},{"type":"A","date":"2018-03-27T07:22:29.000Z","volume":80000,"label":" ","price":2.08},{"type":"A","date":"2018-03-27T07:22:30.000Z","volume":16000,"label":" ","price":2.08},{"type":"A","date":"2018-03-27T07:23:16.000Z","volume":20000,"label":" ","price":2.08},{"type":"A","date":"2018-03-27T07:23:37.000Z","volume":100000,"label":" ","price":2.08},{"type":"B","date":"2018-03-27T07:24:22.000Z","volume":60000,"label":" ","price":2.07},{"type":"B","date":"2018-03-27T07:24:27.000Z","volume":500000,"label":" ","price":2.07},{"type":"B","date":"2018-03-27T07:24:55.000Z","volume":180000,"label":" ","price":2.07},{"type":"B","date":"2018-03-27T07:24:58.000Z","volume":4000,"label":" ","price":2.07},{"type":"A","date":"2018-03-27T07:25:24.000Z","volume":18000,"label":" ","price":2.07},{"type":"A","date":"2018-03-27T07:25:40.000Z","volume":20000,"label":" ","price":2.07},{"type":"A","date":"2018-03-27T07:26:36.000Z","volume":50000,"label":" ","price":2.07},{"type":"A","date":"2018-03-27T07:26:42.000Z","volume":20000,"label":" ","price":2.07},{"type":"A","date":"2018-03-27T07:26:55.000Z","volume":4000,"label":" ","price":2.07},{"type":"A","date":"2018-03-27T07:27:01.000Z","volume":2000,"label":" ","price":2.08},{"type":"B","date":"2018-03-27T07:28:38.000Z","volume":40000,"label":" ","price":2.07},{"type":"A","date":"2018-03-27T07:29:38.000Z","volume":2000,"label":" ","price":2.08},{"type":"B","date":"2018-03-27T07:30:24.000Z","volume":16000,"label":" ","price":2.07},{"type":"B","date":"2018-03-27T07:30:25.000Z","volume":10000,"label":" ","price":2.07},{"type":"A","date":"2018-03-27T07:30:35.000Z","volume":852000,"label":" ","price":2.08},{"type":"U","date":"2018-03-27T07:30:38.000Z","volume":2000,"label":" ","price":2.08},{"type":"A","date":"2018-03-27T07:31:16.000Z","volume":2000,"label":" ","price":2.09},{"type":"B","date":"2018-03-27T07:31:22.000Z","volume":20000,"label":" ","price":2.08},{"type":"A","date":"2018-03-27T07:31:23.000Z","volume":14000,"label":" ","price":2.09},{"type":"A","date":"2018-03-27T07:31:31.000Z","volume":40000,"label":" ","price":2.09},{"type":"B","date":"2018-03-27T07:31:36.000Z","volume":34000,"label":" ","price":2.08},{"type":"A","date":"2018-03-27T07:32:29.000Z","volume":2000,"label":" ","price":2.09},{"type":"B","date":"2018-03-27T07:32:46.000Z","volume":300000,"label":" ","price":2.08},{"type":"A","date":"2018-03-27T07:32:56.000Z","volume":4000,"label":" ","price":2.09},{"type":"B","date":"2018-03-27T07:33:21.000Z","volume":10000,"label":" ","price":2.08},{"type":"A","date":"2018-03-27T07:33:25.000Z","volume":2000,"label":" ","price":2.09},{"type":"A","date":"2018-03-27T07:34:38.000Z","volume":4000,"label":" ","price":2.09},{"type":"B","date":"2018-03-27T07:34:57.000Z","volume":10000,"label":" ","price":2.08},{"type":"A","date":"2018-03-27T07:35:48.000Z","volume":28000,"label":" ","price":2.09},{"type":"A","date":"2018-03-27T07:35:49.000Z","volume":2000,"label":" ","price":2.09},{"type":"B","date":"2018-03-27T07:35:59.000Z","volume":20000,"label":" ","price":2.08},{"type":"A","date":"2018-03-27T07:36:16.000Z","volume":22000,"label":" ","price":2.09},{"type":"B","date":"2018-03-27T07:37:02.000Z","volume":10000,"label":" ","price":2.08},{"type":"A","date":"2018-03-27T07:37:07.000Z","volume":10000,"label":" ","price":2.09},{"type":"B","date":"2018-03-27T07:37:12.000Z","volume":4000,"label":" ","price":2.08},{"type":"A","date":"2018-03-27T07:38:10.000Z","volume":26000,"label":" ","price":2.09},{"type":"B","date":"2018-03-27T07:38:10.000Z","volume":100000,"label":" ","price":2.08},{"type":"A","date":"2018-03-27T07:38:11.000Z","volume":10000,"label":" ","price":2.09},{"type":"A","date":"2018-03-27T07:38:53.000Z","volume":26000,"label":" ","price":2.09},{"type":"B","date":"2018-03-27T07:38:54.000Z","volume":4000,"label":" ","price":2.08},{"type":"A","date":"2018-03-27T07:40:14.000Z","volume":428000,"label":" ","price":2.09},{"type":"A","date":"2018-03-27T07:40:15.000Z","volume":12000,"label":" ","price":2.09},{"type":"B","date":"2018-03-27T07:40:16.000Z","volume":6000,"label":" ","price":2.08},{"type":"A","date":"2018-03-27T07:40:35.000Z","volume":10000,"label":" ","price":2.09},{"type":"A","date":"2018-03-27T07:40:45.000Z","volume":14000,"label":" ","price":2.09},{"type":"B","date":"2018-03-27T07:41:45.000Z","volume":16000,"label":" ","price":2.08},{"type":"A","date":"2018-03-27T07:41:45.000Z","volume":4000,"label":" ","price":2.09},{"type":"B","date":"2018-03-27T07:42:12.000Z","volume":2000,"label":" ","price":2.08},{"type":"B","date":"2018-03-27T07:42:29.000Z","volume":10000,"label":" ","price":2.08},{"type":"A","date":"2018-03-27T07:42:29.000Z","volume":4000,"label":" ","price":2.09},{"type":"A","date":"2018-03-27T07:42:38.000Z","volume":100000,"label":" ","price":2.09},{"type":"A","date":"2018-03-27T07:42:40.000Z","volume":16000,"label":" ","price":2.09},{"type":"A","date":"2018-03-27T07:42:40.000Z","volume":66000,"label":" ","price":2.09},{"type":"U","date":"2018-03-27T07:42:43.000Z","volume":2000,"label":" ","price":2.09},{"type":"A","date":"2018-03-27T07:42:55.000Z","volume":2000,"label":" ","price":2.1},{"type":"A","date":"2018-03-27T07:43:35.000Z","volume":4000,"label":" ","price":2.1},{"type":"A","date":"2018-03-27T07:43:36.000Z","volume":20000,"label":" ","price":2.1},{"type":"B","date":"2018-03-27T07:43:56.000Z","volume":2000,"label":" ","price":2.09},{"type":"A","date":"2018-03-27T07:44:03.000Z","volume":608000,"label":" ","price":2.1},{"type":"A","date":"2018-03-27T07:44:09.000Z","volume":2000,"label":" ","price":2.1},{"type":"A","date":"2018-03-27T07:44:19.000Z","volume":100000,"label":" ","price":2.1},{"type":"A","date":"2018-03-27T07:44:21.000Z","volume":28000,"label":" ","price":2.1},{"type":"U","date":"2018-03-27T07:44:23.000Z","volume":2000,"label":" ","price":2.1},{"type":"A","date":"2018-03-27T07:44:25.000Z","volume":2000,"label":" ","price":2.11},{"type":"B","date":"2018-03-27T07:44:27.000Z","volume":42000,"label":" ","price":2.1},{"type":"A","date":"2018-03-27T07:44:28.000Z","volume":2000,"label":" ","price":2.1},{"type":"A","date":"2018-03-27T07:44:31.000Z","volume":6000,"label":" ","price":2.1},{"type":"A","date":"2018-03-27T07:44:54.000Z","volume":2000,"label":" ","price":2.11},{"type":"A","date":"2018-03-27T07:44:58.000Z","volume":2000,"label":" ","price":2.11},{"type":"A","date":"2018-03-27T07:45:07.000Z","volume":30000,"label":" ","price":2.11},{"type":"B","date":"2018-03-27T07:45:30.000Z","volume":112000,"label":" ","price":2.1},{"type":"A","date":"2018-03-27T07:45:30.000Z","volume":60000,"label":" ","price":2.1},{"type":"A","date":"2018-03-27T07:45:46.000Z","volume":160000,"label":" ","price":2.1},{"type":"B","date":"2018-03-27T07:46:18.000Z","volume":10000,"label":" ","price":2.1},{"type":"B","date":"2018-03-27T07:46:24.000Z","volume":2000,"label":" ","price":2.1},{"type":"B","date":"2018-03-27T07:46:29.000Z","volume":20000,"label":" ","price":2.1},{"type":"B","date":"2018-03-27T07:46:46.000Z","volume":70000,"label":" ","price":2.1},{"type":"A","date":"2018-03-27T07:46:46.000Z","volume":56000,"label":" ","price":2.1},{"type":"B","date":"2018-03-27T07:47:14.000Z","volume":20000,"label":"Y","price":2.1},{"type":"B","date":"2018-03-27T07:47:58.000Z","volume":20000,"label":" ","price":2.1},{"type":"B","date":"2018-03-27T07:48:12.000Z","volume":36000,"label":" ","price":2.1},{"type":"A","date":"2018-03-27T07:48:27.000Z","volume":20000,"label":" ","price":2.1},{"type":"B","date":"2018-03-27T07:48:39.000Z","volume":8000,"label":" ","price":2.09},{"type":"A","date":"2018-03-27T07:48:46.000Z","volume":226000,"label":" ","price":2.1},{"type":"U","date":"2018-03-27T07:48:57.000Z","volume":6000,"label":"X","price":2.09},{"type":"A","date":"2018-03-27T07:49:03.000Z","volume":50000,"label":"Y","price":2.1},{"type":"A","date":"2018-03-27T07:49:05.000Z","volume":16000,"label":" ","price":2.1},{"type":"B","date":"2018-03-27T07:50:07.000Z","volume":50000,"label":" ","price":2.09},{"type":"A","date":"2018-03-27T07:50:07.000Z","volume":6000,"label":" ","price":2.1},{"type":"A","date":"2018-03-27T07:51:16.000Z","volume":28000,"label":" ","price":2.1},{"type":"A","date":"2018-03-27T07:51:31.000Z","volume":10000,"label":" ","price":2.1},{"type":"A","date":"2018-03-27T07:52:15.000Z","volume":300000,"label":" ","price":2.1},{"type":"B","date":"2018-03-27T07:53:00.000Z","volume":20000,"label":" ","price":2.09},{"type":"A","date":"2018-03-27T07:53:13.000Z","volume":16000,"label":" ","price":2.1},{"type":"A","date":"2018-03-27T07:53:18.000Z","volume":2000,"label":" ","price":2.1},{"type":"A","date":"2018-03-27T07:53:32.000Z","volume":2000,"label":" ","price":2.1},{"type":"B","date":"2018-03-27T07:53:52.000Z","volume":32000,"label":" ","price":2.09},{"type":"A","date":"2018-03-27T07:54:17.000Z","volume":8000,"label":" ","price":2.09},{"type":"A","date":"2018-03-27T07:54:19.000Z","volume":2000,"label":" ","price":2.09},{"type":"A","date":"2018-03-27T07:54:33.000Z","volume":2000,"label":" ","price":2.09},{"type":"A","date":"2018-03-27T07:54:49.000Z","volume":2000,"label":" ","price":2.09},{"type":"B","date":"2018-03-27T07:55:21.000Z","volume":2000,"label":" ","price":2.08},{"type":"B","date":"2018-03-27T07:55:29.000Z","volume":200000,"label":" ","price":2.08},{"type":"A","date":"2018-03-27T07:55:47.000Z","volume":8000,"label":" ","price":2.09},{"type":"A","date":"2018-03-27T07:56:53.000Z","volume":2000,"label":" ","price":2.09},{"type":"A","date":"2018-03-27T07:57:24.000Z","volume":2000,"label":" ","price":2.09},{"type":"A","date":"2018-03-27T07:57:31.000Z","volume":2000,"label":" ","price":2.09},{"type":"B","date":"2018-03-27T07:57:51.000Z","volume":90000,"label":" ","price":2.08},{"type":"A","date":"2018-03-27T07:57:53.000Z","volume":10000,"label":" ","price":2.08},{"type":"A","date":"2018-03-27T07:57:53.000Z","volume":2000,"label":" ","price":2.08},{"type":"A","date":"2018-03-27T07:58:14.000Z","volume":2000,"label":" ","price":2.09},{"type":"A","date":"2018-03-27T07:58:29.000Z","volume":2000,"label":" ","price":2.09},{"type":"A","date":"2018-03-27T07:58:30.000Z","volume":2000,"label":" ","price":2.09},{"type":"A","date":"2018-03-27T07:58:44.000Z","volume":2000,"label":" ","price":2.09},{"type":"B","date":"2018-03-27T07:58:56.000Z","volume":2000,"label":" ","price":2.08},{"type":"A","date":"2018-03-27T07:59:02.000Z","volume":10000,"label":" ","price":2.09},{"type":"A","date":"2018-03-27T07:59:02.000Z","volume":2000,"label":" ","price":2.09},{"type":"B","date":"2018-03-27T07:59:02.000Z","volume":8000,"label":" ","price":2.08},{"type":"B","date":"2018-03-27T07:59:08.000Z","volume":2000,"label":" ","price":2.08},{"type":"B","date":"2018-03-27T07:59:08.000Z","volume":2000,"label":"Y","price":2.08},{"type":"B","date":"2018-03-27T07:59:08.000Z","volume":14000,"label":" ","price":2.08},{"type":"A","date":"2018-03-27T07:59:13.000Z","volume":8000,"label":" ","price":2.08},{"type":"A","date":"2018-03-27T07:59:17.000Z","volume":2000,"label":" ","price":2.08},{"type":"A","date":"2018-03-27T07:59:37.000Z","volume":4000,"label":" ","price":2.08},{"type":"A","date":"2018-03-27T07:59:43.000Z","volume":2000,"label":" ","price":2.08},{"type":"B","date":"2018-03-27T07:59:56.000Z","volume":2000,"label":" ","price":2.07},{"type":"U","date":"2018-03-27T08:08:29.000Z","volume":382000,"label":"U","price":2.09}]