[{"type":"U","date":"2018-04-27T01:20:00.000Z","volume":72000,"label":"U","price":7.6},{"type":"A","date":"2018-04-27T01:30:02.000Z","volume":2000,"label":" ","price":7.58},{"type":"A","date":"2018-04-27T01:30:08.000Z","volume":20000,"label":" ","price":7.57},{"type":"A","date":"2018-04-27T01:30:08.000Z","volume":8000,"label":" ","price":7.57},{"type":"A","date":"2018-04-27T01:30:09.000Z","volume":3000,"label":" ","price":7.58},{"type":"B","date":"2018-04-27T01:30:12.000Z","volume":4000,"label":" ","price":7.56},{"type":"A","date":"2018-04-27T01:30:13.000Z","volume":1000,"label":" ","price":7.58},{"type":"A","date":"2018-04-27T01:30:13.000Z","volume":1000,"label":" ","price":7.58},{"type":"A","date":"2018-04-27T01:30:46.000Z","volume":1000,"label":" ","price":7.58},{"type":"A","date":"2018-04-27T01:30:49.000Z","volume":10000,"label":" ","price":7.58},{"type":"A","date":"2018-04-27T01:30:49.000Z","volume":1000,"label":" ","price":7.58},{"type":"A","date":"2018-04-27T01:30:50.000Z","volume":1000,"label":" ","price":7.58},{"type":"A","date":"2018-04-27T01:30:54.000Z","volume":2000,"label":"Y","price":7.58},{"type":"A","date":"2018-04-27T01:30:58.000Z","volume":10000,"label":" ","price":7.58},{"type":"A","date":"2018-04-27T01:30:58.000Z","volume":1000,"label":" ","price":7.58},{"type":"A","date":"2018-04-27T01:30:59.000Z","volume":1000,"label":" ","price":7.58},{"type":"A","date":"2018-04-27T01:30:59.000Z","volume":4000,"label":" ","price":7.58},{"type":"A","date":"2018-04-27T01:31:00.000Z","volume":1000,"label":" ","price":7.58},{"type":"A","date":"2018-04-27T01:31:24.000Z","volume":2000,"label":" ","price":7.58},{"type":"A","date":"2018-04-27T01:31:50.000Z","volume":10000,"label":" ","price":7.58},{"type":"A","date":"2018-04-27T01:31:51.000Z","volume":1000,"label":" ","price":7.59},{"type":"B","date":"2018-04-27T01:32:16.000Z","volume":5000,"label":" ","price":7.58},{"type":"A","date":"2018-04-27T01:32:17.000Z","volume":1000,"label":" ","price":7.59},{"type":"U","date":"2018-04-27T01:32:42.000Z","volume":1000,"label":" ","price":7.57},{"type":"B","date":"2018-04-27T01:33:17.000Z","volume":103000,"label":" ","price":7.58},{"type":"A","date":"2018-04-27T01:33:17.000Z","volume":1000,"label":" ","price":7.59},{"type":"A","date":"2018-04-27T01:33:17.000Z","volume":1000,"label":" ","price":7.59},{"type":"A","date":"2018-04-27T01:33:18.000Z","volume":5000,"label":" ","price":7.59},{"type":"A","date":"2018-04-27T01:33:18.000Z","volume":1000,"label":" ","price":7.59},{"type":"A","date":"2018-04-27T01:33:18.000Z","volume":1000,"label":" ","price":7.59},{"type":"A","date":"2018-04-27T01:33:18.000Z","volume":1000,"label":" ","price":7.59},{"type":"A","date":"2018-04-27T01:33:18.000Z","volume":22000,"label":" ","price":7.59},{"type":"A","date":"2018-04-27T01:33:18.000Z","volume":3000,"label":" ","price":7.59},{"type":"A","date":"2018-04-27T01:33:18.000Z","volume":3000,"label":" ","price":7.59},{"type":"A","date":"2018-04-27T01:34:12.000Z","volume":1000,"label":" ","price":7.59},{"type":"B","date":"2018-04-27T01:34:36.000Z","volume":5000,"label":" ","price":7.58},{"type":"B","date":"2018-04-27T01:34:51.000Z","volume":7000,"label":" ","price":7.58},{"type":"B","date":"2018-04-27T01:34:58.000Z","volume":10000,"label":" ","price":7.58},{"type":"A","date":"2018-04-27T01:35:04.000Z","volume":1000,"label":" ","price":7.59},{"type":"B","date":"2018-04-27T01:35:34.000Z","volume":100000,"label":" ","price":7.58},{"type":"B","date":"2018-04-27T01:35:43.000Z","volume":10000,"label":" ","price":7.58},{"type":"B","date":"2018-04-27T01:36:16.000Z","volume":50000,"label":" ","price":7.58},{"type":"B","date":"2018-04-27T01:36:16.000Z","volume":109000,"label":" ","price":7.58},{"type":"U","date":"2018-04-27T01:36:19.000Z","volume":6000,"label":" ","price":7.58},{"type":"U","date":"2018-04-27T01:36:19.000Z","volume":20000,"label":" ","price":7.58},{"type":"B","date":"2018-04-27T01:36:50.000Z","volume":47000,"label":" ","price":7.57},{"type":"B","date":"2018-04-27T01:36:50.000Z","volume":94000,"label":" ","price":7.56},{"type":"B","date":"2018-04-27T01:36:51.000Z","volume":22000,"label":" ","price":7.55},{"type":"B","date":"2018-04-27T01:36:51.000Z","volume":2000,"label":" ","price":7.54},{"type":"A","date":"2018-04-27T01:36:55.000Z","volume":10000,"label":" ","price":7.58},{"type":"B","date":"2018-04-27T01:36:56.000Z","volume":1000,"label":" ","price":7.53},{"type":"B","date":"2018-04-27T01:36:56.000Z","volume":1000,"label":" ","price":7.53},{"type":"B","date":"2018-04-27T01:37:45.000Z","volume":7000,"label":" ","price":7.54},{"type":"B","date":"2018-04-27T01:37:46.000Z","volume":1000,"label":" ","price":7.54},{"type":"B","date":"2018-04-27T01:37:50.000Z","volume":48000,"label":" ","price":7.54},{"type":"B","date":"2018-04-27T01:38:11.000Z","volume":8000,"label":" ","price":7.53},{"type":"B","date":"2018-04-27T01:38:11.000Z","volume":19000,"label":" ","price":7.53},{"type":"B","date":"2018-04-27T01:38:13.000Z","volume":2000,"label":" ","price":7.52},{"type":"U","date":"2018-04-27T01:38:13.000Z","volume":2000,"label":" ","price":7.54},{"type":"U","date":"2018-04-27T01:38:15.000Z","volume":1000,"label":" ","price":7.52},{"type":"B","date":"2018-04-27T01:39:04.000Z","volume":10000,"label":" ","price":7.51},{"type":"B","date":"2018-04-27T01:39:07.000Z","volume":2000,"label":" ","price":7.51},{"type":"A","date":"2018-04-27T01:39:11.000Z","volume":1000,"label":" ","price":7.53},{"type":"B","date":"2018-04-27T01:39:26.000Z","volume":10000,"label":" ","price":7.51},{"type":"B","date":"2018-04-27T01:39:28.000Z","volume":2000,"label":" ","price":7.51},{"type":"B","date":"2018-04-27T01:39:40.000Z","volume":6000,"label":" ","price":7.51},{"type":"B","date":"2018-04-27T01:39:42.000Z","volume":1000,"label":" ","price":7.51},{"type":"B","date":"2018-04-27T01:39:47.000Z","volume":38000,"label":" ","price":7.51},{"type":"B","date":"2018-04-27T01:39:51.000Z","volume":54000,"label":" ","price":7.5},{"type":"B","date":"2018-04-27T01:39:53.000Z","volume":25000,"label":" ","price":7.48},{"type":"B","date":"2018-04-27T01:40:22.000Z","volume":18000,"label":" ","price":7.47},{"type":"B","date":"2018-04-27T01:40:22.000Z","volume":37000,"label":" ","price":7.47},{"type":"B","date":"2018-04-27T01:40:22.000Z","volume":10000,"label":" ","price":7.45},{"type":"B","date":"2018-04-27T01:40:23.000Z","volume":4000,"label":" ","price":7.45},{"type":"B","date":"2018-04-27T01:40:50.000Z","volume":23000,"label":" ","price":7.46},{"type":"A","date":"2018-04-27T01:41:02.000Z","volume":66000,"label":" ","price":7.46},{"type":"A","date":"2018-04-27T01:41:02.000Z","volume":129000,"label":" ","price":7.47},{"type":"A","date":"2018-04-27T01:41:03.000Z","volume":2000,"label":" ","price":7.47},{"type":"A","date":"2018-04-27T01:41:12.000Z","volume":13000,"label":" ","price":7.48},{"type":"A","date":"2018-04-27T01:41:24.000Z","volume":4000,"label":" ","price":7.52},{"type":"A","date":"2018-04-27T01:41:40.000Z","volume":44000,"label":" ","price":7.52},{"type":"B","date":"2018-04-27T01:41:49.000Z","volume":10000,"label":" ","price":7.52},{"type":"B","date":"2018-04-27T01:42:07.000Z","volume":5000,"label":" ","price":7.54},{"type":"B","date":"2018-04-27T01:42:07.000Z","volume":52000,"label":" ","price":7.54},{"type":"B","date":"2018-04-27T01:42:13.000Z","volume":11000,"label":" ","price":7.53},{"type":"A","date":"2018-04-27T01:42:38.000Z","volume":1000,"label":" ","price":7.55},{"type":"B","date":"2018-04-27T01:42:50.000Z","volume":25000,"label":" ","price":7.53},{"type":"B","date":"2018-04-27T01:42:51.000Z","volume":4000,"label":" ","price":7.52},{"type":"A","date":"2018-04-27T01:43:37.000Z","volume":44000,"label":" ","price":7.51},{"type":"B","date":"2018-04-27T01:43:37.000Z","volume":2000,"label":" ","price":7.51},{"type":"A","date":"2018-04-27T01:43:40.000Z","volume":12000,"label":" ","price":7.52},{"type":"A","date":"2018-04-27T01:43:52.000Z","volume":7000,"label":" ","price":7.54},{"type":"A","date":"2018-04-27T01:43:52.000Z","volume":3000,"label":" ","price":7.55},{"type":"A","date":"2018-04-27T01:44:55.000Z","volume":34000,"label":" ","price":7.54},{"type":"A","date":"2018-04-27T01:44:57.000Z","volume":24000,"label":" ","price":7.54},{"type":"U","date":"2018-04-27T01:44:57.000Z","volume":7000,"label":"X","price":7.54},{"type":"U","date":"2018-04-27T01:44:57.000Z","volume":7000,"label":"X","price":7.54},{"type":"B","date":"2018-04-27T01:45:16.000Z","volume":2000,"label":" ","price":7.54},{"type":"A","date":"2018-04-27T01:45:53.000Z","volume":16000,"label":" ","price":7.55},{"type":"A","date":"2018-04-27T01:46:31.000Z","volume":5000,"label":" ","price":7.55},{"type":"A","date":"2018-04-27T01:46:34.000Z","volume":7000,"label":" ","price":7.55},{"type":"A","date":"2018-04-27T01:46:46.000Z","volume":7000,"label":" ","price":7.55},{"type":"B","date":"2018-04-27T01:46:49.000Z","volume":40000,"label":" ","price":7.54},{"type":"B","date":"2018-04-27T01:47:35.000Z","volume":30000,"label":" ","price":7.54},{"type":"B","date":"2018-04-27T01:47:56.000Z","volume":1000,"label":" ","price":7.54},{"type":"B","date":"2018-04-27T01:48:00.000Z","volume":20000,"label":" ","price":7.54},{"type":"B","date":"2018-04-27T01:48:03.000Z","volume":1000,"label":" ","price":7.54},{"type":"B","date":"2018-04-27T01:48:25.000Z","volume":10000,"label":" ","price":7.54},{"type":"B","date":"2018-04-27T01:48:35.000Z","volume":10000,"label":" ","price":7.54},{"type":"B","date":"2018-04-27T01:49:07.000Z","volume":30000,"label":" ","price":7.54},{"type":"B","date":"2018-04-27T01:49:07.000Z","volume":7000,"label":" ","price":7.54},{"type":"B","date":"2018-04-27T01:49:53.000Z","volume":10000,"label":" ","price":7.54},{"type":"B","date":"2018-04-27T01:50:11.000Z","volume":20000,"label":" ","price":7.54},{"type":"B","date":"2018-04-27T01:50:11.000Z","volume":8000,"label":" ","price":7.54},{"type":"B","date":"2018-04-27T01:50:22.000Z","volume":5000,"label":" ","price":7.54},{"type":"B","date":"2018-04-27T01:50:26.000Z","volume":50000,"label":" ","price":7.54},{"type":"B","date":"2018-04-27T01:50:26.000Z","volume":3000,"label":" ","price":7.54},{"type":"B","date":"2018-04-27T01:50:53.000Z","volume":1000,"label":" ","price":7.53},{"type":"B","date":"2018-04-27T01:52:40.000Z","volume":20000,"label":" ","price":7.53},{"type":"B","date":"2018-04-27T01:52:40.000Z","volume":36000,"label":" ","price":7.53},{"type":"B","date":"2018-04-27T01:52:40.000Z","volume":3000,"label":" ","price":7.53},{"type":"B","date":"2018-04-27T01:52:44.000Z","volume":42000,"label":" ","price":7.53},{"type":"B","date":"2018-04-27T01:52:44.000Z","volume":33000,"label":" ","price":7.52},{"type":"B","date":"2018-04-27T01:52:44.000Z","volume":8000,"label":" ","price":7.53},{"type":"B","date":"2018-04-27T01:53:04.000Z","volume":19000,"label":" ","price":7.53},{"type":"B","date":"2018-04-27T01:53:04.000Z","volume":26000,"label":" ","price":7.53},{"type":"B","date":"2018-04-27T01:53:04.000Z","volume":10000,"label":" ","price":7.53},{"type":"B","date":"2018-04-27T01:53:04.000Z","volume":10000,"label":" ","price":7.53},{"type":"B","date":"2018-04-27T01:53:04.000Z","volume":6000,"label":" ","price":7.53},{"type":"B","date":"2018-04-27T01:53:08.000Z","volume":10000,"label":" ","price":7.53},{"type":"B","date":"2018-04-27T01:53:18.000Z","volume":1000,"label":" ","price":7.53},{"type":"B","date":"2018-04-27T01:53:37.000Z","volume":3000,"label":" ","price":7.53},{"type":"B","date":"2018-04-27T01:54:05.000Z","volume":5000,"label":" ","price":7.53},{"type":"B","date":"2018-04-27T01:54:33.000Z","volume":10000,"label":" ","price":7.53},{"type":"B","date":"2018-04-27T01:54:44.000Z","volume":1000,"label":" ","price":7.53},{"type":"B","date":"2018-04-27T01:54:48.000Z","volume":12000,"label":" ","price":7.53},{"type":"B","date":"2018-04-27T01:55:00.000Z","volume":40000,"label":" ","price":7.53},{"type":"B","date":"2018-04-27T01:55:00.000Z","volume":3000,"label":" ","price":7.53},{"type":"B","date":"2018-04-27T01:55:09.000Z","volume":10000,"label":" ","price":7.53},{"type":"B","date":"2018-04-27T01:55:20.000Z","volume":10000,"label":" ","price":7.53},{"type":"B","date":"2018-04-27T01:55:33.000Z","volume":1000,"label":" ","price":7.53},{"type":"B","date":"2018-04-27T01:57:04.000Z","volume":40000,"label":" ","price":7.53},{"type":"B","date":"2018-04-27T01:57:04.000Z","volume":5000,"label":" ","price":7.53},{"type":"B","date":"2018-04-27T01:57:24.000Z","volume":5000,"label":" ","price":7.53},{"type":"B","date":"2018-04-27T01:57:26.000Z","volume":40000,"label":" ","price":7.53},{"type":"B","date":"2018-04-27T01:57:26.000Z","volume":5000,"label":" ","price":7.53},{"type":"B","date":"2018-04-27T01:57:52.000Z","volume":9000,"label":" ","price":7.53},{"type":"B","date":"2018-04-27T01:57:58.000Z","volume":20000,"label":" ","price":7.53},{"type":"B","date":"2018-04-27T01:58:36.000Z","volume":50000,"label":" ","price":7.53},{"type":"B","date":"2018-04-27T01:58:37.000Z","volume":9000,"label":" ","price":7.53},{"type":"B","date":"2018-04-27T01:58:59.000Z","volume":35000,"label":"Y","price":7.53},{"type":"B","date":"2018-04-27T01:59:03.000Z","volume":1000,"label":" ","price":7.53},{"type":"B","date":"2018-04-27T01:59:13.000Z","volume":20000,"label":" ","price":7.53},{"type":"A","date":"2018-04-27T01:59:29.000Z","volume":100000,"label":" ","price":7.54},{"type":"B","date":"2018-04-27T01:59:51.000Z","volume":30000,"label":" ","price":7.53},{"type":"B","date":"2018-04-27T01:59:53.000Z","volume":21000,"label":" ","price":7.53},{"type":"A","date":"2018-04-27T01:59:53.000Z","volume":9000,"label":" ","price":7.53},{"type":"B","date":"2018-04-27T02:01:35.000Z","volume":40000,"label":" ","price":7.53},{"type":"B","date":"2018-04-27T02:02:00.000Z","volume":40000,"label":" ","price":7.53},{"type":"B","date":"2018-04-27T02:02:16.000Z","volume":10000,"label":" ","price":7.53},{"type":"B","date":"2018-04-27T02:02:20.000Z","volume":20000,"label":" ","price":7.53},{"type":"B","date":"2018-04-27T02:02:20.000Z","volume":18000,"label":" ","price":7.53},{"type":"A","date":"2018-04-27T02:02:21.000Z","volume":3000,"label":" ","price":7.54},{"type":"B","date":"2018-04-27T02:02:22.000Z","volume":4000,"label":" ","price":7.53},{"type":"B","date":"2018-04-27T02:02:33.000Z","volume":1000,"label":" ","price":7.53},{"type":"A","date":"2018-04-27T02:05:06.000Z","volume":8000,"label":" ","price":7.54},{"type":"A","date":"2018-04-27T02:05:13.000Z","volume":4000,"label":" ","price":7.54},{"type":"A","date":"2018-04-27T02:05:18.000Z","volume":3000,"label":" ","price":7.54},{"type":"A","date":"2018-04-27T02:05:23.000Z","volume":4000,"label":" ","price":7.54},{"type":"A","date":"2018-04-27T02:05:30.000Z","volume":4000,"label":" ","price":7.54},{"type":"A","date":"2018-04-27T02:05:35.000Z","volume":2000,"label":"Y","price":7.54},{"type":"A","date":"2018-04-27T02:05:35.000Z","volume":1000,"label":" ","price":7.54},{"type":"A","date":"2018-04-27T02:05:40.000Z","volume":3000,"label":"Y","price":7.54},{"type":"A","date":"2018-04-27T02:05:45.000Z","volume":3000,"label":"Y","price":7.54},{"type":"A","date":"2018-04-27T02:05:50.000Z","volume":3000,"label":"Y","price":7.54},{"type":"A","date":"2018-04-27T02:05:56.000Z","volume":2000,"label":"Y","price":7.54},{"type":"A","date":"2018-04-27T02:05:56.000Z","volume":2000,"label":" ","price":7.54},{"type":"A","date":"2018-04-27T02:06:00.000Z","volume":3000,"label":" ","price":7.54},{"type":"A","date":"2018-04-27T02:06:00.000Z","volume":34000,"label":" ","price":7.54},{"type":"A","date":"2018-04-27T02:06:05.000Z","volume":3000,"label":" ","price":7.54},{"type":"A","date":"2018-04-27T02:06:10.000Z","volume":3000,"label":" ","price":7.54},{"type":"A","date":"2018-04-27T02:06:15.000Z","volume":3000,"label":" ","price":7.54},{"type":"A","date":"2018-04-27T02:06:21.000Z","volume":4000,"label":" ","price":7.54},{"type":"A","date":"2018-04-27T02:06:25.000Z","volume":3000,"label":" ","price":7.54},{"type":"A","date":"2018-04-27T02:06:26.000Z","volume":34000,"label":" ","price":7.54},{"type":"A","date":"2018-04-27T02:06:32.000Z","volume":4000,"label":" ","price":7.54},{"type":"A","date":"2018-04-27T02:06:39.000Z","volume":4000,"label":" ","price":7.54},{"type":"A","date":"2018-04-27T02:06:45.000Z","volume":4000,"label":" ","price":7.54},{"type":"A","date":"2018-04-27T02:06:49.000Z","volume":60000,"label":" ","price":7.54},{"type":"A","date":"2018-04-27T02:06:49.000Z","volume":1000,"label":" ","price":7.54},{"type":"A","date":"2018-04-27T02:06:49.000Z","volume":3000,"label":" ","price":7.55},{"type":"A","date":"2018-04-27T02:06:54.000Z","volume":3000,"label":" ","price":7.55},{"type":"A","date":"2018-04-27T02:06:59.000Z","volume":3000,"label":" ","price":7.55},{"type":"A","date":"2018-04-27T02:07:04.000Z","volume":3000,"label":" ","price":7.55},{"type":"A","date":"2018-04-27T02:07:10.000Z","volume":4000,"label":" ","price":7.55},{"type":"A","date":"2018-04-27T02:07:17.000Z","volume":4000,"label":" ","price":7.55},{"type":"A","date":"2018-04-27T02:07:22.000Z","volume":3000,"label":" ","price":7.55},{"type":"A","date":"2018-04-27T02:07:26.000Z","volume":3000,"label":" ","price":7.55},{"type":"A","date":"2018-04-27T02:07:32.000Z","volume":4000,"label":" ","price":7.55},{"type":"A","date":"2018-04-27T02:07:37.000Z","volume":3000,"label":" ","price":7.55},{"type":"A","date":"2018-04-27T02:07:42.000Z","volume":3000,"label":" ","price":7.55},{"type":"A","date":"2018-04-27T02:07:46.000Z","volume":3000,"label":" ","price":7.55},{"type":"A","date":"2018-04-27T02:07:52.000Z","volume":3000,"label":" ","price":7.55},{"type":"A","date":"2018-04-27T02:07:57.000Z","volume":3000,"label":" ","price":7.55},{"type":"A","date":"2018-04-27T02:08:03.000Z","volume":4000,"label":" ","price":7.55},{"type":"A","date":"2018-04-27T02:08:10.000Z","volume":4000,"label":" ","price":7.55},{"type":"A","date":"2018-04-27T02:08:16.000Z","volume":4000,"label":" ","price":7.55},{"type":"A","date":"2018-04-27T02:08:20.000Z","volume":3000,"label":" ","price":7.55},{"type":"A","date":"2018-04-27T02:08:27.000Z","volume":4000,"label":" ","price":7.55},{"type":"A","date":"2018-04-27T02:08:31.000Z","volume":20000,"label":" ","price":7.55},{"type":"A","date":"2018-04-27T02:08:31.000Z","volume":3000,"label":" ","price":7.55},{"type":"A","date":"2018-04-27T02:08:37.000Z","volume":3000,"label":" ","price":7.55},{"type":"A","date":"2018-04-27T02:08:41.000Z","volume":3000,"label":" ","price":7.55},{"type":"A","date":"2018-04-27T02:08:47.000Z","volume":3000,"label":" ","price":7.55},{"type":"A","date":"2018-04-27T02:08:48.000Z","volume":94000,"label":" ","price":7.55},{"type":"A","date":"2018-04-27T02:08:49.000Z","volume":50000,"label":" ","price":7.55},{"type":"A","date":"2018-04-27T02:08:50.000Z","volume":3000,"label":" ","price":7.55},{"type":"B","date":"2018-04-27T02:08:52.000Z","volume":2000,"label":" ","price":7.54},{"type":"A","date":"2018-04-27T02:08:55.000Z","volume":32000,"label":" ","price":7.55},{"type":"B","date":"2018-04-27T02:08:55.000Z","volume":7000,"label":" ","price":7.55},{"type":"B","date":"2018-04-27T02:08:57.000Z","volume":35000,"label":" ","price":7.55},{"type":"B","date":"2018-04-27T02:08:58.000Z","volume":2000,"label":" ","price":7.55},{"type":"B","date":"2018-04-27T02:09:02.000Z","volume":24000,"label":" ","price":7.55},{"type":"B","date":"2018-04-27T02:09:02.000Z","volume":11000,"label":" ","price":7.55},{"type":"A","date":"2018-04-27T02:09:43.000Z","volume":89000,"label":" ","price":7.55},{"type":"A","date":"2018-04-27T02:09:53.000Z","volume":79000,"label":" ","price":7.55},{"type":"A","date":"2018-04-27T02:10:27.000Z","volume":60000,"label":" ","price":7.55},{"type":"A","date":"2018-04-27T02:10:57.000Z","volume":4000,"label":" ","price":7.55},{"type":"B","date":"2018-04-27T02:10:59.000Z","volume":40000,"label":" ","price":7.54},{"type":"A","date":"2018-04-27T02:12:00.000Z","volume":6000,"label":" ","price":7.55},{"type":"A","date":"2018-04-27T02:12:06.000Z","volume":4000,"label":" ","price":7.55},{"type":"A","date":"2018-04-27T02:12:14.000Z","volume":5000,"label":" ","price":7.55},{"type":"A","date":"2018-04-27T02:12:22.000Z","volume":5000,"label":" ","price":7.55},{"type":"A","date":"2018-04-27T02:12:29.000Z","volume":5000,"label":" ","price":7.55},{"type":"U","date":"2018-04-27T02:12:34.000Z","volume":1000,"label":"X","price":7.54},{"type":"A","date":"2018-04-27T02:12:37.000Z","volume":5000,"label":" ","price":7.55},{"type":"A","date":"2018-04-27T02:12:45.000Z","volume":5000,"label":" ","price":7.55},{"type":"A","date":"2018-04-27T02:12:49.000Z","volume":100000,"label":" ","price":7.55},{"type":"A","date":"2018-04-27T02:12:53.000Z","volume":5000,"label":" ","price":7.55},{"type":"A","date":"2018-04-27T02:12:59.000Z","volume":4000,"label":" ","price":7.55},{"type":"U","date":"2018-04-27T02:13:04.000Z","volume":1000,"label":"X","price":7.54},{"type":"A","date":"2018-04-27T02:13:06.000Z","volume":4000,"label":" ","price":7.55},{"type":"A","date":"2018-04-27T02:13:13.000Z","volume":4000,"label":" ","price":7.55},{"type":"A","date":"2018-04-27T02:13:20.000Z","volume":5000,"label":" ","price":7.55},{"type":"A","date":"2018-04-27T02:13:28.000Z","volume":5000,"label":" ","price":7.55},{"type":"A","date":"2018-04-27T02:13:35.000Z","volume":4000,"label":" ","price":7.55},{"type":"A","date":"2018-04-27T02:13:35.000Z","volume":4000,"label":" ","price":7.55},{"type":"A","date":"2018-04-27T02:13:42.000Z","volume":4000,"label":" ","price":7.55},{"type":"A","date":"2018-04-27T02:13:47.000Z","volume":4000,"label":" ","price":7.55},{"type":"A","date":"2018-04-27T02:13:54.000Z","volume":4000,"label":" ","price":7.55},{"type":"B","date":"2018-04-27T02:13:56.000Z","volume":10000,"label":" ","price":7.54},{"type":"A","date":"2018-04-27T02:14:02.000Z","volume":5000,"label":" ","price":7.55},{"type":"A","date":"2018-04-27T02:14:09.000Z","volume":5000,"label":" ","price":7.55},{"type":"A","date":"2018-04-27T02:14:10.000Z","volume":5000,"label":" ","price":7.55},{"type":"A","date":"2018-04-27T02:14:16.000Z","volume":4000,"label":" ","price":7.55},{"type":"A","date":"2018-04-27T02:14:25.000Z","volume":6000,"label":"Y","price":7.55},{"type":"A","date":"2018-04-27T02:14:32.000Z","volume":4000,"label":"Y","price":7.55},{"type":"A","date":"2018-04-27T02:14:39.000Z","volume":1000,"label":"Y","price":7.55},{"type":"A","date":"2018-04-27T02:14:39.000Z","volume":3000,"label":" ","price":7.55},{"type":"A","date":"2018-04-27T02:14:45.000Z","volume":4000,"label":" ","price":7.55},{"type":"B","date":"2018-04-27T02:15:17.000Z","volume":10000,"label":" ","price":7.54},{"type":"B","date":"2018-04-27T02:16:41.000Z","volume":20000,"label":"Y","price":7.54},{"type":"B","date":"2018-04-27T02:16:41.000Z","volume":15000,"label":" ","price":7.54},{"type":"U","date":"2018-04-27T02:16:41.000Z","volume":10000,"label":" ","price":7.54},{"type":"B","date":"2018-04-27T02:16:48.000Z","volume":1000,"label":" ","price":7.54},{"type":"B","date":"2018-04-27T02:17:24.000Z","volume":15000,"label":" ","price":7.54},{"type":"B","date":"2018-04-27T02:17:24.000Z","volume":4000,"label":" ","price":7.54},{"type":"B","date":"2018-04-27T02:17:34.000Z","volume":20000,"label":" ","price":7.54},{"type":"B","date":"2018-04-27T02:17:34.000Z","volume":30000,"label":" ","price":7.54},{"type":"B","date":"2018-04-27T02:18:05.000Z","volume":6000,"label":" ","price":7.54},{"type":"B","date":"2018-04-27T02:18:05.000Z","volume":4000,"label":" ","price":7.54},{"type":"B","date":"2018-04-27T02:18:05.000Z","volume":1000,"label":" ","price":7.54},{"type":"U","date":"2018-04-27T02:18:16.000Z","volume":4000,"label":"X","price":7.54},{"type":"A","date":"2018-04-27T02:18:44.000Z","volume":7000,"label":" ","price":7.55},{"type":"B","date":"2018-04-27T02:20:12.000Z","volume":5000,"label":" ","price":7.54},{"type":"B","date":"2018-04-27T02:21:39.000Z","volume":8000,"label":" ","price":7.54},{"type":"B","date":"2018-04-27T02:22:46.000Z","volume":5000,"label":" ","price":7.54},{"type":"B","date":"2018-04-27T02:22:58.000Z","volume":5000,"label":" ","price":7.54},{"type":"B","date":"2018-04-27T02:26:11.000Z","volume":10000,"label":" ","price":7.54},{"type":"B","date":"2018-04-27T02:26:14.000Z","volume":4000,"label":" ","price":7.54},{"type":"B","date":"2018-04-27T02:26:18.000Z","volume":1000,"label":" ","price":7.54},{"type":"B","date":"2018-04-27T02:26:18.000Z","volume":1000,"label":" ","price":7.54},{"type":"A","date":"2018-04-27T02:26:20.000Z","volume":35000,"label":"Y","price":7.55},{"type":"A","date":"2018-04-27T02:26:20.000Z","volume":211000,"label":" ","price":7.55},{"type":"A","date":"2018-04-27T02:26:20.000Z","volume":4000,"label":" ","price":7.55},{"type":"B","date":"2018-04-27T02:26:58.000Z","volume":65000,"label":" ","price":7.54},{"type":"A","date":"2018-04-27T02:27:26.000Z","volume":177000,"label":" ","price":7.55},{"type":"A","date":"2018-04-27T02:27:26.000Z","volume":12000,"label":" ","price":7.55},{"type":"A","date":"2018-04-27T02:27:26.000Z","volume":1000,"label":" ","price":7.55},{"type":"A","date":"2018-04-27T02:27:26.000Z","volume":10000,"label":" ","price":7.55},{"type":"B","date":"2018-04-27T02:29:04.000Z","volume":20000,"label":" ","price":7.54},{"type":"B","date":"2018-04-27T02:29:13.000Z","volume":10000,"label":" ","price":7.54},{"type":"B","date":"2018-04-27T02:39:11.000Z","volume":8000,"label":"Y","price":7.54},{"type":"B","date":"2018-04-27T02:39:11.000Z","volume":64000,"label":" ","price":7.54},{"type":"U","date":"2018-04-27T02:39:11.000Z","volume":4000,"label":" ","price":7.54},{"type":"B","date":"2018-04-27T02:39:16.000Z","volume":15000,"label":" ","price":7.54},{"type":"B","date":"2018-04-27T02:39:18.000Z","volume":1000,"label":" ","price":7.54},{"type":"B","date":"2018-04-27T02:39:18.000Z","volume":1000,"label":" ","price":7.54},{"type":"B","date":"2018-04-27T02:39:45.000Z","volume":4000,"label":" ","price":7.54},{"type":"B","date":"2018-04-27T02:39:56.000Z","volume":1000,"label":" ","price":7.54},{"type":"B","date":"2018-04-27T02:39:58.000Z","volume":10000,"label":" ","price":7.54},{"type":"B","date":"2018-04-27T02:40:01.000Z","volume":17000,"label":" ","price":7.54},{"type":"B","date":"2018-04-27T02:40:01.000Z","volume":35000,"label":" ","price":7.54},{"type":"B","date":"2018-04-27T02:40:26.000Z","volume":4000,"label":" ","price":7.54},{"type":"B","date":"2018-04-27T02:41:06.000Z","volume":2000,"label":" ","price":7.54},{"type":"B","date":"2018-04-27T02:41:51.000Z","volume":1000,"label":" ","price":7.54},{"type":"B","date":"2018-04-27T02:42:16.000Z","volume":25000,"label":" ","price":7.54},{"type":"B","date":"2018-04-27T02:42:16.000Z","volume":5000,"label":" ","price":7.54},{"type":"B","date":"2018-04-27T02:42:16.000Z","volume":5000,"label":" ","price":7.54},{"type":"B","date":"2018-04-27T02:42:41.000Z","volume":5000,"label":" ","price":7.54},{"type":"B","date":"2018-04-27T02:43:17.000Z","volume":3000,"label":" ","price":7.54},{"type":"B","date":"2018-04-27T02:43:17.000Z","volume":17000,"label":" ","price":7.54},{"type":"B","date":"2018-04-27T02:43:34.000Z","volume":2000,"label":" ","price":7.54},{"type":"B","date":"2018-04-27T02:44:06.000Z","volume":18000,"label":"Y","price":7.54},{"type":"A","date":"2018-04-27T02:44:06.000Z","volume":2000,"label":"Y","price":7.54},{"type":"B","date":"2018-04-27T02:44:15.000Z","volume":4000,"label":" ","price":7.54},{"type":"B","date":"2018-04-27T02:45:56.000Z","volume":1000,"label":" ","price":7.54},{"type":"B","date":"2018-04-27T02:46:17.000Z","volume":1000,"label":" ","price":7.54},{"type":"B","date":"2018-04-27T02:48:14.000Z","volume":2000,"label":" ","price":7.54},{"type":"B","date":"2018-04-27T02:49:54.000Z","volume":1000,"label":" ","price":7.54},{"type":"B","date":"2018-04-27T02:49:58.000Z","volume":32000,"label":" ","price":7.54},{"type":"B","date":"2018-04-27T02:49:58.000Z","volume":118000,"label":" ","price":7.54},{"type":"B","date":"2018-04-27T02:50:25.000Z","volume":80000,"label":" ","price":7.53},{"type":"B","date":"2018-04-27T02:50:25.000Z","volume":4000,"label":" ","price":7.53},{"type":"B","date":"2018-04-27T02:50:25.000Z","volume":6000,"label":" ","price":7.53},{"type":"B","date":"2018-04-27T02:50:25.000Z","volume":4000,"label":" ","price":7.53},{"type":"B","date":"2018-04-27T02:50:37.000Z","volume":10000,"label":" ","price":7.53},{"type":"B","date":"2018-04-27T02:50:37.000Z","volume":6000,"label":" ","price":7.53},{"type":"B","date":"2018-04-27T02:50:45.000Z","volume":4000,"label":" ","price":7.53},{"type":"B","date":"2018-04-27T02:50:45.000Z","volume":6000,"label":" ","price":7.53},{"type":"B","date":"2018-04-27T02:51:41.000Z","volume":1000,"label":" ","price":7.53},{"type":"B","date":"2018-04-27T02:52:16.000Z","volume":1000,"label":" ","price":7.53},{"type":"B","date":"2018-04-27T02:54:09.000Z","volume":8000,"label":" ","price":7.53},{"type":"B","date":"2018-04-27T02:54:09.000Z","volume":6000,"label":" ","price":7.52},{"type":"B","date":"2018-04-27T02:54:09.000Z","volume":6000,"label":" ","price":7.51},{"type":"U","date":"2018-04-27T02:54:09.000Z","volume":4000,"label":" ","price":7.53},{"type":"B","date":"2018-04-27T02:54:09.000Z","volume":2000,"label":" ","price":7.53},{"type":"B","date":"2018-04-27T02:54:09.000Z","volume":3000,"label":"Y","price":7.53},{"type":"B","date":"2018-04-27T02:54:10.000Z","volume":10000,"label":" ","price":7.53},{"type":"B","date":"2018-04-27T02:54:10.000Z","volume":5000,"label":" ","price":7.53},{"type":"B","date":"2018-04-27T02:54:15.000Z","volume":4000,"label":" ","price":7.53},{"type":"B","date":"2018-04-27T02:54:15.000Z","volume":6000,"label":" ","price":7.53},{"type":"B","date":"2018-04-27T02:54:15.000Z","volume":6000,"label":" ","price":7.53},{"type":"B","date":"2018-04-27T02:55:07.000Z","volume":3000,"label":" ","price":7.53},{"type":"B","date":"2018-04-27T02:55:07.000Z","volume":3000,"label":" ","price":7.53},{"type":"B","date":"2018-04-27T02:56:58.000Z","volume":20000,"label":" ","price":7.53},{"type":"B","date":"2018-04-27T02:57:12.000Z","volume":10000,"label":" ","price":7.53},{"type":"B","date":"2018-04-27T02:57:43.000Z","volume":37000,"label":" ","price":7.53},{"type":"B","date":"2018-04-27T02:57:43.000Z","volume":13000,"label":" ","price":7.53},{"type":"B","date":"2018-04-27T02:57:43.000Z","volume":2000,"label":" ","price":7.53},{"type":"B","date":"2018-04-27T02:57:56.000Z","volume":1000,"label":" ","price":7.53},{"type":"B","date":"2018-04-27T02:58:51.000Z","volume":1000,"label":" ","price":7.53},{"type":"B","date":"2018-04-27T02:59:14.000Z","volume":4000,"label":" ","price":7.53},{"type":"B","date":"2018-04-27T03:00:28.000Z","volume":2000,"label":" ","price":7.53},{"type":"B","date":"2018-04-27T03:00:56.000Z","volume":10000,"label":" ","price":7.53},{"type":"B","date":"2018-04-27T03:00:56.000Z","volume":2000,"label":" ","price":7.53},{"type":"B","date":"2018-04-27T03:01:08.000Z","volume":8000,"label":" ","price":7.53},{"type":"A","date":"2018-04-27T03:01:08.000Z","volume":2000,"label":" ","price":7.53},{"type":"B","date":"2018-04-27T03:02:13.000Z","volume":3000,"label":" ","price":7.53},{"type":"B","date":"2018-04-27T03:02:13.000Z","volume":3000,"label":" ","price":7.53},{"type":"B","date":"2018-04-27T03:03:37.000Z","volume":7000,"label":" ","price":7.53},{"type":"A","date":"2018-04-27T03:03:37.000Z","volume":13000,"label":" ","price":7.53},{"type":"B","date":"2018-04-27T03:03:52.000Z","volume":2000,"label":" ","price":7.53},{"type":"B","date":"2018-04-27T03:04:40.000Z","volume":5000,"label":" ","price":7.53},{"type":"B","date":"2018-04-27T03:04:40.000Z","volume":3000,"label":" ","price":7.53},{"type":"B","date":"2018-04-27T03:04:41.000Z","volume":9000,"label":" ","price":7.53},{"type":"B","date":"2018-04-27T03:04:50.000Z","volume":10000,"label":" ","price":7.53},{"type":"B","date":"2018-04-27T03:05:07.000Z","volume":10000,"label":" ","price":7.53},{"type":"B","date":"2018-04-27T03:05:26.000Z","volume":1000,"label":" ","price":7.53},{"type":"B","date":"2018-04-27T03:05:27.000Z","volume":9000,"label":" ","price":7.53},{"type":"B","date":"2018-04-27T03:05:27.000Z","volume":1000,"label":" ","price":7.53},{"type":"B","date":"2018-04-27T03:05:27.000Z","volume":3000,"label":" ","price":7.53},{"type":"B","date":"2018-04-27T03:05:27.000Z","volume":6000,"label":" ","price":7.53},{"type":"B","date":"2018-04-27T03:05:50.000Z","volume":10000,"label":" ","price":7.53},{"type":"B","date":"2018-04-27T03:05:55.000Z","volume":4000,"label":" ","price":7.53},{"type":"B","date":"2018-04-27T03:05:55.000Z","volume":4000,"label":" ","price":7.53},{"type":"B","date":"2018-04-27T03:09:19.000Z","volume":2000,"label":" ","price":7.53},{"type":"B","date":"2018-04-27T03:10:28.000Z","volume":10000,"label":" ","price":7.53},{"type":"B","date":"2018-04-27T03:10:46.000Z","volume":1000,"label":" ","price":7.53},{"type":"A","date":"2018-04-27T03:10:54.000Z","volume":10000,"label":" ","price":7.54},{"type":"A","date":"2018-04-27T03:12:13.000Z","volume":5000,"label":" ","price":7.54},{"type":"B","date":"2018-04-27T03:12:41.000Z","volume":1000,"label":" ","price":7.53},{"type":"B","date":"2018-04-27T03:12:43.000Z","volume":4000,"label":" ","price":7.53},{"type":"B","date":"2018-04-27T03:15:21.000Z","volume":8000,"label":" ","price":7.53},{"type":"B","date":"2018-04-27T03:15:56.000Z","volume":4000,"label":" ","price":7.52},{"type":"B","date":"2018-04-27T03:17:08.000Z","volume":60000,"label":" ","price":7.52},{"type":"B","date":"2018-04-27T03:17:08.000Z","volume":8000,"label":"Y","price":7.52},{"type":"U","date":"2018-04-27T03:17:26.000Z","volume":18000,"label":"X","price":7.52},{"type":"B","date":"2018-04-27T03:17:37.000Z","volume":30000,"label":" ","price":7.52},{"type":"B","date":"2018-04-27T03:17:52.000Z","volume":1000,"label":" ","price":7.52},{"type":"B","date":"2018-04-27T03:17:54.000Z","volume":2000,"label":" ","price":7.52},{"type":"B","date":"2018-04-27T03:18:26.000Z","volume":1000,"label":" ","price":7.52},{"type":"B","date":"2018-04-27T03:19:39.000Z","volume":1000,"label":" ","price":7.52},{"type":"B","date":"2018-04-27T03:20:05.000Z","volume":4000,"label":" ","price":7.52},{"type":"B","date":"2018-04-27T03:21:11.000Z","volume":1000,"label":" ","price":7.52},{"type":"A","date":"2018-04-27T03:21:59.000Z","volume":7000,"label":" ","price":7.53},{"type":"A","date":"2018-04-27T03:22:04.000Z","volume":6000,"label":" ","price":7.53},{"type":"B","date":"2018-04-27T03:22:06.000Z","volume":2000,"label":" ","price":7.52},{"type":"A","date":"2018-04-27T03:22:06.000Z","volume":3000,"label":" ","price":7.53},{"type":"A","date":"2018-04-27T03:22:09.000Z","volume":4000,"label":" ","price":7.53},{"type":"A","date":"2018-04-27T03:22:11.000Z","volume":2000,"label":" ","price":7.53},{"type":"A","date":"2018-04-27T03:22:13.000Z","volume":3000,"label":" ","price":7.53},{"type":"A","date":"2018-04-27T03:22:15.000Z","volume":2000,"label":" ","price":7.53},{"type":"A","date":"2018-04-27T03:22:17.000Z","volume":3000,"label":" ","price":7.53},{"type":"A","date":"2018-04-27T03:22:19.000Z","volume":3000,"label":" ","price":7.53},{"type":"A","date":"2018-04-27T03:22:21.000Z","volume":2000,"label":" ","price":7.53},{"type":"A","date":"2018-04-27T03:22:22.000Z","volume":2000,"label":" ","price":7.53},{"type":"A","date":"2018-04-27T03:22:23.000Z","volume":2000,"label":" ","price":7.53},{"type":"A","date":"2018-04-27T03:22:26.000Z","volume":3000,"label":" ","price":7.53},{"type":"A","date":"2018-04-27T03:22:27.000Z","volume":2000,"label":" ","price":7.53},{"type":"A","date":"2018-04-27T03:22:29.000Z","volume":2000,"label":" ","price":7.53},{"type":"A","date":"2018-04-27T03:22:30.000Z","volume":2000,"label":" ","price":7.53},{"type":"A","date":"2018-04-27T03:22:32.000Z","volume":3000,"label":" ","price":7.53},{"type":"A","date":"2018-04-27T03:22:34.000Z","volume":3000,"label":" ","price":7.53},{"type":"A","date":"2018-04-27T03:22:37.000Z","volume":3000,"label":" ","price":7.53},{"type":"A","date":"2018-04-27T03:22:39.000Z","volume":2000,"label":" ","price":7.53},{"type":"A","date":"2018-04-27T03:22:40.000Z","volume":2000,"label":" ","price":7.53},{"type":"A","date":"2018-04-27T03:22:42.000Z","volume":2000,"label":" ","price":7.53},{"type":"A","date":"2018-04-27T03:22:44.000Z","volume":3000,"label":" ","price":7.53},{"type":"A","date":"2018-04-27T03:22:45.000Z","volume":2000,"label":" ","price":7.53},{"type":"A","date":"2018-04-27T03:22:46.000Z","volume":1000,"label":" ","price":7.53},{"type":"A","date":"2018-04-27T03:22:47.000Z","volume":2000,"label":" ","price":7.53},{"type":"A","date":"2018-04-27T03:22:47.000Z","volume":336000,"label":" ","price":7.53},{"type":"U","date":"2018-04-27T03:22:47.000Z","volume":5000,"label":" ","price":7.53},{"type":"U","date":"2018-04-27T03:22:47.000Z","volume":22000,"label":" ","price":7.53},{"type":"A","date":"2018-04-27T03:22:48.000Z","volume":1000,"label":" ","price":7.54},{"type":"A","date":"2018-04-27T03:22:49.000Z","volume":1000,"label":" ","price":7.54},{"type":"A","date":"2018-04-27T03:22:49.000Z","volume":1000,"label":" ","price":7.54},{"type":"A","date":"2018-04-27T03:22:51.000Z","volume":2000,"label":" ","price":7.54},{"type":"A","date":"2018-04-27T03:22:53.000Z","volume":2000,"label":" ","price":7.54},{"type":"A","date":"2018-04-27T03:22:55.000Z","volume":3000,"label":" ","price":7.54},{"type":"A","date":"2018-04-27T03:22:56.000Z","volume":1000,"label":" ","price":7.54},{"type":"A","date":"2018-04-27T03:22:57.000Z","volume":1000,"label":" ","price":7.54},{"type":"A","date":"2018-04-27T03:22:58.000Z","volume":2000,"label":" ","price":7.54},{"type":"A","date":"2018-04-27T03:22:59.000Z","volume":2000,"label":" ","price":7.54},{"type":"A","date":"2018-04-27T03:23:00.000Z","volume":1000,"label":" ","price":7.54},{"type":"A","date":"2018-04-27T03:23:01.000Z","volume":2000,"label":" ","price":7.54},{"type":"A","date":"2018-04-27T03:23:03.000Z","volume":2000,"label":" ","price":7.54},{"type":"A","date":"2018-04-27T03:23:05.000Z","volume":2000,"label":" ","price":7.54},{"type":"A","date":"2018-04-27T03:23:06.000Z","volume":1000,"label":" ","price":7.54},{"type":"A","date":"2018-04-27T03:23:06.000Z","volume":1000,"label":" ","price":7.54},{"type":"A","date":"2018-04-27T03:23:06.000Z","volume":18000,"label":" ","price":7.54},{"type":"A","date":"2018-04-27T03:23:08.000Z","volume":2000,"label":" ","price":7.54},{"type":"A","date":"2018-04-27T03:23:09.000Z","volume":1000,"label":" ","price":7.54},{"type":"A","date":"2018-04-27T03:23:10.000Z","volume":2000,"label":" ","price":7.54},{"type":"A","date":"2018-04-27T03:23:11.000Z","volume":1000,"label":" ","price":7.54},{"type":"A","date":"2018-04-27T03:23:12.000Z","volume":1000,"label":" ","price":7.54},{"type":"A","date":"2018-04-27T03:23:13.000Z","volume":2000,"label":" ","price":7.54},{"type":"A","date":"2018-04-27T03:23:14.000Z","volume":2000,"label":" ","price":7.54},{"type":"A","date":"2018-04-27T03:23:16.000Z","volume":2000,"label":" ","price":7.54},{"type":"A","date":"2018-04-27T03:23:17.000Z","volume":1000,"label":" ","price":7.54},{"type":"A","date":"2018-04-27T03:23:18.000Z","volume":2000,"label":" ","price":7.54},{"type":"A","date":"2018-04-27T03:23:19.000Z","volume":1000,"label":" ","price":7.54},{"type":"A","date":"2018-04-27T03:23:20.000Z","volume":2000,"label":" ","price":7.54},{"type":"A","date":"2018-04-27T03:23:22.000Z","volume":2000,"label":" ","price":7.54},{"type":"A","date":"2018-04-27T03:23:23.000Z","volume":2000,"label":" ","price":7.54},{"type":"A","date":"2018-04-27T03:23:24.000Z","volume":1000,"label":" ","price":7.54},{"type":"A","date":"2018-04-27T03:23:25.000Z","volume":1000,"label":" ","price":7.54},{"type":"A","date":"2018-04-27T03:23:26.000Z","volume":2000,"label":" ","price":7.54},{"type":"A","date":"2018-04-27T03:23:27.000Z","volume":1000,"label":" ","price":7.54},{"type":"A","date":"2018-04-27T03:23:28.000Z","volume":1000,"label":" ","price":7.54},{"type":"A","date":"2018-04-27T03:23:29.000Z","volume":2000,"label":" ","price":7.54},{"type":"A","date":"2018-04-27T03:23:30.000Z","volume":1000,"label":" ","price":7.54},{"type":"A","date":"2018-04-27T03:23:31.000Z","volume":1000,"label":" ","price":7.54},{"type":"A","date":"2018-04-27T03:23:32.000Z","volume":1000,"label":" ","price":7.54},{"type":"A","date":"2018-04-27T03:23:33.000Z","volume":2000,"label":" ","price":7.54},{"type":"A","date":"2018-04-27T03:23:34.000Z","volume":1000,"label":" ","price":7.54},{"type":"A","date":"2018-04-27T03:23:35.000Z","volume":2000,"label":" ","price":7.54},{"type":"A","date":"2018-04-27T03:23:37.000Z","volume":3000,"label":" ","price":7.54},{"type":"A","date":"2018-04-27T03:23:39.000Z","volume":2000,"label":" ","price":7.54},{"type":"A","date":"2018-04-27T03:23:40.000Z","volume":1000,"label":" ","price":7.54},{"type":"A","date":"2018-04-27T03:23:41.000Z","volume":2000,"label":" ","price":7.54},{"type":"A","date":"2018-04-27T03:23:42.000Z","volume":1000,"label":" ","price":7.54},{"type":"A","date":"2018-04-27T03:23:43.000Z","volume":2000,"label":" ","price":7.54},{"type":"A","date":"2018-04-27T03:24:06.000Z","volume":400000,"label":" ","price":7.54},{"type":"A","date":"2018-04-27T03:24:13.000Z","volume":43000,"label":"Y","price":7.54},{"type":"A","date":"2018-04-27T03:24:13.000Z","volume":159000,"label":" ","price":7.54},{"type":"A","date":"2018-04-27T03:24:13.000Z","volume":83000,"label":" ","price":7.55},{"type":"B","date":"2018-04-27T03:24:35.000Z","volume":2000,"label":" ","price":7.55},{"type":"A","date":"2018-04-27T03:25:37.000Z","volume":89000,"label":"Y","price":7.56},{"type":"A","date":"2018-04-27T03:25:37.000Z","volume":231000,"label":" ","price":7.56},{"type":"A","date":"2018-04-27T03:25:37.000Z","volume":43000,"label":" ","price":7.56},{"type":"B","date":"2018-04-27T03:25:49.000Z","volume":20000,"label":" ","price":7.55},{"type":"B","date":"2018-04-27T03:26:42.000Z","volume":8000,"label":" ","price":7.55},{"type":"U","date":"2018-04-27T03:27:17.000Z","volume":655,"label":"D","price":7.49},{"type":"A","date":"2018-04-27T03:31:03.000Z","volume":60000,"label":" ","price":7.56},{"type":"B","date":"2018-04-27T03:31:18.000Z","volume":1000,"label":" ","price":7.55},{"type":"B","date":"2018-04-27T03:31:47.000Z","volume":1000,"label":" ","price":7.55},{"type":"B","date":"2018-04-27T03:32:36.000Z","volume":27000,"label":" ","price":7.55},{"type":"A","date":"2018-04-27T03:34:43.000Z","volume":184000,"label":" ","price":7.55},{"type":"B","date":"2018-04-27T03:34:43.000Z","volume":15000,"label":" ","price":7.55},{"type":"A","date":"2018-04-27T03:34:56.000Z","volume":145000,"label":" ","price":7.56},{"type":"A","date":"2018-04-27T03:34:56.000Z","volume":5000,"label":" ","price":7.56},{"type":"B","date":"2018-04-27T03:35:00.000Z","volume":42000,"label":" ","price":7.56},{"type":"B","date":"2018-04-27T03:35:06.000Z","volume":2000,"label":" ","price":7.56},{"type":"B","date":"2018-04-27T03:35:08.000Z","volume":2000,"label":" ","price":7.56},{"type":"B","date":"2018-04-27T03:35:31.000Z","volume":20000,"label":" ","price":7.56},{"type":"B","date":"2018-04-27T03:35:38.000Z","volume":1000,"label":" ","price":7.56},{"type":"A","date":"2018-04-27T03:36:18.000Z","volume":100000,"label":" ","price":7.57},{"type":"A","date":"2018-04-27T03:36:49.000Z","volume":8000,"label":" ","price":7.57},{"type":"B","date":"2018-04-27T03:37:03.000Z","volume":1000,"label":" ","price":7.56},{"type":"B","date":"2018-04-27T03:37:59.000Z","volume":209000,"label":" ","price":7.56},{"type":"B","date":"2018-04-27T03:37:59.000Z","volume":121000,"label":" ","price":7.56},{"type":"B","date":"2018-04-27T03:38:00.000Z","volume":19000,"label":" ","price":7.56},{"type":"B","date":"2018-04-27T03:38:00.000Z","volume":11000,"label":" ","price":7.56},{"type":"B","date":"2018-04-27T03:38:11.000Z","volume":30000,"label":" ","price":7.56},{"type":"B","date":"2018-04-27T03:38:11.000Z","volume":209000,"label":" ","price":7.54},{"type":"B","date":"2018-04-27T03:38:11.000Z","volume":18000,"label":" ","price":7.53},{"type":"B","date":"2018-04-27T03:38:11.000Z","volume":105000,"label":" ","price":7.52},{"type":"B","date":"2018-04-27T03:38:11.000Z","volume":158000,"label":" ","price":7.51},{"type":"B","date":"2018-04-27T03:38:11.000Z","volume":19000,"label":" ","price":7.56},{"type":"B","date":"2018-04-27T03:38:11.000Z","volume":2000,"label":" ","price":7.56},{"type":"B","date":"2018-04-27T03:38:11.000Z","volume":9000,"label":" ","price":7.56},{"type":"B","date":"2018-04-27T03:38:11.000Z","volume":19000,"label":" ","price":7.56},{"type":"B","date":"2018-04-27T03:38:11.000Z","volume":2000,"label":" ","price":7.56},{"type":"B","date":"2018-04-27T03:38:29.000Z","volume":4000,"label":" ","price":7.56},{"type":"B","date":"2018-04-27T03:38:30.000Z","volume":1000,"label":" ","price":7.56},{"type":"B","date":"2018-04-27T03:38:58.000Z","volume":3000,"label":" ","price":7.56},{"type":"B","date":"2018-04-27T03:40:03.000Z","volume":4000,"label":" ","price":7.56},{"type":"B","date":"2018-04-27T03:41:18.000Z","volume":5000,"label":" ","price":7.56},{"type":"A","date":"2018-04-27T03:42:42.000Z","volume":4000,"label":" ","price":7.57},{"type":"B","date":"2018-04-27T03:44:57.000Z","volume":35000,"label":" ","price":7.56},{"type":"B","date":"2018-04-27T03:44:57.000Z","volume":5000,"label":" ","price":7.55},{"type":"B","date":"2018-04-27T03:44:57.000Z","volume":22000,"label":" ","price":7.52},{"type":"B","date":"2018-04-27T03:44:57.000Z","volume":6000,"label":" ","price":7.56},{"type":"B","date":"2018-04-27T03:45:03.000Z","volume":24000,"label":" ","price":7.56},{"type":"B","date":"2018-04-27T03:45:03.000Z","volume":26000,"label":" ","price":7.56},{"type":"B","date":"2018-04-27T03:45:03.000Z","volume":4000,"label":" ","price":7.56},{"type":"B","date":"2018-04-27T03:45:06.000Z","volume":4000,"label":" ","price":7.56},{"type":"A","date":"2018-04-27T03:46:04.000Z","volume":56000,"label":" ","price":7.54},{"type":"U","date":"2018-04-27T03:46:04.000Z","volume":6000,"label":"X","price":7.54},{"type":"U","date":"2018-04-27T03:46:04.000Z","volume":5000,"label":"X","price":7.54},{"type":"B","date":"2018-04-27T03:46:09.000Z","volume":2000,"label":" ","price":7.53},{"type":"B","date":"2018-04-27T03:46:31.000Z","volume":4000,"label":" ","price":7.53},{"type":"B","date":"2018-04-27T03:47:52.000Z","volume":1000,"label":" ","price":7.53},{"type":"B","date":"2018-04-27T03:49:28.000Z","volume":7000,"label":" ","price":7.53},{"type":"A","date":"2018-04-27T03:51:03.000Z","volume":7000,"label":" ","price":7.53},{"type":"A","date":"2018-04-27T03:51:34.000Z","volume":8000,"label":" ","price":7.53},{"type":"A","date":"2018-04-27T03:52:02.000Z","volume":4000,"label":" ","price":7.53},{"type":"B","date":"2018-04-27T03:52:10.000Z","volume":2000,"label":" ","price":7.52},{"type":"A","date":"2018-04-27T03:54:25.000Z","volume":25000,"label":" ","price":7.53},{"type":"A","date":"2018-04-27T03:56:40.000Z","volume":104000,"label":"Y","price":7.53},{"type":"A","date":"2018-04-27T03:56:40.000Z","volume":46000,"label":" ","price":7.53},{"type":"B","date":"2018-04-27T03:56:40.000Z","volume":34000,"label":" ","price":7.53},{"type":"A","date":"2018-04-27T03:56:41.000Z","volume":25000,"label":" ","price":7.54},{"type":"B","date":"2018-04-27T03:57:02.000Z","volume":5000,"label":" ","price":7.53},{"type":"A","date":"2018-04-27T03:57:48.000Z","volume":68000,"label":"Y","price":7.54},{"type":"A","date":"2018-04-27T03:57:48.000Z","volume":67000,"label":" ","price":7.54},{"type":"B","date":"2018-04-27T03:57:49.000Z","volume":1000,"label":" ","price":7.54},{"type":"U","date":"2018-04-27T03:59:17.000Z","volume":3000,"label":"X","price":7.55},{"type":"A","date":"2018-04-27T03:59:19.000Z","volume":27000,"label":"Y","price":7.55},{"type":"A","date":"2018-04-27T03:59:19.000Z","volume":159000,"label":" ","price":7.55},{"type":"U","date":"2018-04-27T03:59:19.000Z","volume":17000,"label":" ","price":7.55},{"type":"U","date":"2018-04-27T03:59:27.000Z","volume":1000,"label":"X","price":7.56},{"type":"U","date":"2018-04-27T05:00:01.000Z","volume":4000,"label":" ","price":7.55},{"type":"B","date":"2018-04-27T05:00:01.000Z","volume":10000,"label":" ","price":7.54},{"type":"A","date":"2018-04-27T05:00:01.000Z","volume":1000,"label":" ","price":7.56},{"type":"A","date":"2018-04-27T05:00:01.000Z","volume":8000,"label":" ","price":7.55},{"type":"A","date":"2018-04-27T05:00:02.000Z","volume":1000,"label":" ","price":7.56},{"type":"A","date":"2018-04-27T05:00:02.000Z","volume":1000,"label":" ","price":7.56},{"type":"U","date":"2018-04-27T05:00:07.000Z","volume":1000,"label":" ","price":7.55},{"type":"A","date":"2018-04-27T05:00:07.000Z","volume":1000,"label":" ","price":7.56},{"type":"U","date":"2018-04-27T05:00:14.000Z","volume":30000,"label":" ","price":7.55},{"type":"A","date":"2018-04-27T05:00:14.000Z","volume":1000,"label":" ","price":7.56},{"type":"A","date":"2018-04-27T05:00:14.000Z","volume":2000,"label":" ","price":7.56},{"type":"A","date":"2018-04-27T05:00:14.000Z","volume":2000,"label":" ","price":7.56},{"type":"A","date":"2018-04-27T05:00:14.000Z","volume":1000,"label":" ","price":7.56},{"type":"U","date":"2018-04-27T05:01:15.000Z","volume":5000,"label":"X","price":7.55},{"type":"U","date":"2018-04-27T05:01:48.000Z","volume":10000,"label":" ","price":7.55},{"type":"B","date":"2018-04-27T05:04:32.000Z","volume":3000,"label":" ","price":7.54},{"type":"U","date":"2018-04-27T05:05:45.000Z","volume":1000,"label":" ","price":7.55},{"type":"B","date":"2018-04-27T05:06:11.000Z","volume":1000,"label":" ","price":7.54},{"type":"U","date":"2018-04-27T05:08:17.000Z","volume":20000,"label":" ","price":7.55},{"type":"A","date":"2018-04-27T05:08:24.000Z","volume":3000,"label":" ","price":7.56},{"type":"U","date":"2018-04-27T05:09:04.000Z","volume":2000,"label":" ","price":7.55},{"type":"U","date":"2018-04-27T05:09:04.000Z","volume":1000,"label":" ","price":7.55},{"type":"U","date":"2018-04-27T05:09:04.000Z","volume":7000,"label":" ","price":7.55},{"type":"A","date":"2018-04-27T05:09:04.000Z","volume":1000,"label":" ","price":7.56},{"type":"B","date":"2018-04-27T05:09:14.000Z","volume":6000,"label":" ","price":7.54},{"type":"A","date":"2018-04-27T05:09:14.000Z","volume":1000,"label":" ","price":7.56},{"type":"B","date":"2018-04-27T05:09:52.000Z","volume":4000,"label":" ","price":7.54},{"type":"A","date":"2018-04-27T05:09:52.000Z","volume":1000,"label":" ","price":7.56},{"type":"A","date":"2018-04-27T05:10:05.000Z","volume":2000,"label":" ","price":7.56},{"type":"U","date":"2018-04-27T05:10:09.000Z","volume":1000,"label":" ","price":7.55},{"type":"A","date":"2018-04-27T05:12:24.000Z","volume":3000,"label":" ","price":7.56},{"type":"A","date":"2018-04-27T05:12:24.000Z","volume":1000,"label":" ","price":7.56},{"type":"U","date":"2018-04-27T05:13:48.000Z","volume":3000,"label":" ","price":7.55},{"type":"U","date":"2018-04-27T05:13:48.000Z","volume":2000,"label":"X","price":7.55},{"type":"A","date":"2018-04-27T05:14:51.000Z","volume":8000,"label":" ","price":7.56},{"type":"A","date":"2018-04-27T05:14:53.000Z","volume":1000,"label":" ","price":7.56},{"type":"A","date":"2018-04-27T05:14:53.000Z","volume":1000,"label":" ","price":7.56},{"type":"A","date":"2018-04-27T05:16:08.000Z","volume":1000,"label":" ","price":7.56},{"type":"A","date":"2018-04-27T05:16:45.000Z","volume":3000,"label":" ","price":7.56},{"type":"U","date":"2018-04-27T05:18:32.000Z","volume":2000,"label":" ","price":7.55},{"type":"U","date":"2018-04-27T05:18:32.000Z","volume":3000,"label":"X","price":7.55},{"type":"A","date":"2018-04-27T05:18:33.000Z","volume":2000,"label":" ","price":7.56},{"type":"A","date":"2018-04-27T05:18:33.000Z","volume":1000,"label":" ","price":7.56},{"type":"B","date":"2018-04-27T05:18:33.000Z","volume":1000,"label":" ","price":7.55},{"type":"B","date":"2018-04-27T05:18:33.000Z","volume":1000,"label":" ","price":7.55},{"type":"B","date":"2018-04-27T05:18:33.000Z","volume":1000,"label":" ","price":7.55},{"type":"B","date":"2018-04-27T05:18:41.000Z","volume":2000,"label":" ","price":7.55},{"type":"B","date":"2018-04-27T05:19:43.000Z","volume":10000,"label":" ","price":7.55},{"type":"B","date":"2018-04-27T05:20:29.000Z","volume":52000,"label":" ","price":7.55},{"type":"B","date":"2018-04-27T05:20:29.000Z","volume":48000,"label":" ","price":7.55},{"type":"B","date":"2018-04-27T05:20:29.000Z","volume":5000,"label":" ","price":7.55},{"type":"A","date":"2018-04-27T05:20:30.000Z","volume":1000,"label":" ","price":7.56},{"type":"B","date":"2018-04-27T05:20:31.000Z","volume":4000,"label":" ","price":7.55},{"type":"A","date":"2018-04-27T05:20:33.000Z","volume":6000,"label":" ","price":7.56},{"type":"A","date":"2018-04-27T05:20:34.000Z","volume":1000,"label":" ","price":7.56},{"type":"U","date":"2018-04-27T05:20:38.000Z","volume":7000,"label":"X","price":7.56},{"type":"B","date":"2018-04-27T05:21:47.000Z","volume":4000,"label":" ","price":7.55},{"type":"B","date":"2018-04-27T05:22:35.000Z","volume":3000,"label":" ","price":7.55},{"type":"A","date":"2018-04-27T05:24:46.000Z","volume":4000,"label":"Y","price":7.56},{"type":"A","date":"2018-04-27T05:24:46.000Z","volume":66000,"label":" ","price":7.56},{"type":"A","date":"2018-04-27T05:24:46.000Z","volume":56000,"label":" ","price":7.56},{"type":"A","date":"2018-04-27T05:24:46.000Z","volume":6000,"label":" ","price":7.56},{"type":"A","date":"2018-04-27T05:24:47.000Z","volume":3000,"label":" ","price":7.56},{"type":"A","date":"2018-04-27T05:24:47.000Z","volume":143000,"label":" ","price":7.56},{"type":"A","date":"2018-04-27T05:24:47.000Z","volume":1000,"label":" ","price":7.57},{"type":"A","date":"2018-04-27T05:24:47.000Z","volume":3000,"label":" ","price":7.57},{"type":"A","date":"2018-04-27T05:24:48.000Z","volume":9000,"label":" ","price":7.57},{"type":"A","date":"2018-04-27T05:24:48.000Z","volume":1000,"label":" ","price":7.57},{"type":"A","date":"2018-04-27T05:24:49.000Z","volume":201000,"label":" ","price":7.57},{"type":"A","date":"2018-04-27T05:24:50.000Z","volume":87000,"label":" ","price":7.58},{"type":"A","date":"2018-04-27T05:24:50.000Z","volume":8000,"label":" ","price":7.58},{"type":"U","date":"2018-04-27T05:24:51.000Z","volume":7000,"label":"X","price":7.56},{"type":"U","date":"2018-04-27T05:24:51.000Z","volume":6000,"label":"X","price":7.56},{"type":"U","date":"2018-04-27T05:24:51.000Z","volume":11000,"label":"X","price":7.58},{"type":"U","date":"2018-04-27T05:24:51.000Z","volume":20000,"label":"X","price":7.58},{"type":"U","date":"2018-04-27T05:24:55.000Z","volume":8000,"label":"X","price":7.58},{"type":"B","date":"2018-04-27T05:24:59.000Z","volume":14000,"label":" ","price":7.56},{"type":"B","date":"2018-04-27T05:24:59.000Z","volume":16000,"label":" ","price":7.55},{"type":"A","date":"2018-04-27T05:24:59.000Z","volume":3000,"label":" ","price":7.58},{"type":"U","date":"2018-04-27T05:25:04.000Z","volume":5000,"label":"X","price":7.58},{"type":"A","date":"2018-04-27T05:26:48.000Z","volume":5000,"label":"Y","price":7.58},{"type":"A","date":"2018-04-27T05:26:48.000Z","volume":53000,"label":" ","price":7.58},{"type":"A","date":"2018-04-27T05:26:49.000Z","volume":2000,"label":" ","price":7.58},{"type":"A","date":"2018-04-27T05:27:38.000Z","volume":11000,"label":" ","price":7.58},{"type":"A","date":"2018-04-27T05:27:39.000Z","volume":1000,"label":" ","price":7.58},{"type":"U","date":"2018-04-27T05:27:45.000Z","volume":1000,"label":"X","price":7.58},{"type":"A","date":"2018-04-27T05:28:00.000Z","volume":27000,"label":"Y","price":7.58},{"type":"A","date":"2018-04-27T05:28:00.000Z","volume":65000,"label":" ","price":7.58},{"type":"A","date":"2018-04-27T05:28:00.000Z","volume":28000,"label":"Y","price":7.59},{"type":"A","date":"2018-04-27T05:28:00.000Z","volume":82000,"label":" ","price":7.59},{"type":"A","date":"2018-04-27T05:28:00.000Z","volume":346000,"label":" ","price":7.6},{"type":"U","date":"2018-04-27T05:28:01.000Z","volume":5000,"label":"X","price":7.595},{"type":"A","date":"2018-04-27T05:28:01.000Z","volume":12000,"label":" ","price":7.61},{"type":"U","date":"2018-04-27T05:28:05.000Z","volume":4000,"label":"X","price":7.58},{"type":"U","date":"2018-04-27T05:28:05.000Z","volume":9000,"label":"X","price":7.58},{"type":"A","date":"2018-04-27T05:28:09.000Z","volume":14000,"label":"Y","price":7.61},{"type":"A","date":"2018-04-27T05:28:09.000Z","volume":110000,"label":" ","price":7.61},{"type":"A","date":"2018-04-27T05:28:10.000Z","volume":3000,"label":" ","price":7.61},{"type":"A","date":"2018-04-27T05:28:20.000Z","volume":4000,"label":"Y","price":7.62},{"type":"A","date":"2018-04-27T05:28:20.000Z","volume":96000,"label":" ","price":7.62},{"type":"A","date":"2018-04-27T05:28:20.000Z","volume":1000,"label":"Y","price":7.62},{"type":"A","date":"2018-04-27T05:28:20.000Z","volume":9000,"label":" ","price":7.62},{"type":"A","date":"2018-04-27T05:28:20.000Z","volume":9000,"label":"Y","price":7.62},{"type":"A","date":"2018-04-27T05:28:24.000Z","volume":9000,"label":" ","price":7.63},{"type":"U","date":"2018-04-27T05:28:25.000Z","volume":8000,"label":"X","price":7.62},{"type":"U","date":"2018-04-27T05:28:25.000Z","volume":4000,"label":"X","price":7.615},{"type":"B","date":"2018-04-27T05:28:31.000Z","volume":1000,"label":"Y","price":7.6},{"type":"B","date":"2018-04-27T05:28:31.000Z","volume":9000,"label":" ","price":7.6},{"type":"A","date":"2018-04-27T05:28:31.000Z","volume":2000,"label":" ","price":7.63},{"type":"A","date":"2018-04-27T05:28:42.000Z","volume":40000,"label":" ","price":7.63},{"type":"U","date":"2018-04-27T05:28:43.000Z","volume":1000,"label":"X","price":7.62},{"type":"A","date":"2018-04-27T05:28:45.000Z","volume":6000,"label":" ","price":7.63},{"type":"U","date":"2018-04-27T05:28:50.000Z","volume":5000,"label":"X","price":7.63},{"type":"U","date":"2018-04-27T05:29:01.000Z","volume":1000,"label":"X","price":7.62},{"type":"B","date":"2018-04-27T05:32:02.000Z","volume":10000,"label":" ","price":7.61},{"type":"B","date":"2018-04-27T05:32:02.000Z","volume":34000,"label":" ","price":7.61},{"type":"U","date":"2018-04-27T05:32:07.000Z","volume":2000,"label":"X","price":7.62},{"type":"B","date":"2018-04-27T05:32:08.000Z","volume":5000,"label":" ","price":7.61},{"type":"B","date":"2018-04-27T05:32:08.000Z","volume":6000,"label":" ","price":7.61},{"type":"B","date":"2018-04-27T05:32:08.000Z","volume":19000,"label":" ","price":7.6},{"type":"U","date":"2018-04-27T05:33:21.000Z","volume":20000,"label":" ","price":7.6},{"type":"U","date":"2018-04-27T05:33:22.000Z","volume":1000,"label":"X","price":7.6},{"type":"B","date":"2018-04-27T05:36:02.000Z","volume":1000,"label":" ","price":7.6},{"type":"A","date":"2018-04-27T05:37:53.000Z","volume":33000,"label":"Y","price":7.61},{"type":"A","date":"2018-04-27T05:37:53.000Z","volume":93000,"label":" ","price":7.61},{"type":"A","date":"2018-04-27T05:37:53.000Z","volume":20000,"label":" ","price":7.62},{"type":"U","date":"2018-04-27T05:37:54.000Z","volume":3000,"label":"X","price":7.61},{"type":"A","date":"2018-04-27T05:37:54.000Z","volume":1000,"label":" ","price":7.62},{"type":"B","date":"2018-04-27T05:37:56.000Z","volume":3000,"label":" ","price":7.6},{"type":"U","date":"2018-04-27T05:37:58.000Z","volume":3000,"label":"X","price":7.61},{"type":"U","date":"2018-04-27T05:37:58.000Z","volume":9000,"label":"X","price":7.61},{"type":"U","date":"2018-04-27T05:38:10.000Z","volume":1000,"label":"X","price":7.615},{"type":"A","date":"2018-04-27T05:40:22.000Z","volume":23000,"label":"Y","price":7.62},{"type":"A","date":"2018-04-27T05:40:22.000Z","volume":69000,"label":" ","price":7.62},{"type":"A","date":"2018-04-27T05:40:22.000Z","volume":21000,"label":"Y","price":7.63},{"type":"A","date":"2018-04-27T05:40:22.000Z","volume":170000,"label":" ","price":7.63},{"type":"U","date":"2018-04-27T05:40:23.000Z","volume":4000,"label":"X","price":7.625},{"type":"A","date":"2018-04-27T05:40:23.000Z","volume":4000,"label":" ","price":7.64},{"type":"A","date":"2018-04-27T05:40:25.000Z","volume":65000,"label":" ","price":7.64},{"type":"A","date":"2018-04-27T05:40:26.000Z","volume":2000,"label":" ","price":7.64},{"type":"U","date":"2018-04-27T05:40:30.000Z","volume":5000,"label":"X","price":7.64},{"type":"U","date":"2018-04-27T05:40:37.000Z","volume":50000,"label":" ","price":7.63},{"type":"U","date":"2018-04-27T05:40:38.000Z","volume":1000,"label":"X","price":7.63},{"type":"A","date":"2018-04-27T05:40:41.000Z","volume":1000,"label":"Y","price":7.64},{"type":"A","date":"2018-04-27T05:40:41.000Z","volume":40000,"label":" ","price":7.64},{"type":"A","date":"2018-04-27T05:40:41.000Z","volume":22000,"label":" ","price":7.64},{"type":"U","date":"2018-04-27T05:40:42.000Z","volume":2000,"label":"X","price":7.63},{"type":"A","date":"2018-04-27T05:41:35.000Z","volume":20000,"label":" ","price":7.64},{"type":"U","date":"2018-04-27T05:41:36.000Z","volume":1000,"label":"X","price":7.635},{"type":"A","date":"2018-04-27T05:41:38.000Z","volume":10000,"label":" ","price":7.64},{"type":"U","date":"2018-04-27T05:41:40.000Z","volume":5000,"label":"X","price":7.64},{"type":"A","date":"2018-04-27T05:41:41.000Z","volume":30000,"label":" ","price":7.64},{"type":"U","date":"2018-04-27T05:41:42.000Z","volume":1000,"label":"X","price":7.635},{"type":"A","date":"2018-04-27T05:41:45.000Z","volume":1000,"label":" ","price":7.64},{"type":"U","date":"2018-04-27T05:41:46.000Z","volume":3000,"label":"X","price":7.64},{"type":"A","date":"2018-04-27T05:41:47.000Z","volume":2000,"label":" ","price":7.64},{"type":"U","date":"2018-04-27T05:41:49.000Z","volume":3000,"label":"X","price":7.64},{"type":"U","date":"2018-04-27T05:42:34.000Z","volume":10000,"label":"X","price":7.64},{"type":"U","date":"2018-04-27T05:42:34.000Z","volume":13000,"label":"X","price":7.64},{"type":"A","date":"2018-04-27T05:42:45.000Z","volume":14000,"label":" ","price":7.64},{"type":"A","date":"2018-04-27T05:42:46.000Z","volume":1000,"label":" ","price":7.64},{"type":"B","date":"2018-04-27T05:42:49.000Z","volume":20000,"label":" ","price":7.63},{"type":"U","date":"2018-04-27T05:42:50.000Z","volume":5000,"label":"X","price":7.64},{"type":"U","date":"2018-04-27T05:42:50.000Z","volume":16000,"label":"X","price":7.64},{"type":"A","date":"2018-04-27T05:42:55.000Z","volume":8000,"label":" ","price":7.64},{"type":"A","date":"2018-04-27T05:42:55.000Z","volume":13000,"label":" ","price":7.64},{"type":"A","date":"2018-04-27T05:42:56.000Z","volume":1000,"label":" ","price":7.64},{"type":"B","date":"2018-04-27T05:43:03.000Z","volume":5000,"label":" ","price":7.63},{"type":"A","date":"2018-04-27T05:43:10.000Z","volume":15000,"label":" ","price":7.64},{"type":"A","date":"2018-04-27T05:43:10.000Z","volume":53000,"label":"Y","price":7.65},{"type":"A","date":"2018-04-27T05:43:10.000Z","volume":172000,"label":" ","price":7.65},{"type":"A","date":"2018-04-27T05:43:11.000Z","volume":7000,"label":" ","price":7.66},{"type":"A","date":"2018-04-27T05:43:13.000Z","volume":20000,"label":" ","price":7.64},{"type":"U","date":"2018-04-27T05:43:13.000Z","volume":1000,"label":"X","price":7.645},{"type":"A","date":"2018-04-27T05:43:33.000Z","volume":18000,"label":" ","price":7.66},{"type":"A","date":"2018-04-27T05:43:53.000Z","volume":5000,"label":"Y","price":7.66},{"type":"A","date":"2018-04-27T05:43:53.000Z","volume":15000,"label":" ","price":7.66},{"type":"U","date":"2018-04-27T05:43:54.000Z","volume":1000,"label":"X","price":7.65},{"type":"U","date":"2018-04-27T05:44:05.000Z","volume":3000,"label":"X","price":7.66},{"type":"U","date":"2018-04-27T05:44:08.000Z","volume":10000,"label":" ","price":7.65},{"type":"U","date":"2018-04-27T05:44:13.000Z","volume":1000,"label":"X","price":7.66},{"type":"A","date":"2018-04-27T05:44:47.000Z","volume":16000,"label":" ","price":7.66},{"type":"U","date":"2018-04-27T05:44:48.000Z","volume":1000,"label":"X","price":7.65},{"type":"A","date":"2018-04-27T05:44:49.000Z","volume":5000,"label":"Y","price":7.66},{"type":"A","date":"2018-04-27T05:44:49.000Z","volume":5000,"label":" ","price":7.66},{"type":"A","date":"2018-04-27T05:44:51.000Z","volume":40000,"label":" ","price":7.66},{"type":"U","date":"2018-04-27T05:44:52.000Z","volume":4000,"label":"X","price":7.66},{"type":"U","date":"2018-04-27T05:44:52.000Z","volume":1000,"label":"X","price":7.65},{"type":"A","date":"2018-04-27T05:44:55.000Z","volume":9000,"label":" ","price":7.67},{"type":"U","date":"2018-04-27T05:44:55.000Z","volume":2000,"label":"X","price":7.66},{"type":"U","date":"2018-04-27T05:44:56.000Z","volume":1000,"label":"X","price":7.655},{"type":"B","date":"2018-04-27T05:45:16.000Z","volume":20000,"label":" ","price":7.65},{"type":"B","date":"2018-04-27T05:45:20.000Z","volume":1000,"label":" ","price":7.65},{"type":"B","date":"2018-04-27T05:45:20.000Z","volume":19000,"label":" ","price":7.64},{"type":"U","date":"2018-04-27T05:45:21.000Z","volume":3000,"label":"X","price":7.66},{"type":"U","date":"2018-04-27T05:45:21.000Z","volume":2000,"label":"X","price":7.66},{"type":"U","date":"2018-04-27T05:45:21.000Z","volume":1000,"label":"X","price":7.655},{"type":"U","date":"2018-04-27T05:45:25.000Z","volume":4000,"label":"X","price":7.66},{"type":"A","date":"2018-04-27T05:46:20.000Z","volume":8000,"label":" ","price":7.66},{"type":"A","date":"2018-04-27T05:46:21.000Z","volume":27000,"label":" ","price":7.66},{"type":"U","date":"2018-04-27T05:46:22.000Z","volume":1000,"label":"X","price":7.66},{"type":"B","date":"2018-04-27T05:46:25.000Z","volume":2000,"label":"Y","price":7.66},{"type":"B","date":"2018-04-27T05:46:25.000Z","volume":3000,"label":" ","price":7.66},{"type":"U","date":"2018-04-27T05:46:26.000Z","volume":1000,"label":"X","price":7.67},{"type":"U","date":"2018-04-27T05:46:31.000Z","volume":1000,"label":"X","price":7.67},{"type":"A","date":"2018-04-27T05:46:38.000Z","volume":50000,"label":" ","price":7.67},{"type":"A","date":"2018-04-27T05:46:38.000Z","volume":3000,"label":" ","price":7.67},{"type":"U","date":"2018-04-27T05:46:39.000Z","volume":2000,"label":"X","price":7.66},{"type":"U","date":"2018-04-27T05:46:43.000Z","volume":5000,"label":"X","price":7.67},{"type":"U","date":"2018-04-27T05:46:43.000Z","volume":5000,"label":"X","price":7.67},{"type":"A","date":"2018-04-27T05:47:40.000Z","volume":20000,"label":" ","price":7.66},{"type":"U","date":"2018-04-27T05:47:48.000Z","volume":2000,"label":"X","price":7.66},{"type":"A","date":"2018-04-27T05:47:51.000Z","volume":10000,"label":" ","price":7.66},{"type":"U","date":"2018-04-27T05:47:52.000Z","volume":1000,"label":"X","price":7.665},{"type":"U","date":"2018-04-27T05:47:56.000Z","volume":2000,"label":"X","price":7.67},{"type":"B","date":"2018-04-27T05:48:16.000Z","volume":10000,"label":" ","price":7.66},{"type":"A","date":"2018-04-27T05:48:16.000Z","volume":1000,"label":" ","price":7.67},{"type":"U","date":"2018-04-27T05:48:21.000Z","volume":1000,"label":"X","price":7.67},{"type":"B","date":"2018-04-27T05:48:32.000Z","volume":40000,"label":" ","price":7.66},{"type":"B","date":"2018-04-27T05:48:32.000Z","volume":17000,"label":" ","price":7.66},{"type":"A","date":"2018-04-27T05:48:32.000Z","volume":10000,"label":" ","price":7.67},{"type":"A","date":"2018-04-27T05:48:33.000Z","volume":1000,"label":" ","price":7.67},{"type":"A","date":"2018-04-27T05:48:43.000Z","volume":20000,"label":" ","price":7.67},{"type":"A","date":"2018-04-27T05:48:43.000Z","volume":1000,"label":" ","price":7.67},{"type":"A","date":"2018-04-27T05:49:06.000Z","volume":11000,"label":"Y","price":7.67},{"type":"A","date":"2018-04-27T05:49:06.000Z","volume":48000,"label":" ","price":7.67},{"type":"A","date":"2018-04-27T05:49:06.000Z","volume":15000,"label":"Y","price":7.68},{"type":"A","date":"2018-04-27T05:49:06.000Z","volume":133000,"label":" ","price":7.68},{"type":"A","date":"2018-04-27T05:49:06.000Z","volume":1000,"label":" ","price":7.68},{"type":"A","date":"2018-04-27T05:49:06.000Z","volume":15000,"label":" ","price":7.68},{"type":"U","date":"2018-04-27T05:49:07.000Z","volume":5000,"label":"X","price":7.67},{"type":"A","date":"2018-04-27T05:49:07.000Z","volume":1000,"label":" ","price":7.69},{"type":"U","date":"2018-04-27T05:49:11.000Z","volume":5000,"label":"X","price":7.68},{"type":"A","date":"2018-04-27T05:49:11.000Z","volume":48000,"label":" ","price":7.69},{"type":"A","date":"2018-04-27T05:49:12.000Z","volume":2000,"label":" ","price":7.69},{"type":"A","date":"2018-04-27T05:49:26.000Z","volume":10000,"label":" ","price":7.68},{"type":"A","date":"2018-04-27T05:49:26.000Z","volume":1000,"label":"Y","price":7.68},{"type":"A","date":"2018-04-27T05:49:26.000Z","volume":2000,"label":" ","price":7.68},{"type":"A","date":"2018-04-27T05:49:35.000Z","volume":2000,"label":" ","price":7.68},{"type":"A","date":"2018-04-27T05:49:54.000Z","volume":6000,"label":" ","price":7.68},{"type":"B","date":"2018-04-27T05:49:57.000Z","volume":1000,"label":" ","price":7.68},{"type":"U","date":"2018-04-27T05:49:59.000Z","volume":2000,"label":"X","price":7.69},{"type":"B","date":"2018-04-27T05:50:01.000Z","volume":14000,"label":" ","price":7.68},{"type":"B","date":"2018-04-27T05:50:01.000Z","volume":2000,"label":" ","price":7.67},{"type":"U","date":"2018-04-27T05:50:06.000Z","volume":3000,"label":"X","price":7.68},{"type":"B","date":"2018-04-27T05:50:31.000Z","volume":1000,"label":"Y","price":7.67},{"type":"B","date":"2018-04-27T05:51:05.000Z","volume":5000,"label":" ","price":7.67},{"type":"A","date":"2018-04-27T05:51:05.000Z","volume":1000,"label":" ","price":7.68},{"type":"U","date":"2018-04-27T05:51:10.000Z","volume":1000,"label":"X","price":7.68},{"type":"B","date":"2018-04-27T05:51:22.000Z","volume":9000,"label":" ","price":7.67},{"type":"B","date":"2018-04-27T05:51:22.000Z","volume":1000,"label":"Y","price":7.66},{"type":"B","date":"2018-04-27T05:51:22.000Z","volume":21000,"label":" ","price":7.66},{"type":"B","date":"2018-04-27T05:51:22.000Z","volume":1000,"label":"Y","price":7.65},{"type":"B","date":"2018-04-27T05:51:22.000Z","volume":18000,"label":" ","price":7.65},{"type":"A","date":"2018-04-27T05:51:22.000Z","volume":1000,"label":" ","price":7.67},{"type":"A","date":"2018-04-27T05:51:22.000Z","volume":1000,"label":" ","price":7.67},{"type":"U","date":"2018-04-27T05:51:27.000Z","volume":5000,"label":"X","price":7.67},{"type":"B","date":"2018-04-27T05:52:07.000Z","volume":1000,"label":" ","price":7.66},{"type":"B","date":"2018-04-27T05:52:12.000Z","volume":1000,"label":" ","price":7.66},{"type":"A","date":"2018-04-27T05:53:57.000Z","volume":5000,"label":" ","price":7.67},{"type":"B","date":"2018-04-27T05:55:50.000Z","volume":1000,"label":" ","price":7.66},{"type":"A","date":"2018-04-27T05:55:59.000Z","volume":50000,"label":" ","price":7.67},{"type":"B","date":"2018-04-27T05:56:23.000Z","volume":20000,"label":" ","price":7.66},{"type":"U","date":"2018-04-27T05:56:24.000Z","volume":1000,"label":"X","price":7.665},{"type":"A","date":"2018-04-27T05:56:25.000Z","volume":40000,"label":" ","price":7.67},{"type":"U","date":"2018-04-27T05:56:26.000Z","volume":1000,"label":"X","price":7.665},{"type":"A","date":"2018-04-27T05:57:48.000Z","volume":6000,"label":" ","price":7.67},{"type":"B","date":"2018-04-27T05:59:04.000Z","volume":20000,"label":" ","price":7.66},{"type":"U","date":"2018-04-27T05:59:05.000Z","volume":1000,"label":"X","price":7.665},{"type":"B","date":"2018-04-27T06:00:56.000Z","volume":20000,"label":" ","price":7.66},{"type":"U","date":"2018-04-27T06:00:57.000Z","volume":1000,"label":"X","price":7.665},{"type":"B","date":"2018-04-27T06:01:02.000Z","volume":1000,"label":" ","price":7.66},{"type":"A","date":"2018-04-27T06:02:16.000Z","volume":108000,"label":" ","price":7.67},{"type":"A","date":"2018-04-27T06:02:17.000Z","volume":4000,"label":"Y","price":7.67},{"type":"A","date":"2018-04-27T06:02:17.000Z","volume":17000,"label":" ","price":7.67},{"type":"U","date":"2018-04-27T06:02:17.000Z","volume":1000,"label":"X","price":7.665},{"type":"A","date":"2018-04-27T06:02:17.000Z","volume":3000,"label":" ","price":7.67},{"type":"U","date":"2018-04-27T06:02:22.000Z","volume":3000,"label":"X","price":7.67},{"type":"A","date":"2018-04-27T06:03:16.000Z","volume":60000,"label":" ","price":7.67},{"type":"A","date":"2018-04-27T06:03:16.000Z","volume":8000,"label":" ","price":7.68},{"type":"U","date":"2018-04-27T06:03:17.000Z","volume":2000,"label":"X","price":7.675},{"type":"U","date":"2018-04-27T06:03:21.000Z","volume":5000,"label":"X","price":7.68},{"type":"B","date":"2018-04-27T06:03:34.000Z","volume":50000,"label":" ","price":7.67},{"type":"A","date":"2018-04-27T06:03:34.000Z","volume":11000,"label":" ","price":7.68},{"type":"A","date":"2018-04-27T06:03:34.000Z","volume":12000,"label":"Y","price":7.68},{"type":"A","date":"2018-04-27T06:03:34.000Z","volume":85000,"label":" ","price":7.68},{"type":"A","date":"2018-04-27T06:03:35.000Z","volume":3000,"label":" ","price":7.69},{"type":"U","date":"2018-04-27T06:03:36.000Z","volume":2000,"label":"X","price":7.68},{"type":"A","date":"2018-04-27T06:03:43.000Z","volume":25000,"label":" ","price":7.69},{"type":"A","date":"2018-04-27T06:03:43.000Z","volume":1000,"label":" ","price":7.69},{"type":"A","date":"2018-04-27T06:03:58.000Z","volume":5000,"label":" ","price":7.69},{"type":"A","date":"2018-04-27T06:03:59.000Z","volume":4000,"label":"Y","price":7.69},{"type":"A","date":"2018-04-27T06:03:59.000Z","volume":55000,"label":" ","price":7.69},{"type":"A","date":"2018-04-27T06:03:59.000Z","volume":6000,"label":"Y","price":7.7},{"type":"A","date":"2018-04-27T06:03:59.000Z","volume":291000,"label":" ","price":7.7},{"type":"U","date":"2018-04-27T06:04:00.000Z","volume":5000,"label":"X","price":7.695},{"type":"A","date":"2018-04-27T06:04:00.000Z","volume":6000,"label":" ","price":7.71},{"type":"A","date":"2018-04-27T06:04:00.000Z","volume":15000,"label":" ","price":7.71},{"type":"A","date":"2018-04-27T06:04:01.000Z","volume":1000,"label":" ","price":7.72},{"type":"U","date":"2018-04-27T06:04:03.000Z","volume":2000,"label":"X","price":7.69},{"type":"U","date":"2018-04-27T06:04:05.000Z","volume":3000,"label":"X","price":7.71},{"type":"A","date":"2018-04-27T06:04:07.000Z","volume":68000,"label":" ","price":7.72},{"type":"A","date":"2018-04-27T06:04:08.000Z","volume":1000,"label":" ","price":7.72},{"type":"A","date":"2018-04-27T06:04:08.000Z","volume":1000,"label":" ","price":7.72},{"type":"A","date":"2018-04-27T06:04:08.000Z","volume":1000,"label":" ","price":7.72},{"type":"A","date":"2018-04-27T06:04:10.000Z","volume":4000,"label":"Y","price":7.72},{"type":"A","date":"2018-04-27T06:05:06.000Z","volume":20000,"label":" ","price":7.72},{"type":"U","date":"2018-04-27T06:05:18.000Z","volume":5000,"label":"X","price":7.72},{"type":"A","date":"2018-04-27T06:05:24.000Z","volume":51000,"label":" ","price":7.72},{"type":"A","date":"2018-04-27T06:05:24.000Z","volume":12000,"label":"Y","price":7.73},{"type":"A","date":"2018-04-27T06:05:24.000Z","volume":37000,"label":" ","price":7.73},{"type":"A","date":"2018-04-27T06:05:24.000Z","volume":10000,"label":" ","price":7.73},{"type":"U","date":"2018-04-27T06:05:24.000Z","volume":3000,"label":"X","price":7.715},{"type":"U","date":"2018-04-27T06:05:29.000Z","volume":5000,"label":"X","price":7.73},{"type":"U","date":"2018-04-27T06:05:33.000Z","volume":2000,"label":" ","price":7.72},{"type":"A","date":"2018-04-27T06:05:33.000Z","volume":8000,"label":" ","price":7.73},{"type":"A","date":"2018-04-27T06:05:53.000Z","volume":20000,"label":" ","price":7.72},{"type":"A","date":"2018-04-27T06:05:54.000Z","volume":1000,"label":" ","price":7.72},{"type":"A","date":"2018-04-27T06:06:01.000Z","volume":5000,"label":" ","price":7.72},{"type":"U","date":"2018-04-27T06:06:06.000Z","volume":5000,"label":"X","price":7.72},{"type":"B","date":"2018-04-27T06:06:51.000Z","volume":16000,"label":" ","price":7.71},{"type":"A","date":"2018-04-27T06:06:51.000Z","volume":3000,"label":" ","price":7.71},{"type":"A","date":"2018-04-27T06:06:52.000Z","volume":1000,"label":" ","price":7.71},{"type":"A","date":"2018-04-27T06:06:54.000Z","volume":8000,"label":" ","price":7.71},{"type":"U","date":"2018-04-27T06:06:56.000Z","volume":4000,"label":"X","price":7.71},{"type":"A","date":"2018-04-27T06:07:17.000Z","volume":2000,"label":" ","price":7.71},{"type":"B","date":"2018-04-27T06:07:28.000Z","volume":120000,"label":" ","price":7.7},{"type":"B","date":"2018-04-27T06:07:28.000Z","volume":32000,"label":" ","price":7.7},{"type":"A","date":"2018-04-27T06:07:28.000Z","volume":1000,"label":" ","price":7.71},{"type":"A","date":"2018-04-27T06:07:28.000Z","volume":12000,"label":"Y","price":7.71},{"type":"A","date":"2018-04-27T06:07:28.000Z","volume":15000,"label":" ","price":7.71},{"type":"A","date":"2018-04-27T06:07:28.000Z","volume":1000,"label":" ","price":7.71},{"type":"A","date":"2018-04-27T06:07:28.000Z","volume":1000,"label":" ","price":7.71},{"type":"U","date":"2018-04-27T06:07:33.000Z","volume":1000,"label":"X","price":7.71},{"type":"B","date":"2018-04-27T06:07:56.000Z","volume":6000,"label":" ","price":7.7},{"type":"U","date":"2018-04-27T06:08:06.000Z","volume":1000,"label":"X","price":7.7},{"type":"A","date":"2018-04-27T06:08:42.000Z","volume":20000,"label":" ","price":7.7},{"type":"U","date":"2018-04-27T06:08:43.000Z","volume":1000,"label":"X","price":7.695},{"type":"A","date":"2018-04-27T06:08:56.000Z","volume":5000,"label":" ","price":7.7},{"type":"A","date":"2018-04-27T06:09:03.000Z","volume":2000,"label":"Y","price":7.7},{"type":"A","date":"2018-04-27T06:09:03.000Z","volume":498000,"label":" ","price":7.7},{"type":"U","date":"2018-04-27T06:09:04.000Z","volume":4000,"label":"X","price":7.695},{"type":"A","date":"2018-04-27T06:09:04.000Z","volume":1000,"label":" ","price":7.7},{"type":"A","date":"2018-04-27T06:09:04.000Z","volume":1000,"label":" ","price":7.7},{"type":"A","date":"2018-04-27T06:09:04.000Z","volume":1000,"label":" ","price":7.7},{"type":"A","date":"2018-04-27T06:09:04.000Z","volume":1000,"label":" ","price":7.7},{"type":"A","date":"2018-04-27T06:09:04.000Z","volume":1000,"label":" ","price":7.7},{"type":"A","date":"2018-04-27T06:09:04.000Z","volume":6000,"label":" ","price":7.7},{"type":"A","date":"2018-04-27T06:09:04.000Z","volume":1000,"label":" ","price":7.71},{"type":"A","date":"2018-04-27T06:09:04.000Z","volume":1000,"label":" ","price":7.71},{"type":"A","date":"2018-04-27T06:09:04.000Z","volume":1000,"label":" ","price":7.71},{"type":"U","date":"2018-04-27T06:09:06.000Z","volume":2000,"label":"X","price":7.7},{"type":"A","date":"2018-04-27T06:09:07.000Z","volume":11000,"label":"Y","price":7.71},{"type":"A","date":"2018-04-27T06:09:07.000Z","volume":33000,"label":" ","price":7.71},{"type":"U","date":"2018-04-27T06:09:08.000Z","volume":2000,"label":"X","price":7.7},{"type":"U","date":"2018-04-27T06:09:08.000Z","volume":3000,"label":"X","price":7.7},{"type":"A","date":"2018-04-27T06:09:12.000Z","volume":7000,"label":"Y","price":7.71},{"type":"A","date":"2018-04-27T06:09:12.000Z","volume":24000,"label":" ","price":7.71},{"type":"U","date":"2018-04-27T06:09:13.000Z","volume":5000,"label":"X","price":7.71},{"type":"U","date":"2018-04-27T06:09:16.000Z","volume":2000,"label":"X","price":7.71},{"type":"A","date":"2018-04-27T06:09:17.000Z","volume":6000,"label":" ","price":7.72},{"type":"A","date":"2018-04-27T06:09:24.000Z","volume":4000,"label":"Y","price":7.73},{"type":"A","date":"2018-04-27T06:09:24.000Z","volume":24000,"label":" ","price":7.73},{"type":"A","date":"2018-04-27T06:09:25.000Z","volume":1000,"label":" ","price":7.74},{"type":"A","date":"2018-04-27T06:09:28.000Z","volume":6000,"label":" ","price":7.73},{"type":"B","date":"2018-04-27T06:10:03.000Z","volume":2000,"label":" ","price":7.71},{"type":"B","date":"2018-04-27T06:10:07.000Z","volume":5000,"label":" ","price":7.71},{"type":"U","date":"2018-04-27T06:10:12.000Z","volume":1000,"label":"X","price":7.72},{"type":"B","date":"2018-04-27T06:10:45.000Z","volume":5000,"label":" ","price":7.71},{"type":"B","date":"2018-04-27T06:11:04.000Z","volume":4000,"label":" ","price":7.71},{"type":"A","date":"2018-04-27T06:11:05.000Z","volume":1000,"label":" ","price":7.72},{"type":"B","date":"2018-04-27T06:11:24.000Z","volume":4000,"label":" ","price":7.71},{"type":"B","date":"2018-04-27T06:11:37.000Z","volume":1000,"label":" ","price":7.71},{"type":"A","date":"2018-04-27T06:13:34.000Z","volume":5000,"label":" ","price":7.72},{"type":"A","date":"2018-04-27T06:13:50.000Z","volume":1000,"label":" ","price":7.72},{"type":"A","date":"2018-04-27T06:14:43.000Z","volume":1000,"label":" ","price":7.72},{"type":"A","date":"2018-04-27T06:15:07.000Z","volume":8000,"label":" ","price":7.72},{"type":"B","date":"2018-04-27T06:15:19.000Z","volume":10000,"label":" ","price":7.71},{"type":"B","date":"2018-04-27T06:15:20.000Z","volume":39000,"label":" ","price":7.71},{"type":"A","date":"2018-04-27T06:15:20.000Z","volume":1000,"label":" ","price":7.72},{"type":"U","date":"2018-04-27T06:15:25.000Z","volume":4000,"label":"X","price":7.72},{"type":"U","date":"2018-04-27T06:15:25.000Z","volume":5000,"label":"X","price":7.72},{"type":"A","date":"2018-04-27T06:15:25.000Z","volume":8000,"label":"Y","price":7.72},{"type":"A","date":"2018-04-27T06:15:25.000Z","volume":157000,"label":" ","price":7.72},{"type":"A","date":"2018-04-27T06:15:25.000Z","volume":9000,"label":" ","price":7.73},{"type":"A","date":"2018-04-27T06:15:26.000Z","volume":4000,"label":" ","price":7.73},{"type":"A","date":"2018-04-27T06:15:33.000Z","volume":11000,"label":" ","price":7.73},{"type":"A","date":"2018-04-27T06:15:43.000Z","volume":10000,"label":" ","price":7.73},{"type":"A","date":"2018-04-27T06:15:43.000Z","volume":1000,"label":" ","price":7.73},{"type":"A","date":"2018-04-27T06:15:43.000Z","volume":3000,"label":" ","price":7.73},{"type":"A","date":"2018-04-27T06:15:55.000Z","volume":10000,"label":" ","price":7.71},{"type":"A","date":"2018-04-27T06:15:59.000Z","volume":1000,"label":" ","price":7.71},{"type":"A","date":"2018-04-27T06:16:00.000Z","volume":23000,"label":" ","price":7.71},{"type":"A","date":"2018-04-27T06:16:01.000Z","volume":1000,"label":" ","price":7.73},{"type":"U","date":"2018-04-27T06:16:06.000Z","volume":5000,"label":"X","price":7.71},{"type":"B","date":"2018-04-27T06:16:14.000Z","volume":10000,"label":" ","price":7.7},{"type":"A","date":"2018-04-27T06:17:32.000Z","volume":12000,"label":"Y","price":7.73},{"type":"A","date":"2018-04-27T06:17:32.000Z","volume":51000,"label":" ","price":7.73},{"type":"A","date":"2018-04-27T06:17:32.000Z","volume":12000,"label":"Y","price":7.74},{"type":"A","date":"2018-04-27T06:17:32.000Z","volume":64000,"label":" ","price":7.74},{"type":"A","date":"2018-04-27T06:17:32.000Z","volume":10000,"label":"Y","price":7.75},{"type":"A","date":"2018-04-27T06:17:32.000Z","volume":185000,"label":" ","price":7.75},{"type":"A","date":"2018-04-27T06:17:32.000Z","volume":3000,"label":"Y","price":7.75},{"type":"A","date":"2018-04-27T06:17:32.000Z","volume":2000,"label":"Y","price":7.75},{"type":"A","date":"2018-04-27T06:17:32.000Z","volume":2000,"label":"Y","price":7.75},{"type":"A","date":"2018-04-27T06:17:32.000Z","volume":8000,"label":"Y","price":7.75},{"type":"A","date":"2018-04-27T06:17:32.000Z","volume":2000,"label":"Y","price":7.75},{"type":"A","date":"2018-04-27T06:17:32.000Z","volume":2000,"label":"Y","price":7.75},{"type":"A","date":"2018-04-27T06:17:32.000Z","volume":1000,"label":"Y","price":7.75},{"type":"A","date":"2018-04-27T06:17:32.000Z","volume":3000,"label":"Y","price":7.75},{"type":"A","date":"2018-04-27T06:17:32.000Z","volume":2000,"label":"Y","price":7.75},{"type":"A","date":"2018-04-27T06:17:32.000Z","volume":2000,"label":"Y","price":7.75},{"type":"A","date":"2018-04-27T06:17:32.000Z","volume":5000,"label":"Y","price":7.75},{"type":"A","date":"2018-04-27T06:17:32.000Z","volume":21000,"label":"Y","price":7.75},{"type":"A","date":"2018-04-27T06:17:32.000Z","volume":2000,"label":"Y","price":7.75},{"type":"A","date":"2018-04-27T06:17:32.000Z","volume":22000,"label":"Y","price":7.75},{"type":"A","date":"2018-04-27T06:17:32.000Z","volume":1000,"label":"Y","price":7.75},{"type":"A","date":"2018-04-27T06:17:32.000Z","volume":6000,"label":"Y","price":7.75},{"type":"A","date":"2018-04-27T06:17:33.000Z","volume":13000,"label":" ","price":7.75},{"type":"A","date":"2018-04-27T06:17:36.000Z","volume":8000,"label":" ","price":7.75},{"type":"A","date":"2018-04-27T06:17:39.000Z","volume":6000,"label":"Y","price":7.75},{"type":"A","date":"2018-04-27T06:17:39.000Z","volume":10000,"label":" ","price":7.75},{"type":"A","date":"2018-04-27T06:17:40.000Z","volume":1000,"label":" ","price":7.75},{"type":"U","date":"2018-04-27T06:17:41.000Z","volume":5000,"label":"X","price":7.75},{"type":"U","date":"2018-04-27T06:17:41.000Z","volume":5000,"label":"X","price":7.75},{"type":"A","date":"2018-04-27T06:17:44.000Z","volume":45000,"label":" ","price":7.76},{"type":"A","date":"2018-04-27T06:17:45.000Z","volume":1000,"label":" ","price":7.77},{"type":"A","date":"2018-04-27T06:17:53.000Z","volume":4000,"label":" ","price":7.77},{"type":"U","date":"2018-04-27T06:17:58.000Z","volume":5000,"label":"X","price":7.77},{"type":"U","date":"2018-04-27T06:18:06.000Z","volume":5000,"label":"X","price":7.77},{"type":"B","date":"2018-04-27T06:18:35.000Z","volume":10000,"label":" ","price":7.72},{"type":"A","date":"2018-04-27T06:18:36.000Z","volume":1000,"label":" ","price":7.76},{"type":"B","date":"2018-04-27T06:19:09.000Z","volume":10000,"label":" ","price":7.72},{"type":"U","date":"2018-04-27T06:19:16.000Z","volume":3000,"label":"X","price":7.76},{"type":"B","date":"2018-04-27T06:20:10.000Z","volume":5000,"label":" ","price":7.72},{"type":"A","date":"2018-04-27T06:20:51.000Z","volume":50000,"label":" ","price":7.73},{"type":"A","date":"2018-04-27T06:20:52.000Z","volume":1000,"label":" ","price":7.73},{"type":"U","date":"2018-04-27T06:20:55.000Z","volume":2000,"label":"X","price":7.73},{"type":"U","date":"2018-04-27T06:20:56.000Z","volume":4000,"label":"X","price":7.73},{"type":"U","date":"2018-04-27T06:20:56.000Z","volume":4000,"label":"X","price":7.73},{"type":"U","date":"2018-04-27T06:21:03.000Z","volume":6000,"label":"X","price":7.73},{"type":"U","date":"2018-04-27T06:21:06.000Z","volume":3000,"label":"X","price":7.73},{"type":"A","date":"2018-04-27T06:21:18.000Z","volume":6000,"label":" ","price":7.73},{"type":"A","date":"2018-04-27T06:21:21.000Z","volume":14000,"label":" ","price":7.73},{"type":"U","date":"2018-04-27T06:21:36.000Z","volume":2000,"label":"X","price":7.73},{"type":"U","date":"2018-04-27T06:21:36.000Z","volume":7000,"label":"X","price":7.73},{"type":"B","date":"2018-04-27T06:22:03.000Z","volume":1000,"label":" ","price":7.73},{"type":"B","date":"2018-04-27T06:22:42.000Z","volume":10000,"label":" ","price":7.73},{"type":"A","date":"2018-04-27T06:22:43.000Z","volume":1000,"label":" ","price":7.74},{"type":"B","date":"2018-04-27T06:22:45.000Z","volume":1000,"label":" ","price":7.73},{"type":"A","date":"2018-04-27T06:24:01.000Z","volume":10000,"label":" ","price":7.73},{"type":"B","date":"2018-04-27T06:24:07.000Z","volume":20000,"label":" ","price":7.72},{"type":"A","date":"2018-04-27T06:24:08.000Z","volume":1000,"label":" ","price":7.73},{"type":"A","date":"2018-04-27T06:24:25.000Z","volume":10000,"label":" ","price":7.73},{"type":"B","date":"2018-04-27T06:24:26.000Z","volume":5000,"label":" ","price":7.72},{"type":"B","date":"2018-04-27T06:24:34.000Z","volume":10000,"label":" ","price":7.72},{"type":"A","date":"2018-04-27T06:25:40.000Z","volume":1000,"label":" ","price":7.73},{"type":"B","date":"2018-04-27T06:26:32.000Z","volume":26000,"label":" ","price":7.72},{"type":"B","date":"2018-04-27T06:26:32.000Z","volume":24000,"label":" ","price":7.72},{"type":"A","date":"2018-04-27T06:26:32.000Z","volume":5000,"label":" ","price":7.72},{"type":"A","date":"2018-04-27T06:26:33.000Z","volume":1000,"label":" ","price":7.73},{"type":"A","date":"2018-04-27T06:26:36.000Z","volume":10000,"label":" ","price":7.72},{"type":"U","date":"2018-04-27T06:27:24.000Z","volume":3000,"label":" ","price":7.72},{"type":"U","date":"2018-04-27T06:27:36.000Z","volume":7000,"label":" ","price":7.72},{"type":"A","date":"2018-04-27T06:27:37.000Z","volume":1000,"label":" ","price":7.73},{"type":"A","date":"2018-04-27T06:27:56.000Z","volume":5000,"label":" ","price":7.73},{"type":"U","date":"2018-04-27T06:28:06.000Z","volume":100000,"label":" ","price":7.72},{"type":"A","date":"2018-04-27T06:28:07.000Z","volume":3000,"label":" ","price":7.73},{"type":"B","date":"2018-04-27T06:29:02.000Z","volume":1000,"label":" ","price":7.72},{"type":"B","date":"2018-04-27T06:29:02.000Z","volume":2000,"label":" ","price":7.72},{"type":"B","date":"2018-04-27T06:29:04.000Z","volume":1000,"label":" ","price":7.72},{"type":"B","date":"2018-04-27T06:29:04.000Z","volume":4000,"label":" ","price":7.72},{"type":"B","date":"2018-04-27T06:29:04.000Z","volume":2000,"label":" ","price":7.72},{"type":"U","date":"2018-04-27T06:29:04.000Z","volume":23000,"label":" ","price":7.72},{"type":"A","date":"2018-04-27T06:29:05.000Z","volume":1000,"label":" ","price":7.73},{"type":"B","date":"2018-04-27T06:29:08.000Z","volume":20000,"label":" ","price":7.71},{"type":"A","date":"2018-04-27T06:29:08.000Z","volume":3000,"label":" ","price":7.73},{"type":"U","date":"2018-04-27T06:29:16.000Z","volume":4000,"label":"X","price":7.73},{"type":"U","date":"2018-04-27T06:29:16.000Z","volume":1000,"label":"X","price":7.73},{"type":"A","date":"2018-04-27T06:29:31.000Z","volume":10000,"label":" ","price":7.72},{"type":"U","date":"2018-04-27T06:29:50.000Z","volume":15000,"label":" ","price":7.72},{"type":"A","date":"2018-04-27T06:31:02.000Z","volume":10000,"label":" ","price":7.72},{"type":"A","date":"2018-04-27T06:31:03.000Z","volume":1000,"label":" ","price":7.73},{"type":"B","date":"2018-04-27T06:31:23.000Z","volume":7000,"label":" ","price":7.71},{"type":"B","date":"2018-04-27T06:31:36.000Z","volume":6000,"label":" ","price":7.71},{"type":"U","date":"2018-04-27T06:32:04.000Z","volume":2000,"label":" ","price":7.72},{"type":"B","date":"2018-04-27T06:32:07.000Z","volume":3000,"label":" ","price":7.71},{"type":"U","date":"2018-04-27T06:32:08.000Z","volume":3000,"label":" ","price":7.72},{"type":"U","date":"2018-04-27T06:32:08.000Z","volume":1000,"label":" ","price":7.72},{"type":"U","date":"2018-04-27T06:32:14.000Z","volume":40000,"label":" ","price":7.72},{"type":"U","date":"2018-04-27T06:32:14.000Z","volume":2000,"label":"X","price":7.72},{"type":"U","date":"2018-04-27T06:32:17.000Z","volume":4000,"label":" ","price":7.72},{"type":"U","date":"2018-04-27T06:32:18.000Z","volume":20000,"label":" ","price":7.72},{"type":"U","date":"2018-04-27T06:32:36.000Z","volume":5000,"label":"X","price":7.73},{"type":"U","date":"2018-04-27T06:32:40.000Z","volume":5000,"label":" ","price":7.72},{"type":"B","date":"2018-04-27T06:33:32.000Z","volume":4000,"label":" ","price":7.71},{"type":"A","date":"2018-04-27T06:33:32.000Z","volume":10000,"label":" ","price":7.73},{"type":"A","date":"2018-04-27T06:33:33.000Z","volume":1000,"label":" ","price":7.73},{"type":"U","date":"2018-04-27T06:33:38.000Z","volume":3000,"label":"X","price":7.73},{"type":"A","date":"2018-04-27T06:34:03.000Z","volume":25000,"label":" ","price":7.73},{"type":"A","date":"2018-04-27T06:34:03.000Z","volume":3000,"label":" ","price":7.73},{"type":"B","date":"2018-04-27T06:34:03.000Z","volume":5000,"label":"Y","price":7.71},{"type":"A","date":"2018-04-27T06:34:04.000Z","volume":1000,"label":" ","price":7.73},{"type":"U","date":"2018-04-27T06:34:09.000Z","volume":20000,"label":" ","price":7.72},{"type":"A","date":"2018-04-27T06:34:09.000Z","volume":6000,"label":" ","price":7.73},{"type":"U","date":"2018-04-27T06:34:09.000Z","volume":1000,"label":" ","price":7.72},{"type":"U","date":"2018-04-27T06:34:09.000Z","volume":1000,"label":"X","price":7.72},{"type":"U","date":"2018-04-27T06:34:16.000Z","volume":2000,"label":"X","price":7.73},{"type":"B","date":"2018-04-27T06:34:20.000Z","volume":10000,"label":" ","price":7.71},{"type":"U","date":"2018-04-27T06:34:36.000Z","volume":3000,"label":"X","price":7.73},{"type":"B","date":"2018-04-27T06:34:54.000Z","volume":10000,"label":" ","price":7.71},{"type":"A","date":"2018-04-27T06:35:13.000Z","volume":5000,"label":" ","price":7.73},{"type":"U","date":"2018-04-27T06:35:27.000Z","volume":4000,"label":" ","price":7.72},{"type":"A","date":"2018-04-27T06:35:28.000Z","volume":1000,"label":" ","price":7.73},{"type":"B","date":"2018-04-27T06:35:58.000Z","volume":2000,"label":" ","price":7.72},{"type":"B","date":"2018-04-27T06:36:02.000Z","volume":1000,"label":" ","price":7.72},{"type":"B","date":"2018-04-27T06:36:07.000Z","volume":1000,"label":" ","price":7.72},{"type":"B","date":"2018-04-27T06:36:07.000Z","volume":7000,"label":" ","price":7.72},{"type":"U","date":"2018-04-27T06:36:55.000Z","volume":32000,"label":" ","price":7.72},{"type":"A","date":"2018-04-27T06:36:56.000Z","volume":1000,"label":" ","price":7.73},{"type":"B","date":"2018-04-27T06:37:02.000Z","volume":5000,"label":" ","price":7.71},{"type":"B","date":"2018-04-27T06:37:04.000Z","volume":10000,"label":" ","price":7.71},{"type":"B","date":"2018-04-27T06:37:23.000Z","volume":5000,"label":" ","price":7.71},{"type":"A","date":"2018-04-27T06:37:24.000Z","volume":1000,"label":" ","price":7.73},{"type":"U","date":"2018-04-27T06:37:51.000Z","volume":10000,"label":" ","price":7.72},{"type":"U","date":"2018-04-27T06:38:07.000Z","volume":1000,"label":" ","price":7.72},{"type":"A","date":"2018-04-27T06:38:41.000Z","volume":80000,"label":" ","price":7.73},{"type":"A","date":"2018-04-27T06:38:41.000Z","volume":5000,"label":" ","price":7.73},{"type":"A","date":"2018-04-27T06:38:42.000Z","volume":3000,"label":" ","price":7.73},{"type":"U","date":"2018-04-27T06:38:46.000Z","volume":2000,"label":"X","price":7.73},{"type":"U","date":"2018-04-27T06:38:46.000Z","volume":10000,"label":"X","price":7.73},{"type":"B","date":"2018-04-27T06:40:31.000Z","volume":82000,"label":" ","price":7.71},{"type":"U","date":"2018-04-27T06:40:36.000Z","volume":14000,"label":"X","price":7.71},{"type":"U","date":"2018-04-27T06:40:36.000Z","volume":4000,"label":"X","price":7.71},{"type":"B","date":"2018-04-27T06:40:38.000Z","volume":6000,"label":" ","price":7.7},{"type":"U","date":"2018-04-27T06:40:52.000Z","volume":10000,"label":" ","price":7.7},{"type":"A","date":"2018-04-27T06:41:07.000Z","volume":11000,"label":"Y","price":7.71},{"type":"A","date":"2018-04-27T06:41:07.000Z","volume":91000,"label":" ","price":7.71},{"type":"A","date":"2018-04-27T06:41:08.000Z","volume":56000,"label":" ","price":7.71},{"type":"U","date":"2018-04-27T06:41:08.000Z","volume":3000,"label":"X","price":7.705},{"type":"U","date":"2018-04-27T06:41:16.000Z","volume":4000,"label":" ","price":7.71},{"type":"A","date":"2018-04-27T06:41:17.000Z","volume":57000,"label":"Y","price":7.71},{"type":"U","date":"2018-04-27T06:41:17.000Z","volume":2000,"label":"X","price":7.705},{"type":"U","date":"2018-04-27T06:41:36.000Z","volume":7000,"label":"X","price":7.72},{"type":"A","date":"2018-04-27T06:41:41.000Z","volume":4000,"label":" ","price":7.71},{"type":"B","date":"2018-04-27T06:42:28.000Z","volume":27000,"label":" ","price":7.7},{"type":"B","date":"2018-04-27T06:42:28.000Z","volume":255000,"label":" ","price":7.7},{"type":"U","date":"2018-04-27T06:42:28.000Z","volume":5000,"label":"X","price":7.705},{"type":"A","date":"2018-04-27T06:42:28.000Z","volume":4000,"label":" ","price":7.72},{"type":"A","date":"2018-04-27T06:42:36.000Z","volume":44000,"label":" ","price":7.72},{"type":"U","date":"2018-04-27T06:42:37.000Z","volume":2000,"label":"X","price":7.72},{"type":"U","date":"2018-04-27T06:42:37.000Z","volume":4000,"label":"X","price":7.72},{"type":"A","date":"2018-04-27T06:42:37.000Z","volume":1000,"label":" ","price":7.72},{"type":"U","date":"2018-04-27T06:42:46.000Z","volume":2000,"label":"X","price":7.72},{"type":"A","date":"2018-04-27T06:43:21.000Z","volume":1000,"label":" ","price":7.71},{"type":"A","date":"2018-04-27T06:43:22.000Z","volume":40000,"label":"Y","price":7.71},{"type":"A","date":"2018-04-27T06:43:22.000Z","volume":7000,"label":" ","price":7.71},{"type":"A","date":"2018-04-27T06:43:22.000Z","volume":2000,"label":" ","price":7.72},{"type":"U","date":"2018-04-27T06:43:37.000Z","volume":6000,"label":"X","price":7.72},{"type":"U","date":"2018-04-27T06:43:37.000Z","volume":5000,"label":"X","price":7.72},{"type":"A","date":"2018-04-27T06:43:44.000Z","volume":41000,"label":" ","price":7.72},{"type":"U","date":"2018-04-27T06:43:44.000Z","volume":1000,"label":"X","price":7.725},{"type":"U","date":"2018-04-27T06:44:07.000Z","volume":5000,"label":"X","price":7.73},{"type":"U","date":"2018-04-27T06:44:07.000Z","volume":3000,"label":"X","price":7.73},{"type":"B","date":"2018-04-27T06:44:40.000Z","volume":5000,"label":" ","price":7.72},{"type":"B","date":"2018-04-27T06:44:53.000Z","volume":99000,"label":" ","price":7.72},{"type":"A","date":"2018-04-27T06:44:53.000Z","volume":1000,"label":" ","price":7.72},{"type":"U","date":"2018-04-27T06:45:07.000Z","volume":1000,"label":"X","price":7.72},{"type":"A","date":"2018-04-27T06:45:40.000Z","volume":3000,"label":" ","price":7.72},{"type":"A","date":"2018-04-27T06:45:56.000Z","volume":1000,"label":" ","price":7.72},{"type":"A","date":"2018-04-27T06:47:32.000Z","volume":10000,"label":"Y","price":7.72},{"type":"A","date":"2018-04-27T06:47:32.000Z","volume":120000,"label":" ","price":7.72},{"type":"A","date":"2018-04-27T06:47:32.000Z","volume":11000,"label":" ","price":7.73},{"type":"U","date":"2018-04-27T06:47:33.000Z","volume":4000,"label":"X","price":7.72},{"type":"U","date":"2018-04-27T06:47:46.000Z","volume":7000,"label":"X","price":7.72},{"type":"B","date":"2018-04-27T06:47:51.000Z","volume":7000,"label":" ","price":7.72},{"type":"U","date":"2018-04-27T06:47:52.000Z","volume":1000,"label":"X","price":7.72},{"type":"A","date":"2018-04-27T06:48:27.000Z","volume":50000,"label":" ","price":7.72},{"type":"A","date":"2018-04-27T06:48:27.000Z","volume":2000,"label":" ","price":7.73},{"type":"A","date":"2018-04-27T06:48:28.000Z","volume":1000,"label":" ","price":7.73},{"type":"U","date":"2018-04-27T06:48:37.000Z","volume":11000,"label":"X","price":7.73},{"type":"A","date":"2018-04-27T06:49:18.000Z","volume":19000,"label":"Y","price":7.73},{"type":"A","date":"2018-04-27T06:49:18.000Z","volume":172000,"label":" ","price":7.73},{"type":"A","date":"2018-04-27T06:49:18.000Z","volume":16000,"label":" ","price":7.74},{"type":"A","date":"2018-04-27T06:49:19.000Z","volume":3000,"label":" ","price":7.74},{"type":"A","date":"2018-04-27T06:49:19.000Z","volume":4000,"label":" ","price":7.74},{"type":"A","date":"2018-04-27T06:49:19.000Z","volume":1000,"label":" ","price":7.75},{"type":"A","date":"2018-04-27T06:49:19.000Z","volume":1000,"label":" ","price":7.75},{"type":"A","date":"2018-04-27T06:49:19.000Z","volume":1000,"label":" ","price":7.75},{"type":"A","date":"2018-04-27T06:49:19.000Z","volume":1000,"label":" ","price":7.75},{"type":"A","date":"2018-04-27T06:49:24.000Z","volume":27000,"label":" ","price":7.75},{"type":"U","date":"2018-04-27T06:49:37.000Z","volume":5000,"label":"X","price":7.75},{"type":"B","date":"2018-04-27T06:49:44.000Z","volume":5000,"label":" ","price":7.73},{"type":"B","date":"2018-04-27T06:49:50.000Z","volume":5000,"label":" ","price":7.73},{"type":"B","date":"2018-04-27T06:50:26.000Z","volume":2000,"label":" ","price":7.73},{"type":"U","date":"2018-04-27T06:50:37.000Z","volume":1000,"label":"X","price":7.75},{"type":"B","date":"2018-04-27T06:50:58.000Z","volume":4000,"label":" ","price":7.73},{"type":"B","date":"2018-04-27T06:51:00.000Z","volume":26000,"label":" ","price":7.73},{"type":"U","date":"2018-04-27T06:51:07.000Z","volume":2000,"label":"X","price":7.74},{"type":"A","date":"2018-04-27T06:51:28.000Z","volume":14000,"label":"Y","price":7.74},{"type":"A","date":"2018-04-27T06:51:28.000Z","volume":28000,"label":" ","price":7.74},{"type":"A","date":"2018-04-27T06:51:28.000Z","volume":8000,"label":"Y","price":7.75},{"type":"A","date":"2018-04-27T06:51:28.000Z","volume":129000,"label":" ","price":7.75},{"type":"A","date":"2018-04-27T06:51:28.000Z","volume":28000,"label":" ","price":7.76}