[{"type":"A","date":"2018-04-25T01:31:35.000Z","volume":24000,"label":" ","price":0.147},{"type":"A","date":"2018-04-25T01:31:35.000Z","volume":24000,"label":" ","price":0.148},{"type":"A","date":"2018-04-25T01:31:35.000Z","volume":500000,"label":" ","price":0.151},{"type":"B","date":"2018-04-25T01:33:20.000Z","volume":64000,"label":" ","price":0.145},{"type":"B","date":"2018-04-25T01:34:58.000Z","volume":16000,"label":" ","price":0.145},{"type":"B","date":"2018-04-25T01:47:59.000Z","volume":200000,"label":" ","price":0.145},{"type":"B","date":"2018-04-25T02:01:08.000Z","volume":1996000,"label":" ","price":0.145},{"type":"B","date":"2018-04-25T02:10:13.000Z","volume":20000,"label":" ","price":0.143},{"type":"A","date":"2018-04-25T02:11:07.000Z","volume":352000,"label":" ","price":0.145},{"type":"B","date":"2018-04-25T02:15:15.000Z","volume":4000,"label":" ","price":0.145},{"type":"B","date":"2018-04-25T02:18:20.000Z","volume":84000,"label":" ","price":0.145},{"type":"B","date":"2018-04-25T03:02:46.000Z","volume":2000000,"label":" ","price":0.145},{"type":"B","date":"2018-04-25T03:02:46.000Z","volume":16000,"label":"Y","price":0.145},{"type":"B","date":"2018-04-25T03:02:46.000Z","volume":44000,"label":" ","price":0.145},{"type":"B","date":"2018-04-25T03:10:13.000Z","volume":20000,"label":" ","price":0.144},{"type":"B","date":"2018-04-25T03:18:02.000Z","volume":36000,"label":" ","price":0.144},{"type":"B","date":"2018-04-25T03:45:44.000Z","volume":124000,"label":" ","price":0.144},{"type":"A","date":"2018-04-25T03:52:13.000Z","volume":360000,"label":" ","price":0.145},{"type":"A","date":"2018-04-25T03:52:20.000Z","volume":240000,"label":" ","price":0.145},{"type":"A","date":"2018-04-25T03:52:30.000Z","volume":400000,"label":" ","price":0.145},{"type":"B","date":"2018-04-25T03:55:14.000Z","volume":12000,"label":" ","price":0.144},{"type":"A","date":"2018-04-25T05:15:19.000Z","volume":4000,"label":" ","price":0.145},{"type":"A","date":"2018-04-25T05:17:10.000Z","volume":600000,"label":" ","price":0.145},{"type":"A","date":"2018-04-25T05:17:40.000Z","volume":580000,"label":" ","price":0.145},{"type":"B","date":"2018-04-25T05:17:46.000Z","volume":20000,"label":" ","price":0.145},{"type":"A","date":"2018-04-25T05:20:25.000Z","volume":4000,"label":" ","price":0.146},{"type":"B","date":"2018-04-25T05:20:28.000Z","volume":12000,"label":" ","price":0.144},{"type":"A","date":"2018-04-25T05:24:24.000Z","volume":224000,"label":" ","price":0.145},{"type":"A","date":"2018-04-25T05:24:28.000Z","volume":472000,"label":"Y","price":0.145},{"type":"A","date":"2018-04-25T05:24:28.000Z","volume":376000,"label":" ","price":0.145},{"type":"A","date":"2018-04-25T05:24:36.000Z","volume":128000,"label":" ","price":0.145},{"type":"B","date":"2018-04-25T05:25:25.000Z","volume":12000,"label":" ","price":0.144},{"type":"A","date":"2018-04-25T05:35:22.000Z","volume":8000,"label":" ","price":0.146},{"type":"A","date":"2018-04-25T05:45:25.000Z","volume":4000,"label":" ","price":0.146},{"type":"A","date":"2018-04-25T05:52:05.000Z","volume":720000,"label":" ","price":0.145},{"type":"A","date":"2018-04-25T05:55:18.000Z","volume":4000,"label":" ","price":0.146},{"type":"B","date":"2018-04-25T05:55:27.000Z","volume":8000,"label":" ","price":0.144},{"type":"A","date":"2018-04-25T06:00:13.000Z","volume":200000,"label":" ","price":0.145},{"type":"A","date":"2018-04-25T06:00:19.000Z","volume":4000,"label":" ","price":0.145},{"type":"A","date":"2018-04-25T06:00:35.000Z","volume":420000,"label":" ","price":0.145},{"type":"A","date":"2018-04-25T06:01:17.000Z","volume":80000,"label":" ","price":0.145},{"type":"A","date":"2018-04-25T06:02:13.000Z","volume":8000,"label":" ","price":0.145},{"type":"A","date":"2018-04-25T06:05:17.000Z","volume":4000,"label":" ","price":0.145},{"type":"B","date":"2018-04-25T06:05:23.000Z","volume":8000,"label":" ","price":0.144},{"type":"A","date":"2018-04-25T06:10:22.000Z","volume":4000,"label":" ","price":0.145},{"type":"A","date":"2018-04-25T06:12:42.000Z","volume":1000000,"label":" ","price":0.145},{"type":"B","date":"2018-04-25T06:15:24.000Z","volume":8000,"label":" ","price":0.144},{"type":"A","date":"2018-04-25T06:20:18.000Z","volume":4000,"label":" ","price":0.145},{"type":"A","date":"2018-04-25T06:30:26.000Z","volume":8000,"label":" ","price":0.145},{"type":"A","date":"2018-04-25T06:35:25.000Z","volume":4000,"label":" ","price":0.145},{"type":"A","date":"2018-04-25T06:40:21.000Z","volume":4000,"label":" ","price":0.145},{"type":"B","date":"2018-04-25T06:42:01.000Z","volume":1840000,"label":" ","price":0.144},{"type":"A","date":"2018-04-25T06:43:56.000Z","volume":180000,"label":" ","price":0.144},{"type":"A","date":"2018-04-25T06:43:56.000Z","volume":588000,"label":" ","price":0.145},{"type":"B","date":"2018-04-25T06:44:04.000Z","volume":212000,"label":" ","price":0.145},{"type":"B","date":"2018-04-25T06:44:04.000Z","volume":460000,"label":" ","price":0.145},{"type":"B","date":"2018-04-25T06:45:25.000Z","volume":28000,"label":" ","price":0.145},{"type":"B","date":"2018-04-25T06:50:22.000Z","volume":4000,"label":" ","price":0.145},{"type":"B","date":"2018-04-25T07:03:12.000Z","volume":12000,"label":" ","price":0.145},{"type":"A","date":"2018-04-25T07:06:42.000Z","volume":2416000,"label":" ","price":0.146},{"type":"B","date":"2018-04-25T07:25:07.000Z","volume":4000,"label":" ","price":0.146},{"type":"A","date":"2018-04-25T07:29:27.000Z","volume":4000,"label":" ","price":0.147},{"type":"B","date":"2018-04-25T07:36:06.000Z","volume":584000,"label":" ","price":0.146},{"type":"B","date":"2018-04-25T07:36:06.000Z","volume":1416000,"label":" ","price":0.145},{"type":"A","date":"2018-04-25T07:36:06.000Z","volume":4000,"label":" ","price":0.147},{"type":"B","date":"2018-04-25T07:40:26.000Z","volume":20000,"label":" ","price":0.145},{"type":"A","date":"2018-04-25T07:43:39.000Z","volume":140000,"label":" ","price":0.147},{"type":"B","date":"2018-04-25T07:43:39.000Z","volume":60000,"label":" ","price":0.147},{"type":"A","date":"2018-04-25T07:44:39.000Z","volume":516000,"label":" ","price":0.149},{"type":"B","date":"2018-04-25T07:44:39.000Z","volume":4000,"label":" ","price":0.149},{"type":"B","date":"2018-04-25T07:44:40.000Z","volume":100000,"label":" ","price":0.149},{"type":"B","date":"2018-04-25T07:44:45.000Z","volume":176000,"label":" ","price":0.149},{"type":"B","date":"2018-04-25T07:44:55.000Z","volume":100000,"label":" ","price":0.149},{"type":"B","date":"2018-04-25T07:45:05.000Z","volume":100000,"label":" ","price":0.149},{"type":"B","date":"2018-04-25T07:45:09.000Z","volume":4000,"label":" ","price":0.149},{"type":"B","date":"2018-04-25T07:45:29.000Z","volume":4000,"label":" ","price":0.145},{"type":"A","date":"2018-04-25T07:50:19.000Z","volume":4000,"label":" ","price":0.15},{"type":"B","date":"2018-04-25T07:53:04.000Z","volume":332000,"label":" ","price":0.149},{"type":"B","date":"2018-04-25T07:53:04.000Z","volume":100000,"label":" ","price":0.149},{"type":"B","date":"2018-04-25T07:53:19.000Z","volume":84000,"label":" ","price":0.149},{"type":"B","date":"2018-04-25T07:54:10.000Z","volume":400000,"label":" ","price":0.149},{"type":"B","date":"2018-04-25T07:54:17.000Z","volume":84000,"label":" ","price":0.149},{"type":"B","date":"2018-04-25T07:54:20.000Z","volume":4000,"label":" ","price":0.149},{"type":"B","date":"2018-04-25T07:55:28.000Z","volume":8000,"label":" ","price":0.145},{"type":"A","date":"2018-04-25T07:59:06.000Z","volume":420000,"label":" ","price":0.149},{"type":"B","date":"2018-04-25T07:59:09.000Z","volume":300000,"label":" ","price":0.149},{"type":"B","date":"2018-04-25T07:59:09.000Z","volume":4000,"label":" ","price":0.149},{"type":"B","date":"2018-04-25T07:59:11.000Z","volume":8000,"label":" ","price":0.149},{"type":"B","date":"2018-04-25T07:59:11.000Z","volume":164000,"label":" ","price":0.149},{"type":"B","date":"2018-04-25T07:59:18.000Z","volume":12000,"label":" ","price":0.149},{"type":"B","date":"2018-04-25T07:59:59.000Z","volume":100000,"label":" ","price":0.149}]