[{"type":"A","date":"2018-05-04T03:52:40.000Z","volume":10000,"label":" ","price":3.55},{"type":"B","date":"2018-05-04T03:52:40.000Z","volume":2000,"label":" ","price":3.51},{"type":"B","date":"2018-05-04T03:52:41.000Z","volume":2000,"label":" ","price":3.51},{"type":"B","date":"2018-05-04T03:52:45.000Z","volume":2000,"label":" ","price":3.51},{"type":"B","date":"2018-05-04T05:45:13.000Z","volume":4000,"label":" ","price":3.53},{"type":"B","date":"2018-05-04T05:50:59.000Z","volume":2000,"label":" ","price":3.52},{"type":"B","date":"2018-05-04T06:20:49.000Z","volume":2000,"label":" ","price":3.53},{"type":"B","date":"2018-05-04T06:20:49.000Z","volume":10000,"label":" ","price":3.52},{"type":"B","date":"2018-05-04T06:20:49.000Z","volume":8000,"label":" ","price":3.51},{"type":"B","date":"2018-05-04T06:20:50.000Z","volume":2000,"label":" ","price":3.53},{"type":"B","date":"2018-05-04T06:20:50.000Z","volume":2000,"label":" ","price":3.51},{"type":"B","date":"2018-05-04T06:21:00.000Z","volume":4000,"label":" ","price":3.51},{"type":"A","date":"2018-05-04T06:21:06.000Z","volume":2000,"label":" ","price":3.54},{"type":"B","date":"2018-05-04T06:21:15.000Z","volume":2000,"label":" ","price":3.51},{"type":"B","date":"2018-05-04T06:21:16.000Z","volume":2000,"label":" ","price":3.51},{"type":"B","date":"2018-05-04T06:21:16.000Z","volume":2000,"label":"Y","price":3.51},{"type":"B","date":"2018-05-04T06:26:30.000Z","volume":2000,"label":" ","price":3.53},{"type":"B","date":"2018-05-04T06:37:24.000Z","volume":2000,"label":"Y","price":3.53},{"type":"B","date":"2018-05-04T07:23:02.000Z","volume":2000,"label":" ","price":3.52},{"type":"B","date":"2018-05-04T07:23:03.000Z","volume":2000,"label":" ","price":3.52},{"type":"B","date":"2018-05-04T07:23:05.000Z","volume":2000,"label":" ","price":3.52},{"type":"B","date":"2018-05-04T07:50:51.000Z","volume":6000,"label":" ","price":3.52},{"type":"B","date":"2018-05-04T07:50:51.000Z","volume":2000,"label":" ","price":3.51},{"type":"B","date":"2018-05-04T07:51:00.000Z","volume":2000,"label":" ","price":3.51},{"type":"B","date":"2018-05-04T07:51:01.000Z","volume":2000,"label":" ","price":3.51},{"type":"B","date":"2018-05-04T07:51:15.000Z","volume":2000,"label":" ","price":3.51},{"type":"B","date":"2018-05-04T07:52:03.000Z","volume":2000,"label":" ","price":3.51},{"type":"B","date":"2018-05-04T07:52:03.000Z","volume":2000,"label":"Y","price":3.51},{"type":"A","date":"2018-05-04T07:52:29.000Z","volume":10000,"label":" ","price":3.52},{"type":"A","date":"2018-05-04T07:52:38.000Z","volume":2000,"label":"Y","price":3.52},{"type":"A","date":"2018-05-04T07:52:45.000Z","volume":2000,"label":" ","price":3.52},{"type":"B","date":"2018-05-04T07:52:46.000Z","volume":2000,"label":" ","price":3.51},{"type":"A","date":"2018-05-04T07:52:54.000Z","volume":2000,"label":" ","price":3.52},{"type":"A","date":"2018-05-04T07:53:08.000Z","volume":2000,"label":" ","price":3.52},{"type":"A","date":"2018-05-04T07:53:08.000Z","volume":2000,"label":" ","price":3.52},{"type":"U","date":"2018-05-04T07:53:36.000Z","volume":2000,"label":" ","price":3.54},{"type":"B","date":"2018-05-04T07:53:37.000Z","volume":2000,"label":" ","price":3.53},{"type":"B","date":"2018-05-04T07:58:35.000Z","volume":4000,"label":" ","price":3.53},{"type":"B","date":"2018-05-04T07:58:51.000Z","volume":2000,"label":" ","price":3.52},{"type":"B","date":"2018-05-04T07:59:00.000Z","volume":2000,"label":" ","price":3.52},{"type":"B","date":"2018-05-04T07:59:00.000Z","volume":2000,"label":" ","price":3.51},{"type":"B","date":"2018-05-04T07:59:03.000Z","volume":2000,"label":"Y","price":3.51},{"type":"B","date":"2018-05-04T07:59:04.000Z","volume":2000,"label":" ","price":3.51},{"type":"A","date":"2018-05-04T07:59:07.000Z","volume":2000,"label":" ","price":3.53},{"type":"B","date":"2018-05-04T07:59:08.000Z","volume":2000,"label":" ","price":3.51},{"type":"A","date":"2018-05-04T07:59:12.000Z","volume":2000,"label":"Y","price":3.53},{"type":"B","date":"2018-05-04T07:59:15.000Z","volume":2000,"label":" ","price":3.51},{"type":"B","date":"2018-05-04T07:59:19.000Z","volume":2000,"label":" ","price":3.51},{"type":"A","date":"2018-05-04T07:59:22.000Z","volume":2000,"label":" ","price":3.55},{"type":"B","date":"2018-05-04T07:59:30.000Z","volume":2000,"label":" ","price":3.54},{"type":"B","date":"2018-05-04T07:59:30.000Z","volume":2000,"label":" ","price":3.54},{"type":"B","date":"2018-05-04T07:59:34.000Z","volume":2000,"label":" ","price":3.5},{"type":"B","date":"2018-05-04T07:59:34.000Z","volume":2000,"label":" ","price":3.5},{"type":"B","date":"2018-05-04T07:59:35.000Z","volume":2000,"label":" ","price":3.5},{"type":"U","date":"2018-05-04T07:59:53.000Z","volume":2000,"label":" ","price":3.54},{"type":"U","date":"2018-05-04T08:08:57.000Z","volume":10000,"label":"U","price":3.55}]