[{"type":"B","date":"2018-04-09T01:49:52.000Z","volume":16000,"label":" ","price":1.79},{"type":"B","date":"2018-04-09T01:52:02.000Z","volume":40000,"label":" ","price":1.79},{"type":"B","date":"2018-04-09T02:01:44.000Z","volume":30000,"label":" ","price":1.79},{"type":"A","date":"2018-04-09T02:08:11.000Z","volume":1000,"label":" ","price":1.81},{"type":"B","date":"2018-04-09T02:16:15.000Z","volume":74000,"label":" ","price":1.79},{"type":"B","date":"2018-04-09T02:27:20.000Z","volume":1000,"label":" ","price":1.78},{"type":"B","date":"2018-04-09T02:27:20.000Z","volume":57000,"label":" ","price":1.78},{"type":"B","date":"2018-04-09T02:29:44.000Z","volume":30000,"label":" ","price":1.77},{"type":"B","date":"2018-04-09T02:29:44.000Z","volume":6000,"label":" ","price":1.77},{"type":"A","date":"2018-04-09T02:38:18.000Z","volume":3000,"label":" ","price":1.78},{"type":"A","date":"2018-04-09T03:01:35.000Z","volume":1000,"label":" ","price":1.8},{"type":"A","date":"2018-04-09T03:05:41.000Z","volume":134000,"label":" ","price":1.8},{"type":"A","date":"2018-04-09T03:08:37.000Z","volume":1000,"label":" ","price":1.81},{"type":"B","date":"2018-04-09T03:58:55.000Z","volume":40000,"label":" ","price":1.8},{"type":"B","date":"2018-04-09T05:00:06.000Z","volume":1000,"label":" ","price":1.8},{"type":"A","date":"2018-04-09T05:00:20.000Z","volume":10000,"label":" ","price":1.81},{"type":"B","date":"2018-04-09T05:37:02.000Z","volume":1000,"label":" ","price":1.8},{"type":"B","date":"2018-04-09T05:43:07.000Z","volume":154000,"label":" ","price":1.8},{"type":"A","date":"2018-04-09T05:45:14.000Z","volume":46000,"label":" ","price":1.8},{"type":"B","date":"2018-04-09T05:50:38.000Z","volume":87000,"label":" ","price":1.8},{"type":"B","date":"2018-04-09T06:43:51.000Z","volume":1000,"label":" ","price":1.79},{"type":"A","date":"2018-04-09T07:45:53.000Z","volume":83000,"label":" ","price":1.8},{"type":"A","date":"2018-04-09T07:47:42.000Z","volume":50000,"label":" ","price":1.8},{"type":"A","date":"2018-04-09T07:48:35.000Z","volume":50000,"label":" ","price":1.8},{"type":"A","date":"2018-04-09T07:49:10.000Z","volume":20000,"label":" ","price":1.8},{"type":"B","date":"2018-04-09T07:58:00.000Z","volume":1000,"label":" ","price":1.79}]