[{"type":"B","date":"2018-04-13T01:30:26.000Z","volume":64000,"label":" ","price":10.2},{"type":"B","date":"2018-04-13T01:30:26.000Z","volume":1000,"label":" ","price":10.18},{"type":"B","date":"2018-04-13T01:30:26.000Z","volume":36000,"label":" ","price":10.2},{"type":"B","date":"2018-04-13T01:30:26.000Z","volume":4000,"label":" ","price":10.06},{"type":"B","date":"2018-04-13T01:30:27.000Z","volume":5000,"label":" ","price":10},{"type":"B","date":"2018-04-13T01:30:27.000Z","volume":3000,"label":" ","price":10},{"type":"B","date":"2018-04-13T01:31:00.000Z","volume":1000,"label":" ","price":10.14},{"type":"U","date":"2018-04-13T01:31:05.000Z","volume":3000,"label":" ","price":10.14},{"type":"B","date":"2018-04-13T01:33:56.000Z","volume":1000,"label":" ","price":10.14},{"type":"B","date":"2018-04-13T01:34:52.000Z","volume":1000,"label":" ","price":10.14},{"type":"B","date":"2018-04-13T01:34:56.000Z","volume":10000,"label":" ","price":10.14},{"type":"B","date":"2018-04-13T01:35:47.000Z","volume":1000,"label":" ","price":10.14},{"type":"B","date":"2018-04-13T01:36:43.000Z","volume":1000,"label":" ","price":10.16},{"type":"B","date":"2018-04-13T01:38:49.000Z","volume":3000,"label":" ","price":10.16},{"type":"A","date":"2018-04-13T01:39:42.000Z","volume":10000,"label":" ","price":10.18},{"type":"B","date":"2018-04-13T01:40:31.000Z","volume":1000,"label":" ","price":10.16},{"type":"B","date":"2018-04-13T01:41:56.000Z","volume":15000,"label":" ","price":10.16},{"type":"B","date":"2018-04-13T01:41:56.000Z","volume":2000,"label":" ","price":10.16},{"type":"B","date":"2018-04-13T01:42:23.000Z","volume":7000,"label":" ","price":10.16},{"type":"B","date":"2018-04-13T01:42:43.000Z","volume":1000,"label":" ","price":10.16},{"type":"B","date":"2018-04-13T01:42:47.000Z","volume":1000,"label":" ","price":10.16},{"type":"B","date":"2018-04-13T01:43:31.000Z","volume":5000,"label":" ","price":10.16},{"type":"B","date":"2018-04-13T01:44:08.000Z","volume":2000,"label":" ","price":10.16},{"type":"B","date":"2018-04-13T01:44:15.000Z","volume":1000,"label":" ","price":10.16},{"type":"B","date":"2018-04-13T01:46:17.000Z","volume":1000,"label":" ","price":10.14},{"type":"B","date":"2018-04-13T01:46:34.000Z","volume":1000,"label":" ","price":10.16},{"type":"B","date":"2018-04-13T01:47:35.000Z","volume":1000,"label":" ","price":10.14},{"type":"B","date":"2018-04-13T01:48:18.000Z","volume":10000,"label":" ","price":10.14},{"type":"A","date":"2018-04-13T01:49:00.000Z","volume":22000,"label":" ","price":10.18},{"type":"A","date":"2018-04-13T01:49:00.000Z","volume":3000,"label":" ","price":10.18},{"type":"A","date":"2018-04-13T01:49:13.000Z","volume":100000,"label":" ","price":10.2},{"type":"A","date":"2018-04-13T01:49:13.000Z","volume":17000,"label":" ","price":10.2},{"type":"A","date":"2018-04-13T01:49:19.000Z","volume":5000,"label":" ","price":10.22},{"type":"B","date":"2018-04-13T01:49:19.000Z","volume":1000,"label":" ","price":10.2},{"type":"A","date":"2018-04-13T01:50:17.000Z","volume":73000,"label":" ","price":10.26},{"type":"B","date":"2018-04-13T01:50:17.000Z","volume":9000,"label":" ","price":10.2},{"type":"A","date":"2018-04-13T01:50:46.000Z","volume":50000,"label":" ","price":10.26},{"type":"A","date":"2018-04-13T01:50:46.000Z","volume":83000,"label":" ","price":10.26},{"type":"A","date":"2018-04-13T01:51:05.000Z","volume":480000,"label":" ","price":10.3},{"type":"A","date":"2018-04-13T01:51:29.000Z","volume":109000,"label":" ","price":10.32},{"type":"A","date":"2018-04-13T01:51:29.000Z","volume":129000,"label":" ","price":10.32},{"type":"A","date":"2018-04-13T01:51:29.000Z","volume":68000,"label":" ","price":10.32},{"type":"B","date":"2018-04-13T01:51:29.000Z","volume":12000,"label":" ","price":10.3},{"type":"B","date":"2018-04-13T01:51:30.000Z","volume":15000,"label":" ","price":10.3},{"type":"B","date":"2018-04-13T01:51:35.000Z","volume":200000,"label":" ","price":10.3},{"type":"B","date":"2018-04-13T01:51:35.000Z","volume":22000,"label":" ","price":10.3},{"type":"B","date":"2018-04-13T01:51:39.000Z","volume":1000,"label":"Y","price":10.3},{"type":"B","date":"2018-04-13T01:52:10.000Z","volume":14000,"label":" ","price":10.32},{"type":"B","date":"2018-04-13T01:52:10.000Z","volume":58000,"label":" ","price":10.3},{"type":"B","date":"2018-04-13T01:52:10.000Z","volume":2000,"label":" ","price":10.3},{"type":"B","date":"2018-04-13T01:52:10.000Z","volume":2000,"label":" ","price":10.3},{"type":"B","date":"2018-04-13T01:52:11.000Z","volume":1000,"label":" ","price":10.32},{"type":"A","date":"2018-04-13T01:52:18.000Z","volume":1000,"label":" ","price":10.34},{"type":"A","date":"2018-04-13T01:52:18.000Z","volume":9000,"label":" ","price":10.36},{"type":"A","date":"2018-04-13T01:53:20.000Z","volume":2000,"label":" ","price":10.36},{"type":"A","date":"2018-04-13T01:53:20.000Z","volume":5000,"label":" ","price":10.38},{"type":"B","date":"2018-04-13T01:53:21.000Z","volume":1000,"label":" ","price":10.38},{"type":"B","date":"2018-04-13T01:53:23.000Z","volume":22000,"label":" ","price":10.38},{"type":"B","date":"2018-04-13T01:53:23.000Z","volume":1000,"label":" ","price":10.36},{"type":"B","date":"2018-04-13T01:53:23.000Z","volume":103000,"label":" ","price":10.32},{"type":"B","date":"2018-04-13T01:53:23.000Z","volume":22000,"label":" ","price":10.3},{"type":"B","date":"2018-04-13T01:53:23.000Z","volume":7000,"label":" ","price":10.3},{"type":"B","date":"2018-04-13T01:53:23.000Z","volume":1000,"label":" ","price":10.3},{"type":"A","date":"2018-04-13T01:54:46.000Z","volume":3000,"label":" ","price":10.36},{"type":"A","date":"2018-04-13T01:55:05.000Z","volume":7000,"label":" ","price":10.36},{"type":"B","date":"2018-04-13T01:55:16.000Z","volume":2000,"label":"Y","price":10.36},{"type":"A","date":"2018-04-13T01:55:27.000Z","volume":11000,"label":" ","price":10.38},{"type":"A","date":"2018-04-13T01:55:38.000Z","volume":100000,"label":" ","price":10.4},{"type":"U","date":"2018-04-13T01:55:39.000Z","volume":6000,"label":" ","price":10.38},{"type":"A","date":"2018-04-13T01:55:45.000Z","volume":4000,"label":" ","price":10.4},{"type":"A","date":"2018-04-13T01:55:45.000Z","volume":100000,"label":" ","price":10.4},{"type":"A","date":"2018-04-13T01:55:50.000Z","volume":19000,"label":" ","price":10.4},{"type":"B","date":"2018-04-13T01:55:52.000Z","volume":2000,"label":" ","price":10.4},{"type":"B","date":"2018-04-13T01:56:26.000Z","volume":1000,"label":" ","price":10.38},{"type":"A","date":"2018-04-13T01:57:07.000Z","volume":4000,"label":" ","price":10.4},{"type":"B","date":"2018-04-13T01:57:07.000Z","volume":4000,"label":" ","price":10.4},{"type":"B","date":"2018-04-13T01:57:09.000Z","volume":1000,"label":" ","price":10.4},{"type":"B","date":"2018-04-13T01:57:16.000Z","volume":1000,"label":" ","price":10.4},{"type":"A","date":"2018-04-13T01:57:23.000Z","volume":11000,"label":" ","price":10.4},{"type":"B","date":"2018-04-13T01:57:27.000Z","volume":1000,"label":" ","price":10.4},{"type":"A","date":"2018-04-13T01:57:33.000Z","volume":30000,"label":" ","price":10.42},{"type":"A","date":"2018-04-13T01:57:33.000Z","volume":5000,"label":" ","price":10.42},{"type":"B","date":"2018-04-13T01:57:36.000Z","volume":10000,"label":" ","price":10.4},{"type":"A","date":"2018-04-13T01:57:37.000Z","volume":10000,"label":" ","price":10.42},{"type":"A","date":"2018-04-13T01:57:37.000Z","volume":63000,"label":" ","price":10.42},{"type":"A","date":"2018-04-13T01:57:45.000Z","volume":2000,"label":" ","price":10.42},{"type":"A","date":"2018-04-13T01:58:12.000Z","volume":1000,"label":" ","price":10.44},{"type":"A","date":"2018-04-13T01:58:12.000Z","volume":3000,"label":" ","price":10.44},{"type":"A","date":"2018-04-13T01:58:41.000Z","volume":8000,"label":" ","price":10.46},{"type":"A","date":"2018-04-13T01:58:43.000Z","volume":28000,"label":" ","price":10.5},{"type":"A","date":"2018-04-13T01:58:43.000Z","volume":5000,"label":" ","price":10.5},{"type":"A","date":"2018-04-13T01:59:03.000Z","volume":1000,"label":" ","price":10.5},{"type":"A","date":"2018-04-13T01:59:15.000Z","volume":40000,"label":" ","price":10.5},{"type":"A","date":"2018-04-13T01:59:23.000Z","volume":8000,"label":" ","price":10.5},{"type":"A","date":"2018-04-13T02:00:11.000Z","volume":20000,"label":" ","price":10.5},{"type":"A","date":"2018-04-13T02:00:18.000Z","volume":5000,"label":" ","price":10.5},{"type":"A","date":"2018-04-13T02:00:39.000Z","volume":4000,"label":" ","price":10.5},{"type":"A","date":"2018-04-13T02:00:44.000Z","volume":20000,"label":" ","price":10.5},{"type":"A","date":"2018-04-13T02:00:50.000Z","volume":1000,"label":" ","price":10.5},{"type":"A","date":"2018-04-13T02:00:51.000Z","volume":10000,"label":" ","price":10.5},{"type":"A","date":"2018-04-13T02:00:52.000Z","volume":28000,"label":" ","price":10.5},{"type":"A","date":"2018-04-13T02:01:05.000Z","volume":1000,"label":" ","price":10.5},{"type":"A","date":"2018-04-13T02:01:05.000Z","volume":50000,"label":" ","price":10.5},{"type":"A","date":"2018-04-13T02:01:15.000Z","volume":19000,"label":" ","price":10.52},{"type":"A","date":"2018-04-13T02:01:20.000Z","volume":2000,"label":" ","price":10.52},{"type":"A","date":"2018-04-13T02:01:31.000Z","volume":17000,"label":" ","price":10.52},{"type":"A","date":"2018-04-13T02:01:35.000Z","volume":1000,"label":" ","price":10.54},{"type":"B","date":"2018-04-13T02:01:35.000Z","volume":1000,"label":" ","price":10.52},{"type":"A","date":"2018-04-13T02:01:41.000Z","volume":10000,"label":" ","price":10.54},{"type":"B","date":"2018-04-13T02:01:43.000Z","volume":1000,"label":" ","price":10.54},{"type":"A","date":"2018-04-13T02:01:50.000Z","volume":1000,"label":" ","price":10.6},{"type":"A","date":"2018-04-13T02:02:05.000Z","volume":2000,"label":" ","price":10.58},{"type":"A","date":"2018-04-13T02:02:20.000Z","volume":1000,"label":" ","price":10.58},{"type":"B","date":"2018-04-13T02:02:31.000Z","volume":9000,"label":" ","price":10.54},{"type":"A","date":"2018-04-13T02:02:34.000Z","volume":9000,"label":" ","price":10.58},{"type":"B","date":"2018-04-13T02:02:34.000Z","volume":2000,"label":" ","price":10.54},{"type":"A","date":"2018-04-13T02:02:35.000Z","volume":1000,"label":" ","price":10.58},{"type":"B","date":"2018-04-13T02:02:38.000Z","volume":5000,"label":" ","price":10.54},{"type":"A","date":"2018-04-13T02:02:38.000Z","volume":1000,"label":" ","price":10.54},{"type":"A","date":"2018-04-13T02:02:50.000Z","volume":1000,"label":" ","price":10.54},{"type":"A","date":"2018-04-13T02:03:02.000Z","volume":14000,"label":" ","price":10.54},{"type":"B","date":"2018-04-13T02:03:02.000Z","volume":1000,"label":" ","price":10.54},{"type":"A","date":"2018-04-13T02:03:20.000Z","volume":1000,"label":" ","price":10.58},{"type":"B","date":"2018-04-13T02:03:24.000Z","volume":11000,"label":" ","price":10.54},{"type":"B","date":"2018-04-13T02:03:24.000Z","volume":5000,"label":" ","price":10.52},{"type":"A","date":"2018-04-13T02:03:27.000Z","volume":1000,"label":" ","price":10.52},{"type":"A","date":"2018-04-13T02:03:35.000Z","volume":2000,"label":" ","price":10.52},{"type":"A","date":"2018-04-13T02:03:50.000Z","volume":1000,"label":" ","price":10.52},{"type":"A","date":"2018-04-13T02:04:05.000Z","volume":2000,"label":" ","price":10.52},{"type":"B","date":"2018-04-13T02:04:16.000Z","volume":2000,"label":" ","price":10.5},{"type":"A","date":"2018-04-13T02:04:20.000Z","volume":1000,"label":" ","price":10.52},{"type":"A","date":"2018-04-13T02:04:36.000Z","volume":1000,"label":" ","price":10.52},{"type":"B","date":"2018-04-13T02:04:41.000Z","volume":11000,"label":" ","price":10.5},{"type":"B","date":"2018-04-13T02:04:41.000Z","volume":2000,"label":" ","price":10.5},{"type":"B","date":"2018-04-13T02:04:47.000Z","volume":10000,"label":" ","price":10.5},{"type":"B","date":"2018-04-13T02:04:47.000Z","volume":3000,"label":" ","price":10.5},{"type":"A","date":"2018-04-13T02:04:51.000Z","volume":1000,"label":" ","price":10.52},{"type":"B","date":"2018-04-13T02:04:56.000Z","volume":1000,"label":" ","price":10.48},{"type":"B","date":"2018-04-13T02:05:01.000Z","volume":2000,"label":" ","price":10.48},{"type":"A","date":"2018-04-13T02:05:06.000Z","volume":1000,"label":" ","price":10.52},{"type":"A","date":"2018-04-13T02:05:21.000Z","volume":2000,"label":" ","price":10.5},{"type":"A","date":"2018-04-13T02:05:36.000Z","volume":2000,"label":" ","price":10.5},{"type":"A","date":"2018-04-13T02:05:51.000Z","volume":1000,"label":" ","price":10.5},{"type":"A","date":"2018-04-13T02:06:06.000Z","volume":1000,"label":" ","price":10.5},{"type":"A","date":"2018-04-13T02:06:12.000Z","volume":4000,"label":" ","price":10.5},{"type":"A","date":"2018-04-13T02:06:21.000Z","volume":1000,"label":" ","price":10.5},{"type":"A","date":"2018-04-13T02:06:21.000Z","volume":1000,"label":" ","price":10.5},{"type":"A","date":"2018-04-13T02:06:25.000Z","volume":5000,"label":" ","price":10.5},{"type":"A","date":"2018-04-13T02:06:36.000Z","volume":2000,"label":" ","price":10.5},{"type":"A","date":"2018-04-13T02:06:45.000Z","volume":48000,"label":" ","price":10.52},{"type":"A","date":"2018-04-13T02:06:45.000Z","volume":2000,"label":"Y","price":10.54},{"type":"A","date":"2018-04-13T02:06:51.000Z","volume":1000,"label":"Y","price":10.54},{"type":"A","date":"2018-04-13T02:07:06.000Z","volume":1000,"label":"Y","price":10.54},{"type":"A","date":"2018-04-13T02:07:09.000Z","volume":5000,"label":" ","price":10.54},{"type":"A","date":"2018-04-13T02:07:11.000Z","volume":10000,"label":" ","price":10.54},{"type":"A","date":"2018-04-13T02:07:11.000Z","volume":1000,"label":" ","price":10.54},{"type":"B","date":"2018-04-13T02:07:14.000Z","volume":1000,"label":" ","price":10.52},{"type":"A","date":"2018-04-13T02:07:21.000Z","volume":2000,"label":" ","price":10.58},{"type":"A","date":"2018-04-13T02:07:36.000Z","volume":1000,"label":" ","price":10.56},{"type":"A","date":"2018-04-13T02:07:36.000Z","volume":4000,"label":" ","price":10.56},{"type":"A","date":"2018-04-13T02:07:51.000Z","volume":2000,"label":" ","price":10.56},{"type":"B","date":"2018-04-13T02:07:51.000Z","volume":4000,"label":" ","price":10.54},{"type":"B","date":"2018-04-13T02:08:00.000Z","volume":1000,"label":" ","price":10.54},{"type":"A","date":"2018-04-13T02:08:06.000Z","volume":1000,"label":" ","price":10.56},{"type":"A","date":"2018-04-13T02:08:21.000Z","volume":1000,"label":" ","price":10.56},{"type":"A","date":"2018-04-13T02:08:36.000Z","volume":1000,"label":" ","price":10.56},{"type":"A","date":"2018-04-13T02:08:42.000Z","volume":13000,"label":" ","price":10.56},{"type":"A","date":"2018-04-13T02:08:51.000Z","volume":2000,"label":" ","price":10.58},{"type":"B","date":"2018-04-13T02:08:52.000Z","volume":7000,"label":" ","price":10.56},{"type":"A","date":"2018-04-13T02:08:52.000Z","volume":2000,"label":" ","price":10.56},{"type":"A","date":"2018-04-13T02:09:06.000Z","volume":1000,"label":" ","price":10.58},{"type":"A","date":"2018-04-13T02:09:21.000Z","volume":1000,"label":" ","price":10.58},{"type":"A","date":"2018-04-13T02:09:28.000Z","volume":17000,"label":" ","price":10.58},{"type":"A","date":"2018-04-13T02:09:28.000Z","volume":83000,"label":" ","price":10.6},{"type":"B","date":"2018-04-13T02:09:32.000Z","volume":2000,"label":" ","price":10.58},{"type":"A","date":"2018-04-13T02:09:36.000Z","volume":1000,"label":" ","price":10.58},{"type":"A","date":"2018-04-13T02:09:36.000Z","volume":12000,"label":" ","price":10.58},{"type":"A","date":"2018-04-13T02:09:41.000Z","volume":1000,"label":" ","price":10.58},{"type":"A","date":"2018-04-13T02:09:44.000Z","volume":6000,"label":" ","price":10.58},{"type":"A","date":"2018-04-13T02:09:45.000Z","volume":4000,"label":" ","price":10.58},{"type":"A","date":"2018-04-13T02:09:47.000Z","volume":4000,"label":" ","price":10.58},{"type":"B","date":"2018-04-13T02:09:47.000Z","volume":10000,"label":" ","price":10.56},{"type":"A","date":"2018-04-13T02:09:50.000Z","volume":2000,"label":" ","price":10.58},{"type":"A","date":"2018-04-13T02:09:53.000Z","volume":2000,"label":" ","price":10.58},{"type":"A","date":"2018-04-13T02:09:58.000Z","volume":1000,"label":" ","price":10.58},{"type":"A","date":"2018-04-13T02:10:06.000Z","volume":1000,"label":" ","price":10.58},{"type":"A","date":"2018-04-13T02:10:08.000Z","volume":9000,"label":" ","price":10.58},{"type":"A","date":"2018-04-13T02:10:21.000Z","volume":2000,"label":" ","price":10.6},{"type":"A","date":"2018-04-13T02:10:37.000Z","volume":1000,"label":" ","price":10.6},{"type":"U","date":"2018-04-13T02:10:37.000Z","volume":3000,"label":" ","price":10.58},{"type":"B","date":"2018-04-13T02:10:44.000Z","volume":1000,"label":"Y","price":10.56},{"type":"A","date":"2018-04-13T02:10:52.000Z","volume":2000,"label":" ","price":10.58},{"type":"A","date":"2018-04-13T02:10:52.000Z","volume":7000,"label":" ","price":10.58},{"type":"B","date":"2018-04-13T02:11:12.000Z","volume":1000,"label":" ","price":10.58},{"type":"B","date":"2018-04-13T02:11:14.000Z","volume":8000,"label":" ","price":10.58},{"type":"A","date":"2018-04-13T02:11:14.000Z","volume":1000,"label":" ","price":10.58},{"type":"A","date":"2018-04-13T02:11:35.000Z","volume":2000,"label":" ","price":10.58},{"type":"A","date":"2018-04-13T02:11:35.000Z","volume":1000,"label":" ","price":10.58},{"type":"A","date":"2018-04-13T02:11:47.000Z","volume":5000,"label":" ","price":10.58},{"type":"B","date":"2018-04-13T02:11:47.000Z","volume":4000,"label":" ","price":10.58},{"type":"B","date":"2018-04-13T02:11:49.000Z","volume":26000,"label":" ","price":10.58},{"type":"B","date":"2018-04-13T02:11:54.000Z","volume":39000,"label":" ","price":10.56},{"type":"U","date":"2018-04-13T02:12:04.000Z","volume":4000,"label":" ","price":10.56},{"type":"B","date":"2018-04-13T02:12:08.000Z","volume":10000,"label":" ","price":10.54},{"type":"B","date":"2018-04-13T02:12:09.000Z","volume":3000,"label":" ","price":10.54},{"type":"B","date":"2018-04-13T02:12:09.000Z","volume":1000,"label":" ","price":10.54},{"type":"B","date":"2018-04-13T02:12:35.000Z","volume":1000,"label":" ","price":10.54},{"type":"A","date":"2018-04-13T02:12:43.000Z","volume":10000,"label":" ","price":10.56},{"type":"A","date":"2018-04-13T02:12:51.000Z","volume":5000,"label":" ","price":10.56},{"type":"A","date":"2018-04-13T02:12:51.000Z","volume":11000,"label":" ","price":10.56},{"type":"A","date":"2018-04-13T02:13:09.000Z","volume":44000,"label":" ","price":10.6},{"type":"A","date":"2018-04-13T02:13:19.000Z","volume":5000,"label":" ","price":10.62},{"type":"A","date":"2018-04-13T02:13:19.000Z","volume":5000,"label":" ","price":10.62},{"type":"A","date":"2018-04-13T02:13:19.000Z","volume":6000,"label":" ","price":10.62},{"type":"A","date":"2018-04-13T02:13:35.000Z","volume":20000,"label":" ","price":10.64},{"type":"B","date":"2018-04-13T02:13:39.000Z","volume":1000,"label":" ","price":10.64},{"type":"A","date":"2018-04-13T02:13:42.000Z","volume":10000,"label":" ","price":10.66},{"type":"A","date":"2018-04-13T02:13:55.000Z","volume":3000,"label":" ","price":10.68},{"type":"A","date":"2018-04-13T02:13:56.000Z","volume":27000,"label":" ","price":10.7},{"type":"A","date":"2018-04-13T02:14:04.000Z","volume":5000,"label":" ","price":10.74},{"type":"A","date":"2018-04-13T02:14:09.000Z","volume":5000,"label":" ","price":10.74},{"type":"B","date":"2018-04-13T02:14:11.000Z","volume":2000,"label":" ","price":10.7},{"type":"B","date":"2018-04-13T02:14:14.000Z","volume":4000,"label":" ","price":10.7},{"type":"B","date":"2018-04-13T02:14:14.000Z","volume":19000,"label":" ","price":10.68},{"type":"B","date":"2018-04-13T02:14:14.000Z","volume":6000,"label":" ","price":10.64},{"type":"B","date":"2018-04-13T02:14:16.000Z","volume":4000,"label":" ","price":10.6},{"type":"B","date":"2018-04-13T02:14:16.000Z","volume":15000,"label":" ","price":10.58},{"type":"B","date":"2018-04-13T02:14:16.000Z","volume":6000,"label":" ","price":10.58},{"type":"B","date":"2018-04-13T02:14:16.000Z","volume":4000,"label":" ","price":10.58},{"type":"A","date":"2018-04-13T02:14:18.000Z","volume":2000,"label":" ","price":10.58},{"type":"A","date":"2018-04-13T02:14:22.000Z","volume":2000,"label":" ","price":10.58},{"type":"A","date":"2018-04-13T02:14:23.000Z","volume":6000,"label":" ","price":10.58},{"type":"B","date":"2018-04-13T02:14:32.000Z","volume":1000,"label":" ","price":10.56},{"type":"A","date":"2018-04-13T02:14:34.000Z","volume":30000,"label":" ","price":10.58},{"type":"A","date":"2018-04-13T02:14:35.000Z","volume":24000,"label":" ","price":10.58},{"type":"A","date":"2018-04-13T02:14:36.000Z","volume":50000,"label":" ","price":10.58},{"type":"A","date":"2018-04-13T02:14:36.000Z","volume":40000,"label":" ","price":10.58},{"type":"B","date":"2018-04-13T02:14:55.000Z","volume":1000,"label":" ","price":10.6},{"type":"A","date":"2018-04-13T02:14:57.000Z","volume":5000,"label":" ","price":10.72},{"type":"A","date":"2018-04-13T02:15:51.000Z","volume":13000,"label":" ","price":10.64},{"type":"B","date":"2018-04-13T02:16:03.000Z","volume":7000,"label":"Y","price":10.64},{"type":"B","date":"2018-04-13T02:16:03.000Z","volume":2000,"label":" ","price":10.64},{"type":"A","date":"2018-04-13T02:16:16.000Z","volume":42000,"label":"Y","price":10.64},{"type":"A","date":"2018-04-13T02:16:16.000Z","volume":8000,"label":" ","price":10.64},{"type":"A","date":"2018-04-13T02:16:23.000Z","volume":5000,"label":" ","price":10.64},{"type":"B","date":"2018-04-13T02:16:33.000Z","volume":6000,"label":" ","price":10.62},{"type":"A","date":"2018-04-13T02:16:33.000Z","volume":4000,"label":" ","price":10.62},{"type":"A","date":"2018-04-13T02:16:41.000Z","volume":10000,"label":" ","price":10.62},{"type":"A","date":"2018-04-13T02:16:41.000Z","volume":1000,"label":" ","price":10.62},{"type":"A","date":"2018-04-13T02:16:45.000Z","volume":8000,"label":" ","price":10.62},{"type":"B","date":"2018-04-13T02:16:46.000Z","volume":1000,"label":" ","price":10.62},{"type":"A","date":"2018-04-13T02:16:46.000Z","volume":2000,"label":" ","price":10.64},{"type":"B","date":"2018-04-13T02:16:52.000Z","volume":2000,"label":" ","price":10.64},{"type":"U","date":"2018-04-13T02:16:54.000Z","volume":3000,"label":" ","price":10.68},{"type":"U","date":"2018-04-13T02:17:41.000Z","volume":3000,"label":" ","price":10.66},{"type":"B","date":"2018-04-13T02:17:46.000Z","volume":5000,"label":" ","price":10.64},{"type":"B","date":"2018-04-13T02:17:47.000Z","volume":3000,"label":" ","price":10.62},{"type":"B","date":"2018-04-13T02:17:47.000Z","volume":12000,"label":" ","price":10.6},{"type":"B","date":"2018-04-13T02:17:47.000Z","volume":1000,"label":" ","price":10.6},{"type":"A","date":"2018-04-13T02:18:14.000Z","volume":20000,"label":" ","price":10.6},{"type":"A","date":"2018-04-13T02:18:51.000Z","volume":3000,"label":" ","price":10.6},{"type":"A","date":"2018-04-13T02:19:00.000Z","volume":1000,"label":" ","price":10.6},{"type":"A","date":"2018-04-13T02:19:20.000Z","volume":10000,"label":" ","price":10.6},{"type":"A","date":"2018-04-13T02:19:33.000Z","volume":2000,"label":" ","price":10.6},{"type":"A","date":"2018-04-13T02:19:33.000Z","volume":5000,"label":" ","price":10.6},{"type":"A","date":"2018-04-13T02:20:12.000Z","volume":10000,"label":" ","price":10.6},{"type":"A","date":"2018-04-13T02:20:12.000Z","volume":2000,"label":" ","price":10.6},{"type":"A","date":"2018-04-13T02:20:15.000Z","volume":2000,"label":" ","price":10.6},{"type":"A","date":"2018-04-13T02:22:17.000Z","volume":3000,"label":" ","price":10.66},{"type":"A","date":"2018-04-13T02:22:26.000Z","volume":1000,"label":" ","price":10.66},{"type":"A","date":"2018-04-13T02:22:56.000Z","volume":1000,"label":" ","price":10.66},{"type":"B","date":"2018-04-13T02:23:25.000Z","volume":2000,"label":" ","price":10.62},{"type":"B","date":"2018-04-13T02:24:45.000Z","volume":1000,"label":" ","price":10.62},{"type":"B","date":"2018-04-13T02:24:49.000Z","volume":10000,"label":" ","price":10.62},{"type":"B","date":"2018-04-13T02:25:44.000Z","volume":1000,"label":" ","price":10.62},{"type":"B","date":"2018-04-13T02:25:45.000Z","volume":25000,"label":" ","price":10.62},{"type":"B","date":"2018-04-13T02:25:48.000Z","volume":10000,"label":" ","price":10.6},{"type":"B","date":"2018-04-13T02:25:56.000Z","volume":4000,"label":" ","price":10.6},{"type":"B","date":"2018-04-13T02:26:06.000Z","volume":8000,"label":" ","price":10.58},{"type":"B","date":"2018-04-13T02:26:06.000Z","volume":10000,"label":" ","price":10.58},{"type":"A","date":"2018-04-13T02:26:11.000Z","volume":3000,"label":"Y","price":10.6},{"type":"A","date":"2018-04-13T02:26:11.000Z","volume":10000,"label":" ","price":10.6},{"type":"B","date":"2018-04-13T02:26:15.000Z","volume":1000,"label":" ","price":10.6},{"type":"B","date":"2018-04-13T02:26:21.000Z","volume":10000,"label":" ","price":10.6},{"type":"B","date":"2018-04-13T02:26:21.000Z","volume":30000,"label":" ","price":10.6},{"type":"A","date":"2018-04-13T02:26:30.000Z","volume":4000,"label":" ","price":10.62},{"type":"A","date":"2018-04-13T02:28:06.000Z","volume":1000,"label":" ","price":10.6},{"type":"A","date":"2018-04-13T02:31:10.000Z","volume":2000,"label":" ","price":10.6},{"type":"B","date":"2018-04-13T02:31:15.000Z","volume":30000,"label":" ","price":10.58},{"type":"B","date":"2018-04-13T02:31:24.000Z","volume":20000,"label":" ","price":10.58},{"type":"A","date":"2018-04-13T02:31:24.000Z","volume":3000,"label":" ","price":10.6},{"type":"B","date":"2018-04-13T02:31:48.000Z","volume":9000,"label":" ","price":10.58},{"type":"B","date":"2018-04-13T02:31:56.000Z","volume":13000,"label":" ","price":10.58},{"type":"A","date":"2018-04-13T02:32:39.000Z","volume":20000,"label":" ","price":10.58},{"type":"B","date":"2018-04-13T02:33:11.000Z","volume":1000,"label":" ","price":10.58},{"type":"B","date":"2018-04-13T02:33:19.000Z","volume":4000,"label":" ","price":10.58},{"type":"B","date":"2018-04-13T02:33:19.000Z","volume":1000,"label":" ","price":10.56},{"type":"B","date":"2018-04-13T02:34:38.000Z","volume":30000,"label":" ","price":10.56},{"type":"B","date":"2018-04-13T02:35:12.000Z","volume":1000,"label":" ","price":10.56},{"type":"B","date":"2018-04-13T02:35:12.000Z","volume":3000,"label":"Y","price":10.56},{"type":"B","date":"2018-04-13T02:35:12.000Z","volume":3000,"label":" ","price":10.56},{"type":"A","date":"2018-04-13T02:35:12.000Z","volume":1000,"label":" ","price":10.56},{"type":"A","date":"2018-04-13T02:36:16.000Z","volume":1000,"label":" ","price":10.56},{"type":"B","date":"2018-04-13T02:36:22.000Z","volume":1000,"label":" ","price":10.54},{"type":"B","date":"2018-04-13T02:36:23.000Z","volume":5000,"label":" ","price":10.54},{"type":"B","date":"2018-04-13T02:37:11.000Z","volume":10000,"label":"Y","price":10.54},{"type":"B","date":"2018-04-13T02:37:13.000Z","volume":2000,"label":" ","price":10.54},{"type":"A","date":"2018-04-13T02:37:23.000Z","volume":52000,"label":" ","price":10.56},{"type":"A","date":"2018-04-13T02:37:23.000Z","volume":18000,"label":" ","price":10.56},{"type":"B","date":"2018-04-13T02:37:46.000Z","volume":1000,"label":" ","price":10.56},{"type":"A","date":"2018-04-13T02:39:12.000Z","volume":2000,"label":" ","price":10.58},{"type":"A","date":"2018-04-13T02:40:06.000Z","volume":1000,"label":" ","price":10.58},{"type":"A","date":"2018-04-13T02:40:37.000Z","volume":3000,"label":" ","price":10.58},{"type":"A","date":"2018-04-13T02:41:44.000Z","volume":2000,"label":" ","price":10.58},{"type":"A","date":"2018-04-13T02:41:45.000Z","volume":3000,"label":" ","price":10.58},{"type":"A","date":"2018-04-13T02:42:09.000Z","volume":1000,"label":" ","price":10.58},{"type":"A","date":"2018-04-13T02:42:09.000Z","volume":3000,"label":" ","price":10.58},{"type":"B","date":"2018-04-13T02:43:22.000Z","volume":11000,"label":" ","price":10.56},{"type":"B","date":"2018-04-13T02:43:22.000Z","volume":5000,"label":" ","price":10.56},{"type":"A","date":"2018-04-13T02:44:41.000Z","volume":2000,"label":" ","price":10.58},{"type":"B","date":"2018-04-13T02:45:26.000Z","volume":2000,"label":" ","price":10.56},{"type":"B","date":"2018-04-13T02:45:31.000Z","volume":1000,"label":" ","price":10.56},{"type":"B","date":"2018-04-13T02:46:33.000Z","volume":3000,"label":" ","price":10.56},{"type":"A","date":"2018-04-13T02:47:02.000Z","volume":1000,"label":" ","price":10.58},{"type":"A","date":"2018-04-13T02:47:39.000Z","volume":60000,"label":" ","price":10.58},{"type":"A","date":"2018-04-13T02:47:52.000Z","volume":18000,"label":" ","price":10.58},{"type":"B","date":"2018-04-13T02:47:59.000Z","volume":4000,"label":" ","price":10.58},{"type":"A","date":"2018-04-13T02:47:59.000Z","volume":1000,"label":" ","price":10.58},{"type":"B","date":"2018-04-13T02:48:24.000Z","volume":1000,"label":" ","price":10.58},{"type":"B","date":"2018-04-13T02:48:44.000Z","volume":1000,"label":" ","price":10.58},{"type":"B","date":"2018-04-13T02:48:57.000Z","volume":3000,"label":" ","price":10.58},{"type":"A","date":"2018-04-13T02:49:21.000Z","volume":5000,"label":" ","price":10.6},{"type":"A","date":"2018-04-13T02:49:25.000Z","volume":43000,"label":" ","price":10.6},{"type":"A","date":"2018-04-13T02:49:45.000Z","volume":30000,"label":" ","price":10.62},{"type":"A","date":"2018-04-13T02:49:45.000Z","volume":8000,"label":" ","price":10.62},{"type":"A","date":"2018-04-13T02:49:45.000Z","volume":3000,"label":" ","price":10.62},{"type":"B","date":"2018-04-13T02:50:17.000Z","volume":10000,"label":" ","price":10.62},{"type":"B","date":"2018-04-13T02:50:19.000Z","volume":2000,"label":" ","price":10.62},{"type":"B","date":"2018-04-13T02:50:19.000Z","volume":18000,"label":" ","price":10.6},{"type":"A","date":"2018-04-13T02:50:22.000Z","volume":5000,"label":" ","price":10.66},{"type":"A","date":"2018-04-13T02:50:40.000Z","volume":10000,"label":" ","price":10.66},{"type":"A","date":"2018-04-13T02:50:53.000Z","volume":3000,"label":" ","price":10.64},{"type":"A","date":"2018-04-13T02:51:06.000Z","volume":17000,"label":" ","price":10.64},{"type":"B","date":"2018-04-13T02:51:17.000Z","volume":14000,"label":" ","price":10.64},{"type":"B","date":"2018-04-13T02:51:17.000Z","volume":6000,"label":" ","price":10.62},{"type":"A","date":"2018-04-13T02:51:22.000Z","volume":5000,"label":" ","price":10.68},{"type":"A","date":"2018-04-13T02:52:19.000Z","volume":25000,"label":" ","price":10.68},{"type":"A","date":"2018-04-13T02:52:29.000Z","volume":2000,"label":" ","price":10.7},{"type":"A","date":"2018-04-13T02:52:56.000Z","volume":8000,"label":" ","price":10.7},{"type":"A","date":"2018-04-13T02:53:03.000Z","volume":3000,"label":" ","price":10.7},{"type":"A","date":"2018-04-13T02:53:18.000Z","volume":60000,"label":" ","price":10.7},{"type":"A","date":"2018-04-13T02:53:22.000Z","volume":10000,"label":" ","price":10.7},{"type":"A","date":"2018-04-13T02:53:22.000Z","volume":50000,"label":" ","price":10.7},{"type":"A","date":"2018-04-13T02:53:23.000Z","volume":10000,"label":" ","price":10.7},{"type":"A","date":"2018-04-13T02:53:24.000Z","volume":10000,"label":" ","price":10.7},{"type":"A","date":"2018-04-13T02:53:33.000Z","volume":35000,"label":" ","price":10.7},{"type":"A","date":"2018-04-13T02:53:45.000Z","volume":19000,"label":" ","price":10.72},{"type":"A","date":"2018-04-13T02:53:49.000Z","volume":20000,"label":" ","price":10.74},{"type":"A","date":"2018-04-13T02:53:49.000Z","volume":4000,"label":" ","price":10.74},{"type":"A","date":"2018-04-13T02:53:52.000Z","volume":2000,"label":" ","price":10.74},{"type":"A","date":"2018-04-13T02:53:57.000Z","volume":5000,"label":" ","price":10.74},{"type":"A","date":"2018-04-13T02:53:57.000Z","volume":15000,"label":" ","price":10.76},{"type":"A","date":"2018-04-13T02:54:02.000Z","volume":16000,"label":" ","price":10.76},{"type":"B","date":"2018-04-13T02:54:03.000Z","volume":4000,"label":" ","price":10.76},{"type":"B","date":"2018-04-13T02:54:03.000Z","volume":1000,"label":" ","price":10.72},{"type":"A","date":"2018-04-13T02:54:27.000Z","volume":5000,"label":" ","price":10.78},{"type":"A","date":"2018-04-13T02:54:41.000Z","volume":24000,"label":" ","price":10.76},{"type":"B","date":"2018-04-13T02:54:45.000Z","volume":4000,"label":" ","price":10.76},{"type":"B","date":"2018-04-13T02:55:04.000Z","volume":1000,"label":" ","price":10.76},{"type":"B","date":"2018-04-13T02:55:18.000Z","volume":2000,"label":" ","price":10.76},{"type":"B","date":"2018-04-13T02:55:18.000Z","volume":35000,"label":" ","price":10.76},{"type":"A","date":"2018-04-13T02:55:25.000Z","volume":5000,"label":" ","price":10.76},{"type":"A","date":"2018-04-13T02:55:35.000Z","volume":10000,"label":" ","price":10.76},{"type":"A","date":"2018-04-13T02:55:50.000Z","volume":15000,"label":" ","price":10.76},{"type":"B","date":"2018-04-13T02:56:08.000Z","volume":20000,"label":" ","price":10.74},{"type":"A","date":"2018-04-13T02:56:23.000Z","volume":5000,"label":" ","price":10.76},{"type":"B","date":"2018-04-13T02:56:29.000Z","volume":44000,"label":" ","price":10.72},{"type":"B","date":"2018-04-13T02:57:22.000Z","volume":63000,"label":" ","price":10.7},{"type":"A","date":"2018-04-13T02:57:23.000Z","volume":5000,"label":" ","price":10.72},{"type":"A","date":"2018-04-13T02:57:48.000Z","volume":19000,"label":" ","price":10.7},{"type":"U","date":"2018-04-13T02:58:06.000Z","volume":1000,"label":" ","price":10.7},{"type":"A","date":"2018-04-13T02:58:23.000Z","volume":5000,"label":" ","price":10.72},{"type":"A","date":"2018-04-13T02:58:51.000Z","volume":1000,"label":" ","price":10.7},{"type":"A","date":"2018-04-13T02:58:58.000Z","volume":59000,"label":" ","price":10.7},{"type":"A","date":"2018-04-13T02:59:31.000Z","volume":5000,"label":" ","price":10.72},{"type":"A","date":"2018-04-13T03:00:18.000Z","volume":2000,"label":" ","price":10.72},{"type":"A","date":"2018-04-13T03:00:25.000Z","volume":5000,"label":" ","price":10.72},{"type":"B","date":"2018-04-13T03:00:52.000Z","volume":1000,"label":" ","price":10.7},{"type":"A","date":"2018-04-13T03:01:29.000Z","volume":5000,"label":" ","price":10.72},{"type":"A","date":"2018-04-13T03:02:24.000Z","volume":5000,"label":" ","price":10.72},{"type":"A","date":"2018-04-13T03:02:24.000Z","volume":56000,"label":" ","price":10.72},{"type":"B","date":"2018-04-13T03:02:24.000Z","volume":1000,"label":" ","price":10.72},{"type":"A","date":"2018-04-13T03:03:27.000Z","volume":5000,"label":" ","price":10.74},{"type":"B","date":"2018-04-13T03:03:31.000Z","volume":2000,"label":" ","price":10.72},{"type":"B","date":"2018-04-13T03:04:23.000Z","volume":5000,"label":" ","price":10.72},{"type":"A","date":"2018-04-13T03:04:24.000Z","volume":5000,"label":" ","price":10.74},{"type":"A","date":"2018-04-13T03:05:25.000Z","volume":5000,"label":" ","price":10.74},{"type":"A","date":"2018-04-13T03:05:32.000Z","volume":5000,"label":" ","price":10.72},{"type":"A","date":"2018-04-13T03:05:38.000Z","volume":7000,"label":" ","price":10.72},{"type":"U","date":"2018-04-13T03:05:41.000Z","volume":2000,"label":" ","price":10.72},{"type":"A","date":"2018-04-13T03:05:43.000Z","volume":5000,"label":"Y","price":10.74},{"type":"A","date":"2018-04-13T03:05:43.000Z","volume":1000,"label":" ","price":10.74},{"type":"A","date":"2018-04-13T03:06:12.000Z","volume":2000,"label":" ","price":10.74},{"type":"A","date":"2018-04-13T03:06:26.000Z","volume":5000,"label":" ","price":10.74},{"type":"A","date":"2018-04-13T03:06:32.000Z","volume":30000,"label":" ","price":10.74},{"type":"A","date":"2018-04-13T03:06:45.000Z","volume":2000,"label":" ","price":10.74},{"type":"A","date":"2018-04-13T03:06:58.000Z","volume":2000,"label":" ","price":10.74},{"type":"B","date":"2018-04-13T03:07:11.000Z","volume":7000,"label":" ","price":10.72},{"type":"B","date":"2018-04-13T03:07:11.000Z","volume":3000,"label":" ","price":10.7},{"type":"A","date":"2018-04-13T03:07:25.000Z","volume":5000,"label":" ","price":10.74},{"type":"U","date":"2018-04-13T03:07:52.000Z","volume":10000,"label":" ","price":10.72},{"type":"A","date":"2018-04-13T03:08:13.000Z","volume":4000,"label":" ","price":10.72},{"type":"A","date":"2018-04-13T03:08:26.000Z","volume":5000,"label":" ","price":10.74},{"type":"A","date":"2018-04-13T03:08:49.000Z","volume":1000,"label":" ","price":10.72},{"type":"A","date":"2018-04-13T03:09:17.000Z","volume":1000,"label":" ","price":10.72},{"type":"B","date":"2018-04-13T03:09:24.000Z","volume":6000,"label":" ","price":10.7},{"type":"B","date":"2018-04-13T03:09:40.000Z","volume":6000,"label":" ","price":10.72},{"type":"A","date":"2018-04-13T03:10:26.000Z","volume":5000,"label":" ","price":10.74},{"type":"B","date":"2018-04-13T03:10:48.000Z","volume":71000,"label":" ","price":10.7},{"type":"B","date":"2018-04-13T03:10:59.000Z","volume":10000,"label":" ","price":10.7},{"type":"B","date":"2018-04-13T03:11:04.000Z","volume":9000,"label":" ","price":10.7},{"type":"A","date":"2018-04-13T03:11:26.000Z","volume":5000,"label":" ","price":10.72},{"type":"B","date":"2018-04-13T03:11:55.000Z","volume":33000,"label":" ","price":10.68},{"type":"B","date":"2018-04-13T03:12:00.000Z","volume":5000,"label":" ","price":10.7},{"type":"B","date":"2018-04-13T03:12:03.000Z","volume":6000,"label":" ","price":10.7},{"type":"A","date":"2018-04-13T03:12:27.000Z","volume":5000,"label":" ","price":10.7},{"type":"B","date":"2018-04-13T03:13:02.000Z","volume":5000,"label":" ","price":10.66},{"type":"B","date":"2018-04-13T03:13:17.000Z","volume":36000,"label":" ","price":10.64},{"type":"A","date":"2018-04-13T03:13:22.000Z","volume":1000,"label":" ","price":10.68},{"type":"A","date":"2018-04-13T03:13:28.000Z","volume":5000,"label":" ","price":10.68},{"type":"A","date":"2018-04-13T03:13:28.000Z","volume":4000,"label":" ","price":10.68},{"type":"A","date":"2018-04-13T03:13:43.000Z","volume":9000,"label":" ","price":10.68},{"type":"B","date":"2018-04-13T03:13:45.000Z","volume":3000,"label":"Y","price":10.66},{"type":"B","date":"2018-04-13T03:13:45.000Z","volume":2000,"label":" ","price":10.66},{"type":"A","date":"2018-04-13T03:14:27.000Z","volume":5000,"label":" ","price":10.68},{"type":"A","date":"2018-04-13T03:14:45.000Z","volume":2000,"label":" ","price":10.68},{"type":"B","date":"2018-04-13T03:14:51.000Z","volume":1000,"label":" ","price":10.66},{"type":"B","date":"2018-04-13T03:15:13.000Z","volume":4000,"label":" ","price":10.66},{"type":"A","date":"2018-04-13T03:15:13.000Z","volume":2000,"label":" ","price":10.66},{"type":"A","date":"2018-04-13T03:15:29.000Z","volume":5000,"label":" ","price":10.66},{"type":"A","date":"2018-04-13T03:15:29.000Z","volume":8000,"label":" ","price":10.66},{"type":"A","date":"2018-04-13T03:15:38.000Z","volume":1000,"label":"Y","price":10.68},{"type":"A","date":"2018-04-13T03:15:38.000Z","volume":2000,"label":" ","price":10.68},{"type":"B","date":"2018-04-13T03:15:42.000Z","volume":12000,"label":" ","price":10.66},{"type":"A","date":"2018-04-13T03:15:48.000Z","volume":4000,"label":" ","price":10.66},{"type":"A","date":"2018-04-13T03:15:50.000Z","volume":2000,"label":" ","price":10.66},{"type":"A","date":"2018-04-13T03:16:28.000Z","volume":5000,"label":" ","price":10.66},{"type":"B","date":"2018-04-13T03:17:04.000Z","volume":1000,"label":" ","price":10.64},{"type":"A","date":"2018-04-13T03:17:23.000Z","volume":1000,"label":" ","price":10.66},{"type":"A","date":"2018-04-13T03:17:24.000Z","volume":14000,"label":" ","price":10.66},{"type":"A","date":"2018-04-13T03:17:25.000Z","volume":5000,"label":" ","price":10.68},{"type":"A","date":"2018-04-13T03:18:28.000Z","volume":4000,"label":" ","price":10.68},{"type":"B","date":"2018-04-13T03:19:04.000Z","volume":10000,"label":" ","price":10.68},{"type":"B","date":"2018-04-13T03:19:18.000Z","volume":1000,"label":" ","price":10.68},{"type":"A","date":"2018-04-13T03:19:32.000Z","volume":5000,"label":" ","price":10.7},{"type":"B","date":"2018-04-13T03:19:52.000Z","volume":4000,"label":"Y","price":10.68},{"type":"B","date":"2018-04-13T03:19:52.000Z","volume":12000,"label":" ","price":10.68},{"type":"B","date":"2018-04-13T03:19:52.000Z","volume":4000,"label":"Y","price":10.66},{"type":"B","date":"2018-04-13T03:19:52.000Z","volume":7000,"label":" ","price":10.66},{"type":"B","date":"2018-04-13T03:19:52.000Z","volume":13000,"label":"Y","price":10.64},{"type":"B","date":"2018-04-13T03:19:52.000Z","volume":2000,"label":" ","price":10.64},{"type":"B","date":"2018-04-13T03:19:52.000Z","volume":11000,"label":" ","price":10.62},{"type":"B","date":"2018-04-13T03:19:52.000Z","volume":47000,"label":"Y","price":10.6},{"type":"A","date":"2018-04-13T03:19:52.000Z","volume":3000,"label":" ","price":10.68},{"type":"A","date":"2018-04-13T03:19:58.000Z","volume":1000,"label":" ","price":10.68},{"type":"A","date":"2018-04-13T03:19:58.000Z","volume":7000,"label":" ","price":10.68},{"type":"A","date":"2018-04-13T03:20:33.000Z","volume":5000,"label":" ","price":10.66},{"type":"A","date":"2018-04-13T03:20:43.000Z","volume":1000,"label":" ","price":10.66},{"type":"B","date":"2018-04-13T03:21:26.000Z","volume":5000,"label":" ","price":10.62},{"type":"B","date":"2018-04-13T03:21:26.000Z","volume":5000,"label":" ","price":10.6},{"type":"A","date":"2018-04-13T03:21:28.000Z","volume":3000,"label":" ","price":10.62},{"type":"A","date":"2018-04-13T03:21:29.000Z","volume":1000,"label":"Y","price":10.62},{"type":"A","date":"2018-04-13T03:21:29.000Z","volume":4000,"label":" ","price":10.62},{"type":"A","date":"2018-04-13T03:21:43.000Z","volume":10000,"label":" ","price":10.62},{"type":"B","date":"2018-04-13T03:22:00.000Z","volume":2000,"label":" ","price":10.6},{"type":"A","date":"2018-04-13T03:22:19.000Z","volume":5000,"label":" ","price":10.6},{"type":"A","date":"2018-04-13T03:22:28.000Z","volume":1000,"label":" ","price":10.6},{"type":"A","date":"2018-04-13T03:22:31.000Z","volume":6000,"label":" ","price":10.6},{"type":"B","date":"2018-04-13T03:22:36.000Z","volume":3000,"label":"Y","price":10.58},{"type":"B","date":"2018-04-13T03:22:36.000Z","volume":2000,"label":" ","price":10.58},{"type":"B","date":"2018-04-13T03:22:36.000Z","volume":1000,"label":" ","price":10.56},{"type":"B","date":"2018-04-13T03:23:02.000Z","volume":4000,"label":" ","price":10.58},{"type":"B","date":"2018-04-13T03:23:08.000Z","volume":1000,"label":" ","price":10.58},{"type":"A","date":"2018-04-13T03:23:29.000Z","volume":1000,"label":"Y","price":10.6},{"type":"A","date":"2018-04-13T03:23:29.000Z","volume":4000,"label":" ","price":10.6},{"type":"A","date":"2018-04-13T03:23:57.000Z","volume":3000,"label":" ","price":10.6},{"type":"A","date":"2018-04-13T03:24:02.000Z","volume":9000,"label":" ","price":10.6},{"type":"A","date":"2018-04-13T03:24:02.000Z","volume":1000,"label":" ","price":10.62},{"type":"A","date":"2018-04-13T03:24:29.000Z","volume":3000,"label":"Y","price":10.62},{"type":"A","date":"2018-04-13T03:24:29.000Z","volume":2000,"label":" ","price":10.62},{"type":"B","date":"2018-04-13T03:25:09.000Z","volume":7000,"label":" ","price":10.58},{"type":"A","date":"2018-04-13T03:25:20.000Z","volume":20000,"label":" ","price":10.58},{"type":"A","date":"2018-04-13T03:25:20.000Z","volume":6000,"label":" ","price":10.58},{"type":"B","date":"2018-04-13T03:25:24.000Z","volume":12000,"label":" ","price":10.56},{"type":"A","date":"2018-04-13T03:25:27.000Z","volume":1000,"label":" ","price":10.58},{"type":"A","date":"2018-04-13T03:25:31.000Z","volume":5000,"label":" ","price":10.58},{"type":"A","date":"2018-04-13T03:25:34.000Z","volume":11000,"label":" ","price":10.58},{"type":"A","date":"2018-04-13T03:26:31.000Z","volume":1000,"label":"Y","price":10.58},{"type":"A","date":"2018-04-13T03:26:31.000Z","volume":2000,"label":" ","price":10.58},{"type":"A","date":"2018-04-13T03:26:31.000Z","volume":1000,"label":" ","price":10.6},{"type":"B","date":"2018-04-13T03:26:52.000Z","volume":6000,"label":" ","price":10.58},{"type":"A","date":"2018-04-13T03:27:03.000Z","volume":1000,"label":" ","price":10.6},{"type":"A","date":"2018-04-13T03:27:31.000Z","volume":4000,"label":"Y","price":10.6},{"type":"A","date":"2018-04-13T03:27:31.000Z","volume":1000,"label":" ","price":10.6},{"type":"B","date":"2018-04-13T03:27:42.000Z","volume":1000,"label":" ","price":10.58},{"type":"A","date":"2018-04-13T03:27:53.000Z","volume":22000,"label":" ","price":10.6},{"type":"A","date":"2018-04-13T03:27:53.000Z","volume":1000,"label":" ","price":10.62},{"type":"A","date":"2018-04-13T03:28:04.000Z","volume":7000,"label":" ","price":10.62},{"type":"B","date":"2018-04-13T03:28:15.000Z","volume":2000,"label":"Y","price":10.6},{"type":"A","date":"2018-04-13T03:28:23.000Z","volume":2000,"label":" ","price":10.62},{"type":"A","date":"2018-04-13T03:28:32.000Z","volume":5000,"label":" ","price":10.62},{"type":"B","date":"2018-04-13T03:28:40.000Z","volume":20000,"label":" ","price":10.6},{"type":"A","date":"2018-04-13T03:28:49.000Z","volume":6000,"label":" ","price":10.62},{"type":"A","date":"2018-04-13T03:29:19.000Z","volume":2000,"label":" ","price":10.64},{"type":"A","date":"2018-04-13T03:29:19.000Z","volume":6000,"label":"Y","price":10.64},{"type":"A","date":"2018-04-13T03:29:19.000Z","volume":2000,"label":" ","price":10.64},{"type":"A","date":"2018-04-13T03:29:19.000Z","volume":14000,"label":"Y","price":10.66},{"type":"A","date":"2018-04-13T03:29:19.000Z","volume":8000,"label":"Y","price":10.68},{"type":"A","date":"2018-04-13T03:29:19.000Z","volume":12000,"label":" ","price":10.68},{"type":"A","date":"2018-04-13T03:29:19.000Z","volume":8000,"label":" ","price":10.7},{"type":"A","date":"2018-04-13T03:29:31.000Z","volume":5000,"label":" ","price":10.68},{"type":"A","date":"2018-04-13T03:30:22.000Z","volume":2000,"label":"Y","price":10.68},{"type":"A","date":"2018-04-13T03:30:22.000Z","volume":4000,"label":" ","price":10.68},{"type":"A","date":"2018-04-13T03:30:22.000Z","volume":26000,"label":" ","price":10.7},{"type":"A","date":"2018-04-13T03:30:26.000Z","volume":3000,"label":" ","price":10.7},{"type":"B","date":"2018-04-13T03:30:28.000Z","volume":3000,"label":" ","price":10.66},{"type":"U","date":"2018-04-13T03:30:28.000Z","volume":12000,"label":" ","price":10.68},{"type":"B","date":"2018-04-13T03:30:28.000Z","volume":11000,"label":" ","price":10.66},{"type":"A","date":"2018-04-13T03:30:31.000Z","volume":5000,"label":" ","price":10.68},{"type":"A","date":"2018-04-13T03:31:00.000Z","volume":100000,"label":" ","price":10.68},{"type":"A","date":"2018-04-13T03:31:00.000Z","volume":1000,"label":" ","price":10.68},{"type":"A","date":"2018-04-13T03:31:06.000Z","volume":10000,"label":" ","price":10.68},{"type":"B","date":"2018-04-13T03:31:11.000Z","volume":20000,"label":" ","price":10.66},{"type":"A","date":"2018-04-13T03:31:11.000Z","volume":14000,"label":" ","price":10.66},{"type":"A","date":"2018-04-13T03:31:17.000Z","volume":12000,"label":" ","price":10.66},{"type":"A","date":"2018-04-13T03:31:31.000Z","volume":5000,"label":" ","price":10.7},{"type":"A","date":"2018-04-13T03:31:45.000Z","volume":17000,"label":" ","price":10.7},{"type":"B","date":"2018-04-13T03:31:46.000Z","volume":3000,"label":" ","price":10.66},{"type":"A","date":"2018-04-13T03:32:32.000Z","volume":5000,"label":" ","price":10.7},{"type":"A","date":"2018-04-13T03:32:38.000Z","volume":12000,"label":" ","price":10.7},{"type":"B","date":"2018-04-13T03:32:46.000Z","volume":25000,"label":" ","price":10.68},{"type":"A","date":"2018-04-13T03:32:46.000Z","volume":3000,"label":" ","price":10.68},{"type":"A","date":"2018-04-13T03:32:46.000Z","volume":27000,"label":" ","price":10.68},{"type":"A","date":"2018-04-13T03:33:32.000Z","volume":5000,"label":" ","price":10.7},{"type":"B","date":"2018-04-13T03:33:59.000Z","volume":1000,"label":"Y","price":10.68},{"type":"A","date":"2018-04-13T03:34:32.000Z","volume":5000,"label":" ","price":10.7},{"type":"A","date":"2018-04-13T03:34:47.000Z","volume":2000,"label":" ","price":10.7},{"type":"B","date":"2018-04-13T03:35:01.000Z","volume":1000,"label":" ","price":10.68},{"type":"A","date":"2018-04-13T03:35:32.000Z","volume":5000,"label":" ","price":10.7},{"type":"A","date":"2018-04-13T03:36:25.000Z","volume":10000,"label":" ","price":10.7},{"type":"A","date":"2018-04-13T03:36:25.000Z","volume":2000,"label":" ","price":10.7},{"type":"A","date":"2018-04-13T03:36:32.000Z","volume":5000,"label":" ","price":10.7},{"type":"A","date":"2018-04-13T03:36:46.000Z","volume":50000,"label":" ","price":10.7},{"type":"A","date":"2018-04-13T03:36:50.000Z","volume":7000,"label":" ","price":10.7},{"type":"A","date":"2018-04-13T03:36:56.000Z","volume":6000,"label":" ","price":10.7},{"type":"A","date":"2018-04-13T03:36:56.000Z","volume":1000,"label":"Y","price":10.7},{"type":"A","date":"2018-04-13T03:36:56.000Z","volume":24000,"label":" ","price":10.7},{"type":"A","date":"2018-04-13T03:36:56.000Z","volume":35000,"label":" ","price":10.7},{"type":"A","date":"2018-04-13T03:37:02.000Z","volume":1000,"label":" ","price":10.72},{"type":"B","date":"2018-04-13T03:37:08.000Z","volume":30000,"label":" ","price":10.7},{"type":"A","date":"2018-04-13T03:37:16.000Z","volume":10000,"label":" ","price":10.72},{"type":"A","date":"2018-04-13T03:37:32.000Z","volume":5000,"label":"Y","price":10.72},{"type":"B","date":"2018-04-13T03:38:03.000Z","volume":31000,"label":" ","price":10.7},{"type":"B","date":"2018-04-13T03:38:03.000Z","volume":40000,"label":" ","price":10.68},{"type":"A","date":"2018-04-13T03:38:03.000Z","volume":4000,"label":" ","price":10.68},{"type":"A","date":"2018-04-13T03:38:03.000Z","volume":5000,"label":" ","price":10.68},{"type":"A","date":"2018-04-13T03:38:03.000Z","volume":11000,"label":" ","price":10.68},{"type":"A","date":"2018-04-13T03:38:16.000Z","volume":4000,"label":" ","price":10.68},{"type":"A","date":"2018-04-13T03:38:33.000Z","volume":5000,"label":" ","price":10.68},{"type":"A","date":"2018-04-13T03:38:36.000Z","volume":1000,"label":" ","price":10.68},{"type":"A","date":"2018-04-13T03:39:11.000Z","volume":2000,"label":" ","price":10.68},{"type":"A","date":"2018-04-13T03:39:11.000Z","volume":1000,"label":" ","price":10.68},{"type":"A","date":"2018-04-13T03:39:32.000Z","volume":2000,"label":" ","price":10.68},{"type":"A","date":"2018-04-13T03:39:33.000Z","volume":5000,"label":" ","price":10.68},{"type":"A","date":"2018-04-13T03:39:33.000Z","volume":1000,"label":" ","price":10.68},{"type":"B","date":"2018-04-13T03:40:33.000Z","volume":3000,"label":" ","price":10.66},{"type":"A","date":"2018-04-13T03:40:33.000Z","volume":5000,"label":" ","price":10.7},{"type":"A","date":"2018-04-13T03:41:34.000Z","volume":5000,"label":" ","price":10.7},{"type":"A","date":"2018-04-13T03:41:34.000Z","volume":2000,"label":" ","price":10.7},{"type":"A","date":"2018-04-13T03:42:34.000Z","volume":5000,"label":" ","price":10.7},{"type":"A","date":"2018-04-13T03:42:34.000Z","volume":3000,"label":"Y","price":10.7},{"type":"A","date":"2018-04-13T03:43:34.000Z","volume":5000,"label":"Y","price":10.7},{"type":"A","date":"2018-04-13T03:44:04.000Z","volume":1000,"label":"Y","price":10.7},{"type":"A","date":"2018-04-13T03:44:04.000Z","volume":2000,"label":" ","price":10.7},{"type":"A","date":"2018-04-13T03:44:04.000Z","volume":1000,"label":" ","price":10.7},{"type":"A","date":"2018-04-13T03:44:15.000Z","volume":3000,"label":" ","price":10.7},{"type":"A","date":"2018-04-13T03:44:15.000Z","volume":5000,"label":" ","price":10.7},{"type":"A","date":"2018-04-13T03:44:32.000Z","volume":1000,"label":" ","price":10.7},{"type":"A","date":"2018-04-13T03:44:34.000Z","volume":5000,"label":" ","price":10.7},{"type":"A","date":"2018-04-13T03:45:29.000Z","volume":3000,"label":" ","price":10.7},{"type":"A","date":"2018-04-13T03:45:35.000Z","volume":5000,"label":" ","price":10.7},{"type":"A","date":"2018-04-13T03:46:35.000Z","volume":5000,"label":" ","price":10.7},{"type":"A","date":"2018-04-13T03:46:50.000Z","volume":14000,"label":" ","price":10.7},{"type":"A","date":"2018-04-13T03:47:36.000Z","volume":5000,"label":"Y","price":10.72},{"type":"A","date":"2018-04-13T03:48:36.000Z","volume":5000,"label":"Y","price":10.72},{"type":"A","date":"2018-04-13T03:49:24.000Z","volume":1000,"label":" ","price":10.72},{"type":"A","date":"2018-04-13T03:49:36.000Z","volume":3000,"label":" ","price":10.7},{"type":"A","date":"2018-04-13T03:49:36.000Z","volume":5000,"label":" ","price":10.7},{"type":"A","date":"2018-04-13T03:49:36.000Z","volume":2000,"label":" ","price":10.7},{"type":"A","date":"2018-04-13T03:49:36.000Z","volume":5000,"label":" ","price":10.7},{"type":"A","date":"2018-04-13T03:49:36.000Z","volume":5000,"label":"Y","price":10.72},{"type":"A","date":"2018-04-13T03:50:36.000Z","volume":5000,"label":" ","price":10.72},{"type":"A","date":"2018-04-13T03:50:37.000Z","volume":5000,"label":"Y","price":10.72},{"type":"A","date":"2018-04-13T03:50:50.000Z","volume":1000,"label":" ","price":10.72},{"type":"A","date":"2018-04-13T03:51:37.000Z","volume":5000,"label":"Y","price":10.72},{"type":"A","date":"2018-04-13T03:52:38.000Z","volume":5000,"label":"Y","price":10.72},{"type":"A","date":"2018-04-13T03:53:38.000Z","volume":2000,"label":"Y","price":10.72},{"type":"A","date":"2018-04-13T03:53:38.000Z","volume":3000,"label":" ","price":10.72},{"type":"A","date":"2018-04-13T03:54:38.000Z","volume":5000,"label":" ","price":10.72},{"type":"B","date":"2018-04-13T03:54:40.000Z","volume":27000,"label":" ","price":10.7},{"type":"A","date":"2018-04-13T03:54:40.000Z","volume":5000,"label":" ","price":10.7},{"type":"A","date":"2018-04-13T03:55:14.000Z","volume":3000,"label":" ","price":10.7},{"type":"A","date":"2018-04-13T03:55:38.000Z","volume":5000,"label":" ","price":10.7},{"type":"A","date":"2018-04-13T03:55:38.000Z","volume":1000,"label":" ","price":10.7},{"type":"A","date":"2018-04-13T03:55:46.000Z","volume":12000,"label":" ","price":10.7},{"type":"B","date":"2018-04-13T03:56:20.000Z","volume":30000,"label":" ","price":10.68},{"type":"A","date":"2018-04-13T03:56:20.000Z","volume":9000,"label":" ","price":10.68},{"type":"A","date":"2018-04-13T03:56:35.000Z","volume":10000,"label":" ","price":10.68},{"type":"A","date":"2018-04-13T03:56:38.000Z","volume":5000,"label":" ","price":10.68},{"type":"A","date":"2018-04-13T03:56:38.000Z","volume":1000,"label":" ","price":10.68},{"type":"B","date":"2018-04-13T03:56:58.000Z","volume":10000,"label":" ","price":10.66},{"type":"A","date":"2018-04-13T03:57:02.000Z","volume":5000,"label":" ","price":10.68},{"type":"A","date":"2018-04-13T03:57:17.000Z","volume":1000,"label":" ","price":10.68},{"type":"A","date":"2018-04-13T03:57:24.000Z","volume":5000,"label":" ","price":10.68},{"type":"A","date":"2018-04-13T03:57:39.000Z","volume":5000,"label":" ","price":10.7},{"type":"B","date":"2018-04-13T03:57:51.000Z","volume":1000,"label":" ","price":10.66},{"type":"A","date":"2018-04-13T03:57:52.000Z","volume":10000,"label":" ","price":10.68},{"type":"B","date":"2018-04-13T03:57:54.000Z","volume":3000,"label":" ","price":10.68},{"type":"A","date":"2018-04-13T03:58:00.000Z","volume":5000,"label":" ","price":10.7},{"type":"A","date":"2018-04-13T03:58:39.000Z","volume":3000,"label":" ","price":10.7},{"type":"A","date":"2018-04-13T03:58:39.000Z","volume":2000,"label":" ","price":10.7},{"type":"B","date":"2018-04-13T03:59:11.000Z","volume":10000,"label":" ","price":10.68},{"type":"B","date":"2018-04-13T05:00:00.000Z","volume":4000,"label":" ","price":10.68},{"type":"A","date":"2018-04-13T05:01:37.000Z","volume":1000,"label":" ","price":10.68},{"type":"A","date":"2018-04-13T05:01:49.000Z","volume":30000,"label":" ","price":10.68},{"type":"A","date":"2018-04-13T05:01:50.000Z","volume":3000,"label":" ","price":10.68},{"type":"A","date":"2018-04-13T05:02:07.000Z","volume":5000,"label":" ","price":10.68},{"type":"A","date":"2018-04-13T05:02:27.000Z","volume":45000,"label":" ","price":10.68},{"type":"A","date":"2018-04-13T05:03:10.000Z","volume":68000,"label":" ","price":10.68},{"type":"A","date":"2018-04-13T05:04:03.000Z","volume":3000,"label":" ","price":10.7},{"type":"B","date":"2018-04-13T05:05:16.000Z","volume":22000,"label":" ","price":10.68},{"type":"A","date":"2018-04-13T05:05:45.000Z","volume":1000,"label":" ","price":10.68},{"type":"B","date":"2018-04-13T05:07:07.000Z","volume":1000,"label":" ","price":10.66},{"type":"A","date":"2018-04-13T05:08:21.000Z","volume":3000,"label":" ","price":10.68},{"type":"B","date":"2018-04-13T05:08:52.000Z","volume":30000,"label":" ","price":10.66},{"type":"A","date":"2018-04-13T05:09:07.000Z","volume":3000,"label":" ","price":10.68},{"type":"B","date":"2018-04-13T05:09:24.000Z","volume":71000,"label":" ","price":10.66},{"type":"B","date":"2018-04-13T05:09:24.000Z","volume":9000,"label":" ","price":10.64},{"type":"B","date":"2018-04-13T05:09:27.000Z","volume":8000,"label":" ","price":10.64},{"type":"B","date":"2018-04-13T05:09:27.000Z","volume":2000,"label":" ","price":10.62},{"type":"B","date":"2018-04-13T05:09:48.000Z","volume":9000,"label":" ","price":10.62},{"type":"B","date":"2018-04-13T05:09:48.000Z","volume":5000,"label":" ","price":10.62},{"type":"A","date":"2018-04-13T05:12:47.000Z","volume":6000,"label":" ","price":10.62},{"type":"A","date":"2018-04-13T05:12:47.000Z","volume":6000,"label":" ","price":10.62},{"type":"A","date":"2018-04-13T05:12:47.000Z","volume":4000,"label":" ","price":10.62},{"type":"B","date":"2018-04-13T05:15:02.000Z","volume":3000,"label":"Y","price":10.62},{"type":"B","date":"2018-04-13T05:15:02.000Z","volume":2000,"label":" ","price":10.62},{"type":"A","date":"2018-04-13T05:15:32.000Z","volume":2000,"label":" ","price":10.62},{"type":"A","date":"2018-04-13T05:15:42.000Z","volume":7000,"label":" ","price":10.62},{"type":"A","date":"2018-04-13T05:16:28.000Z","volume":10000,"label":" ","price":10.62},{"type":"A","date":"2018-04-13T05:17:01.000Z","volume":3000,"label":"Y","price":10.62},{"type":"A","date":"2018-04-13T05:17:09.000Z","volume":1000,"label":" ","price":10.62},{"type":"B","date":"2018-04-13T05:17:19.000Z","volume":50000,"label":" ","price":10.6},{"type":"B","date":"2018-04-13T05:18:14.000Z","volume":10000,"label":" ","price":10.6},{"type":"B","date":"2018-04-13T05:18:17.000Z","volume":1000,"label":" ","price":10.6},{"type":"B","date":"2018-04-13T05:19:02.000Z","volume":12000,"label":" ","price":10.6},{"type":"B","date":"2018-04-13T05:19:02.000Z","volume":1000,"label":" ","price":10.6},{"type":"U","date":"2018-04-13T05:19:05.000Z","volume":45000,"label":" ","price":10.6},{"type":"A","date":"2018-04-13T05:19:13.000Z","volume":9000,"label":" ","price":10.6},{"type":"A","date":"2018-04-13T05:19:29.000Z","volume":2000,"label":"Y","price":10.6},{"type":"A","date":"2018-04-13T05:19:29.000Z","volume":5000,"label":" ","price":10.6},{"type":"A","date":"2018-04-13T05:19:46.000Z","volume":1000,"label":"Y","price":10.6},{"type":"A","date":"2018-04-13T05:19:46.000Z","volume":6000,"label":" ","price":10.6},{"type":"A","date":"2018-04-13T05:20:03.000Z","volume":7000,"label":" ","price":10.6},{"type":"U","date":"2018-04-13T05:20:27.000Z","volume":12000,"label":" ","price":10.6},{"type":"A","date":"2018-04-13T05:21:06.000Z","volume":14000,"label":" ","price":10.6},{"type":"A","date":"2018-04-13T05:21:06.000Z","volume":2000,"label":" ","price":10.6},{"type":"B","date":"2018-04-13T05:22:15.000Z","volume":7000,"label":" ","price":10.6},{"type":"B","date":"2018-04-13T05:22:31.000Z","volume":3000,"label":"Y","price":10.58},{"type":"B","date":"2018-04-13T05:22:31.000Z","volume":21000,"label":" ","price":10.58},{"type":"A","date":"2018-04-13T05:22:31.000Z","volume":8000,"label":" ","price":10.58},{"type":"B","date":"2018-04-13T05:25:07.000Z","volume":4000,"label":" ","price":10.58},{"type":"A","date":"2018-04-13T05:25:12.000Z","volume":1000,"label":" ","price":10.62},{"type":"A","date":"2018-04-13T05:25:42.000Z","volume":18000,"label":" ","price":10.6},{"type":"A","date":"2018-04-13T05:25:54.000Z","volume":1000,"label":"Y","price":10.6},{"type":"A","date":"2018-04-13T05:25:54.000Z","volume":7000,"label":" ","price":10.6},{"type":"A","date":"2018-04-13T05:25:54.000Z","volume":1000,"label":" ","price":10.6},{"type":"B","date":"2018-04-13T05:26:51.000Z","volume":1000,"label":" ","price":10.58},{"type":"B","date":"2018-04-13T05:27:07.000Z","volume":5000,"label":" ","price":10.58},{"type":"A","date":"2018-04-13T05:27:34.000Z","volume":7000,"label":" ","price":10.6},{"type":"A","date":"2018-04-13T05:27:53.000Z","volume":5000,"label":" ","price":10.6},{"type":"A","date":"2018-04-13T05:27:53.000Z","volume":3000,"label":" ","price":10.62},{"type":"B","date":"2018-04-13T05:28:33.000Z","volume":1000,"label":" ","price":10.58},{"type":"A","date":"2018-04-13T05:29:18.000Z","volume":6000,"label":" ","price":10.6},{"type":"A","date":"2018-04-13T05:30:02.000Z","volume":4000,"label":" ","price":10.6},{"type":"A","date":"2018-04-13T05:30:11.000Z","volume":3000,"label":" ","price":10.6},{"type":"A","date":"2018-04-13T05:30:11.000Z","volume":3000,"label":" ","price":10.6},{"type":"A","date":"2018-04-13T05:31:04.000Z","volume":5000,"label":" ","price":10.6},{"type":"A","date":"2018-04-13T05:31:04.000Z","volume":1000,"label":" ","price":10.6},{"type":"A","date":"2018-04-13T05:31:04.000Z","volume":2000,"label":" ","price":10.6},{"type":"A","date":"2018-04-13T05:31:04.000Z","volume":1000,"label":" ","price":10.6},{"type":"A","date":"2018-04-13T05:31:25.000Z","volume":5000,"label":" ","price":10.6},{"type":"A","date":"2018-04-13T05:31:36.000Z","volume":3000,"label":" ","price":10.6},{"type":"A","date":"2018-04-13T05:31:38.000Z","volume":4000,"label":" ","price":10.6},{"type":"A","date":"2018-04-13T05:32:36.000Z","volume":4000,"label":" ","price":10.6},{"type":"A","date":"2018-04-13T05:32:38.000Z","volume":4000,"label":" ","price":10.6},{"type":"A","date":"2018-04-13T05:32:38.000Z","volume":1000,"label":" ","price":10.6},{"type":"A","date":"2018-04-13T05:33:07.000Z","volume":3000,"label":"Y","price":10.62},{"type":"A","date":"2018-04-13T05:33:11.000Z","volume":4000,"label":" ","price":10.6},{"type":"A","date":"2018-04-13T05:33:30.000Z","volume":4000,"label":" ","price":10.6},{"type":"A","date":"2018-04-13T05:33:30.000Z","volume":1000,"label":" ","price":10.6},{"type":"A","date":"2018-04-13T05:33:54.000Z","volume":5000,"label":" ","price":10.6},{"type":"A","date":"2018-04-13T05:34:05.000Z","volume":6000,"label":" ","price":10.6},{"type":"A","date":"2018-04-13T05:34:22.000Z","volume":5000,"label":" ","price":10.62},{"type":"A","date":"2018-04-13T05:34:27.000Z","volume":5000,"label":" ","price":10.62},{"type":"A","date":"2018-04-13T05:34:32.000Z","volume":3000,"label":" ","price":10.66},{"type":"A","date":"2018-04-13T05:35:16.000Z","volume":1000,"label":" ","price":10.66},{"type":"A","date":"2018-04-13T05:35:53.000Z","volume":6000,"label":" ","price":10.66},{"type":"A","date":"2018-04-13T05:35:57.000Z","volume":3000,"label":" ","price":10.66},{"type":"B","date":"2018-04-13T05:37:14.000Z","volume":12000,"label":" ","price":10.6},{"type":"A","date":"2018-04-13T05:37:14.000Z","volume":2000,"label":" ","price":10.64},{"type":"B","date":"2018-04-13T05:37:21.000Z","volume":2000,"label":" ","price":10.6},{"type":"A","date":"2018-04-13T05:38:08.000Z","volume":1000,"label":" ","price":10.62},{"type":"B","date":"2018-04-13T05:38:13.000Z","volume":14000,"label":" ","price":10.6},{"type":"A","date":"2018-04-13T05:38:13.000Z","volume":14000,"label":" ","price":10.6},{"type":"A","date":"2018-04-13T05:38:23.000Z","volume":2000,"label":" ","price":10.6},{"type":"A","date":"2018-04-13T05:38:42.000Z","volume":4000,"label":" ","price":10.6},{"type":"B","date":"2018-04-13T05:38:49.000Z","volume":8000,"label":" ","price":10.58},{"type":"A","date":"2018-04-13T05:38:49.000Z","volume":2000,"label":" ","price":10.58},{"type":"A","date":"2018-04-13T05:38:56.000Z","volume":5000,"label":" ","price":10.6},{"type":"A","date":"2018-04-13T05:39:06.000Z","volume":39000,"label":" ","price":10.6},{"type":"A","date":"2018-04-13T05:39:11.000Z","volume":1000,"label":" ","price":10.6},{"type":"A","date":"2018-04-13T05:39:11.000Z","volume":8000,"label":" ","price":10.6},{"type":"A","date":"2018-04-13T05:39:11.000Z","volume":1000,"label":" ","price":10.6},{"type":"A","date":"2018-04-13T05:39:14.000Z","volume":2000,"label":" ","price":10.6},{"type":"A","date":"2018-04-13T05:39:14.000Z","volume":4000,"label":" ","price":10.6},{"type":"A","date":"2018-04-13T05:39:20.000Z","volume":5000,"label":" ","price":10.6},{"type":"A","date":"2018-04-13T05:39:43.000Z","volume":5000,"label":" ","price":10.6},{"type":"A","date":"2018-04-13T05:40:12.000Z","volume":23000,"label":" ","price":10.6},{"type":"A","date":"2018-04-13T05:40:18.000Z","volume":8000,"label":" ","price":10.6},{"type":"B","date":"2018-04-13T05:40:58.000Z","volume":5000,"label":" ","price":10.6},{"type":"A","date":"2018-04-13T05:40:58.000Z","volume":5000,"label":" ","price":10.6},{"type":"A","date":"2018-04-13T05:41:53.000Z","volume":1000,"label":" ","price":10.6},{"type":"B","date":"2018-04-13T05:42:52.000Z","volume":1000,"label":" ","price":10.58},{"type":"B","date":"2018-04-13T05:43:07.000Z","volume":9000,"label":"Y","price":10.58},{"type":"B","date":"2018-04-13T05:43:07.000Z","volume":7000,"label":" ","price":10.58},{"type":"B","date":"2018-04-13T05:43:37.000Z","volume":26000,"label":" ","price":10.56},{"type":"B","date":"2018-04-13T05:43:37.000Z","volume":94000,"label":" ","price":10.54},{"type":"B","date":"2018-04-13T05:43:37.000Z","volume":1000,"label":" ","price":10.54},{"type":"B","date":"2018-04-13T05:43:40.000Z","volume":20000,"label":" ","price":10.54},{"type":"B","date":"2018-04-13T05:43:47.000Z","volume":5000,"label":" ","price":10.54},{"type":"B","date":"2018-04-13T05:44:01.000Z","volume":2000,"label":" ","price":10.54},{"type":"A","date":"2018-04-13T05:44:22.000Z","volume":1000,"label":" ","price":10.58},{"type":"U","date":"2018-04-13T05:44:32.000Z","volume":3000,"label":" ","price":10.56},{"type":"B","date":"2018-04-13T05:44:41.000Z","volume":3000,"label":" ","price":10.54},{"type":"B","date":"2018-04-13T05:45:08.000Z","volume":6000,"label":"Y","price":10.52},{"type":"B","date":"2018-04-13T05:45:08.000Z","volume":4000,"label":" ","price":10.52},{"type":"B","date":"2018-04-13T05:45:08.000Z","volume":1000,"label":" ","price":10.52},{"type":"B","date":"2018-04-13T05:46:02.000Z","volume":2000,"label":" ","price":10.52},{"type":"B","date":"2018-04-13T05:46:02.000Z","volume":1000,"label":" ","price":10.52},{"type":"U","date":"2018-04-13T05:46:58.000Z","volume":1000,"label":" ","price":10.52},{"type":"A","date":"2018-04-13T05:47:03.000Z","volume":1000,"label":" ","price":10.54},{"type":"B","date":"2018-04-13T05:47:27.000Z","volume":4000,"label":" ","price":10.54},{"type":"B","date":"2018-04-13T05:47:45.000Z","volume":3000,"label":" ","price":10.54},{"type":"A","date":"2018-04-13T05:49:34.000Z","volume":1000,"label":" ","price":10.56},{"type":"B","date":"2018-04-13T05:49:34.000Z","volume":3000,"label":"Y","price":10.54},{"type":"B","date":"2018-04-13T05:49:34.000Z","volume":2000,"label":" ","price":10.54},{"type":"B","date":"2018-04-13T05:49:34.000Z","volume":5000,"label":" ","price":10.52},{"type":"B","date":"2018-04-13T05:50:28.000Z","volume":4000,"label":" ","price":10.54},{"type":"A","date":"2018-04-13T05:51:18.000Z","volume":2000,"label":" ","price":10.54},{"type":"A","date":"2018-04-13T05:52:26.000Z","volume":1000,"label":" ","price":10.58},{"type":"B","date":"2018-04-13T05:53:31.000Z","volume":10000,"label":" ","price":10.54},{"type":"A","date":"2018-04-13T05:53:52.000Z","volume":11000,"label":" ","price":10.54},{"type":"A","date":"2018-04-13T05:55:16.000Z","volume":2000,"label":" ","price":10.56},{"type":"B","date":"2018-04-13T05:57:34.000Z","volume":11000,"label":" ","price":10.54},{"type":"B","date":"2018-04-13T05:57:34.000Z","volume":17000,"label":" ","price":10.52},{"type":"A","date":"2018-04-13T05:57:52.000Z","volume":1000,"label":" ","price":10.56},{"type":"B","date":"2018-04-13T05:59:07.000Z","volume":4000,"label":" ","price":10.54},{"type":"B","date":"2018-04-13T05:59:35.000Z","volume":3000,"label":"Y","price":10.52},{"type":"B","date":"2018-04-13T05:59:35.000Z","volume":14000,"label":" ","price":10.52},{"type":"B","date":"2018-04-13T06:00:37.000Z","volume":4000,"label":" ","price":10.54},{"type":"A","date":"2018-04-13T06:00:48.000Z","volume":1000,"label":" ","price":10.56},{"type":"B","date":"2018-04-13T06:01:13.000Z","volume":4000,"label":" ","price":10.52},{"type":"A","date":"2018-04-13T06:01:27.000Z","volume":1000,"label":" ","price":10.56},{"type":"A","date":"2018-04-13T06:03:39.000Z","volume":3000,"label":" ","price":10.56},{"type":"B","date":"2018-04-13T06:04:48.000Z","volume":1000,"label":" ","price":10.54},{"type":"B","date":"2018-04-13T06:06:33.000Z","volume":7000,"label":" ","price":10.54},{"type":"A","date":"2018-04-13T06:06:33.000Z","volume":1000,"label":" ","price":10.56},{"type":"A","date":"2018-04-13T06:06:33.000Z","volume":3000,"label":"Y","price":10.56},{"type":"B","date":"2018-04-13T06:06:55.000Z","volume":13000,"label":" ","price":10.54},{"type":"B","date":"2018-04-13T06:07:02.000Z","volume":1000,"label":" ","price":10.52},{"type":"A","date":"2018-04-13T06:09:22.000Z","volume":2000,"label":" ","price":10.56},{"type":"A","date":"2018-04-13T06:12:10.000Z","volume":2000,"label":" ","price":10.56},{"type":"A","date":"2018-04-13T06:12:28.000Z","volume":3000,"label":"Y","price":10.56},{"type":"A","date":"2018-04-13T06:12:38.000Z","volume":1000,"label":" ","price":10.56},{"type":"A","date":"2018-04-13T06:13:52.000Z","volume":3000,"label":"Y","price":10.56},{"type":"B","date":"2018-04-13T06:14:30.000Z","volume":15000,"label":" ","price":10.54},{"type":"A","date":"2018-04-13T06:14:30.000Z","volume":2000,"label":" ","price":10.56},{"type":"A","date":"2018-04-13T06:15:23.000Z","volume":3000,"label":"Y","price":10.56},{"type":"B","date":"2018-04-13T06:15:36.000Z","volume":1000,"label":" ","price":10.52},{"type":"U","date":"2018-04-13T06:16:20.000Z","volume":17000,"label":"X","price":10.56},{"type":"A","date":"2018-04-13T06:16:20.000Z","volume":3000,"label":" ","price":10.56},{"type":"U","date":"2018-04-13T06:16:41.000Z","volume":3000,"label":"X","price":10.56},{"type":"A","date":"2018-04-13T06:16:41.000Z","volume":15000,"label":" ","price":10.56},{"type":"A","date":"2018-04-13T06:16:48.000Z","volume":3000,"label":"Y","price":10.56},{"type":"U","date":"2018-04-13T06:17:19.000Z","volume":2000,"label":"X","price":10.56},{"type":"A","date":"2018-04-13T06:18:13.000Z","volume":3000,"label":"Y","price":10.56},{"type":"B","date":"2018-04-13T06:18:19.000Z","volume":16000,"label":" ","price":10.52},{"type":"B","date":"2018-04-13T06:18:31.000Z","volume":1000,"label":" ","price":10.5},{"type":"U","date":"2018-04-13T06:20:58.000Z","volume":1000,"label":"X","price":10.56},{"type":"A","date":"2018-04-13T06:20:58.000Z","volume":1000,"label":" ","price":10.56},{"type":"B","date":"2018-04-13T06:21:06.000Z","volume":9000,"label":" ","price":10.52},{"type":"B","date":"2018-04-13T06:21:55.000Z","volume":3000,"label":" ","price":10.52},{"type":"U","date":"2018-04-13T06:22:52.000Z","volume":1000,"label":"X","price":10.56},{"type":"B","date":"2018-04-13T06:23:35.000Z","volume":6000,"label":" ","price":10.52},{"type":"B","date":"2018-04-13T06:24:05.000Z","volume":4000,"label":" ","price":10.52},{"type":"U","date":"2018-04-13T06:24:07.000Z","volume":2000,"label":" ","price":10.54},{"type":"A","date":"2018-04-13T06:24:16.000Z","volume":3000,"label":" ","price":10.54},{"type":"A","date":"2018-04-13T06:25:08.000Z","volume":1000,"label":"Y","price":10.52},{"type":"A","date":"2018-04-13T06:25:08.000Z","volume":1000,"label":" ","price":10.52},{"type":"A","date":"2018-04-13T06:25:10.000Z","volume":1000,"label":" ","price":10.52},{"type":"B","date":"2018-04-13T06:26:08.000Z","volume":17000,"label":" ","price":10.5},{"type":"B","date":"2018-04-13T06:27:06.000Z","volume":3000,"label":" ","price":10.5},{"type":"B","date":"2018-04-13T06:27:06.000Z","volume":4000,"label":" ","price":10.48},{"type":"A","date":"2018-04-13T06:27:06.000Z","volume":23000,"label":" ","price":10.5},{"type":"A","date":"2018-04-13T06:27:12.000Z","volume":12000,"label":" ","price":10.5},{"type":"A","date":"2018-04-13T06:27:16.000Z","volume":12000,"label":" ","price":10.5},{"type":"B","date":"2018-04-13T06:27:41.000Z","volume":3000,"label":" ","price":10.5},{"type":"B","date":"2018-04-13T06:28:00.000Z","volume":10000,"label":" ","price":10.5},{"type":"B","date":"2018-04-13T06:28:36.000Z","volume":1000,"label":" ","price":10.48},{"type":"A","date":"2018-04-13T06:29:19.000Z","volume":8000,"label":" ","price":10.5},{"type":"A","date":"2018-04-13T06:29:24.000Z","volume":2000,"label":" ","price":10.5},{"type":"B","date":"2018-04-13T06:29:32.000Z","volume":8000,"label":" ","price":10.5},{"type":"A","date":"2018-04-13T06:29:32.000Z","volume":4000,"label":" ","price":10.5},{"type":"A","date":"2018-04-13T06:29:43.000Z","volume":2000,"label":" ","price":10.5},{"type":"A","date":"2018-04-13T06:29:43.000Z","volume":2000,"label":" ","price":10.5},{"type":"A","date":"2018-04-13T06:30:51.000Z","volume":8000,"label":" ","price":10.5},{"type":"B","date":"2018-04-13T06:31:24.000Z","volume":10000,"label":" ","price":10.5},{"type":"A","date":"2018-04-13T06:31:24.000Z","volume":3000,"label":" ","price":10.5},{"type":"A","date":"2018-04-13T06:33:18.000Z","volume":1000,"label":"Y","price":10.56},{"type":"A","date":"2018-04-13T06:33:18.000Z","volume":2000,"label":" ","price":10.56},{"type":"A","date":"2018-04-13T06:33:30.000Z","volume":8000,"label":" ","price":10.54},{"type":"B","date":"2018-04-13T06:33:33.000Z","volume":5000,"label":" ","price":10.48},{"type":"A","date":"2018-04-13T06:33:35.000Z","volume":4000,"label":" ","price":10.54},{"type":"A","date":"2018-04-13T06:33:51.000Z","volume":3000,"label":" ","price":10.54},{"type":"A","date":"2018-04-13T06:34:33.000Z","volume":2000,"label":" ","price":10.54},{"type":"A","date":"2018-04-13T06:34:49.000Z","volume":9000,"label":" ","price":10.54},{"type":"A","date":"2018-04-13T06:35:56.000Z","volume":5000,"label":" ","price":10.54},{"type":"A","date":"2018-04-13T06:36:03.000Z","volume":3000,"label":" ","price":10.54},{"type":"A","date":"2018-04-13T06:36:15.000Z","volume":2000,"label":" ","price":10.54},{"type":"A","date":"2018-04-13T06:36:43.000Z","volume":3000,"label":" ","price":10.54},{"type":"A","date":"2018-04-13T06:37:05.000Z","volume":8000,"label":" ","price":10.54},{"type":"A","date":"2018-04-13T06:37:12.000Z","volume":5000,"label":" ","price":10.54},{"type":"A","date":"2018-04-13T06:37:58.000Z","volume":3000,"label":" ","price":10.54},{"type":"A","date":"2018-04-13T06:38:08.000Z","volume":2000,"label":" ","price":10.54},{"type":"A","date":"2018-04-13T06:38:08.000Z","volume":2000,"label":" ","price":10.54},{"type":"A","date":"2018-04-13T06:38:08.000Z","volume":1000,"label":" ","price":10.56},{"type":"B","date":"2018-04-13T06:38:19.000Z","volume":10000,"label":" ","price":10.52},{"type":"A","date":"2018-04-13T06:38:19.000Z","volume":8000,"label":" ","price":10.54},{"type":"A","date":"2018-04-13T06:38:39.000Z","volume":9000,"label":" ","price":10.54},{"type":"A","date":"2018-04-13T06:39:00.000Z","volume":14000,"label":" ","price":10.54},{"type":"A","date":"2018-04-13T06:39:28.000Z","volume":8000,"label":" ","price":10.54},{"type":"A","date":"2018-04-13T06:39:35.000Z","volume":4000,"label":" ","price":10.54},{"type":"A","date":"2018-04-13T06:39:44.000Z","volume":3000,"label":" ","price":10.54},{"type":"A","date":"2018-04-13T06:39:50.000Z","volume":9000,"label":" ","price":10.54},{"type":"B","date":"2018-04-13T06:39:59.000Z","volume":5000,"label":" ","price":10.52},{"type":"A","date":"2018-04-13T06:39:59.000Z","volume":6000,"label":" ","price":10.54},{"type":"A","date":"2018-04-13T06:40:43.000Z","volume":4000,"label":" ","price":10.54},{"type":"A","date":"2018-04-13T06:40:53.000Z","volume":2000,"label":" ","price":10.54},{"type":"A","date":"2018-04-13T06:40:59.000Z","volume":9000,"label":" ","price":10.54},{"type":"A","date":"2018-04-13T06:41:09.000Z","volume":6000,"label":" ","price":10.54},{"type":"A","date":"2018-04-13T06:41:19.000Z","volume":3000,"label":" ","price":10.54},{"type":"A","date":"2018-04-13T06:41:19.000Z","volume":4000,"label":" ","price":10.54},{"type":"A","date":"2018-04-13T06:41:24.000Z","volume":8000,"label":" ","price":10.54},{"type":"A","date":"2018-04-13T06:41:24.000Z","volume":5000,"label":" ","price":10.54},{"type":"B","date":"2018-04-13T06:41:29.000Z","volume":20000,"label":" ","price":10.52},{"type":"A","date":"2018-04-13T06:41:31.000Z","volume":3000,"label":" ","price":10.54},{"type":"A","date":"2018-04-13T06:41:37.000Z","volume":9000,"label":" ","price":10.54},{"type":"A","date":"2018-04-13T06:42:23.000Z","volume":5000,"label":" ","price":10.54},{"type":"B","date":"2018-04-13T06:42:26.000Z","volume":7000,"label":" ","price":10.5},{"type":"B","date":"2018-04-13T06:42:26.000Z","volume":2000,"label":" ","price":10.48},{"type":"A","date":"2018-04-13T06:42:28.000Z","volume":3000,"label":" ","price":10.54},{"type":"A","date":"2018-04-13T06:42:43.000Z","volume":2000,"label":" ","price":10.54},{"type":"A","date":"2018-04-13T06:43:07.000Z","volume":9000,"label":" ","price":10.54},{"type":"A","date":"2018-04-13T06:43:32.000Z","volume":6000,"label":" ","price":10.54},{"type":"A","date":"2018-04-13T06:43:48.000Z","volume":3000,"label":" ","price":10.54},{"type":"A","date":"2018-04-13T06:44:10.000Z","volume":2000,"label":" ","price":10.54},{"type":"A","date":"2018-04-13T06:44:35.000Z","volume":10000,"label":" ","price":10.54},{"type":"A","date":"2018-04-13T06:45:18.000Z","volume":6000,"label":" ","price":10.54},{"type":"A","date":"2018-04-13T06:45:52.000Z","volume":1000,"label":"Y","price":10.54},{"type":"A","date":"2018-04-13T06:45:52.000Z","volume":3000,"label":" ","price":10.54},{"type":"A","date":"2018-04-13T06:46:15.000Z","volume":1000,"label":"Y","price":10.54},{"type":"A","date":"2018-04-13T06:46:15.000Z","volume":9000,"label":" ","price":10.54},{"type":"A","date":"2018-04-13T06:46:43.000Z","volume":6000,"label":" ","price":10.54},{"type":"A","date":"2018-04-13T06:48:02.000Z","volume":1000,"label":" ","price":10.54},{"type":"A","date":"2018-04-13T06:48:02.000Z","volume":3000,"label":" ","price":10.54},{"type":"A","date":"2018-04-13T06:48:13.000Z","volume":2000,"label":" ","price":10.54},{"type":"A","date":"2018-04-13T06:48:23.000Z","volume":2000,"label":" ","price":10.54},{"type":"A","date":"2018-04-13T06:48:23.000Z","volume":1000,"label":" ","price":10.56},{"type":"A","date":"2018-04-13T06:49:48.000Z","volume":3000,"label":" ","price":10.56},{"type":"B","date":"2018-04-13T06:50:48.000Z","volume":10000,"label":" ","price":10.5},{"type":"A","date":"2018-04-13T06:50:48.000Z","volume":3000,"label":" ","price":10.54},{"type":"B","date":"2018-04-13T06:52:42.000Z","volume":11000,"label":" ","price":10.5},{"type":"B","date":"2018-04-13T06:54:58.000Z","volume":1000,"label":" ","price":10.5},{"type":"B","date":"2018-04-13T06:56:53.000Z","volume":8000,"label":" ","price":10.5},{"type":"B","date":"2018-04-13T06:58:30.000Z","volume":3000,"label":" ","price":10.52},{"type":"B","date":"2018-04-13T06:58:53.000Z","volume":1000,"label":" ","price":10.5},{"type":"A","date":"2018-04-13T06:59:18.000Z","volume":16000,"label":" ","price":10.54},{"type":"A","date":"2018-04-13T06:59:41.000Z","volume":18000,"label":" ","price":10.54},{"type":"A","date":"2018-04-13T07:00:17.000Z","volume":19000,"label":" ","price":10.54},{"type":"B","date":"2018-04-13T07:00:19.000Z","volume":8000,"label":" ","price":10.54},{"type":"B","date":"2018-04-13T07:00:19.000Z","volume":2000,"label":" ","price":10.52},{"type":"B","date":"2018-04-13T07:01:27.000Z","volume":3000,"label":" ","price":10.54},{"type":"A","date":"2018-04-13T07:01:27.000Z","volume":6000,"label":" ","price":10.54},{"type":"A","date":"2018-04-13T07:05:23.000Z","volume":4000,"label":" ","price":10.54},{"type":"A","date":"2018-04-13T07:06:03.000Z","volume":1000,"label":" ","price":10.54},{"type":"A","date":"2018-04-13T07:06:13.000Z","volume":4000,"label":" ","price":10.54},{"type":"A","date":"2018-04-13T07:06:45.000Z","volume":7000,"label":" ","price":10.54},{"type":"A","date":"2018-04-13T07:06:49.000Z","volume":3000,"label":" ","price":10.54},{"type":"A","date":"2018-04-13T07:08:14.000Z","volume":3000,"label":" ","price":10.54},{"type":"A","date":"2018-04-13T07:09:42.000Z","volume":18000,"label":" ","price":10.54},{"type":"A","date":"2018-04-13T07:09:42.000Z","volume":3000,"label":" ","price":10.56},{"type":"A","date":"2018-04-13T07:09:42.000Z","volume":2000,"label":" ","price":10.56},{"type":"B","date":"2018-04-13T07:10:00.000Z","volume":20000,"label":" ","price":10.54},{"type":"B","date":"2018-04-13T07:10:00.000Z","volume":82000,"label":" ","price":10.54},{"type":"B","date":"2018-04-13T07:10:13.000Z","volume":19000,"label":" ","price":10.52},{"type":"B","date":"2018-04-13T07:10:13.000Z","volume":32000,"label":" ","price":10.52},{"type":"A","date":"2018-04-13T07:10:52.000Z","volume":27000,"label":" ","price":10.54},{"type":"B","date":"2018-04-13T07:11:04.000Z","volume":22000,"label":" ","price":10.54},{"type":"B","date":"2018-04-13T07:11:04.000Z","volume":1000,"label":" ","price":10.54},{"type":"A","date":"2018-04-13T07:11:47.000Z","volume":27000,"label":" ","price":10.54},{"type":"A","date":"2018-04-13T07:12:09.000Z","volume":6000,"label":" ","price":10.56},{"type":"A","date":"2018-04-13T07:12:09.000Z","volume":11000,"label":" ","price":10.56},{"type":"A","date":"2018-04-13T07:12:10.000Z","volume":10000,"label":" ","price":10.56},{"type":"A","date":"2018-04-13T07:12:11.000Z","volume":9000,"label":" ","price":10.56},{"type":"B","date":"2018-04-13T07:12:19.000Z","volume":5000,"label":" ","price":10.56},{"type":"A","date":"2018-04-13T07:12:21.000Z","volume":2000,"label":" ","price":10.56},{"type":"B","date":"2018-04-13T07:13:38.000Z","volume":1000,"label":" ","price":10.54},{"type":"A","date":"2018-04-13T07:15:04.000Z","volume":5000,"label":" ","price":10.56},{"type":"A","date":"2018-04-13T07:15:30.000Z","volume":30000,"label":" ","price":10.56},{"type":"A","date":"2018-04-13T07:15:30.000Z","volume":1000,"label":" ","price":10.56},{"type":"A","date":"2018-04-13T07:16:11.000Z","volume":30000,"label":" ","price":10.58},{"type":"A","date":"2018-04-13T07:16:11.000Z","volume":6000,"label":" ","price":10.58},{"type":"A","date":"2018-04-13T07:16:23.000Z","volume":8000,"label":" ","price":10.58},{"type":"A","date":"2018-04-13T07:17:13.000Z","volume":2000,"label":" ","price":10.6},{"type":"A","date":"2018-04-13T07:17:59.000Z","volume":3000,"label":" ","price":10.6},{"type":"A","date":"2018-04-13T07:18:11.000Z","volume":30000,"label":" ","price":10.6},{"type":"A","date":"2018-04-13T07:18:49.000Z","volume":2000,"label":" ","price":10.6},{"type":"A","date":"2018-04-13T07:18:53.000Z","volume":30000,"label":" ","price":10.6},{"type":"A","date":"2018-04-13T07:19:24.000Z","volume":3000,"label":" ","price":10.6},{"type":"A","date":"2018-04-13T07:19:28.000Z","volume":14000,"label":" ","price":10.6},{"type":"B","date":"2018-04-13T07:20:22.000Z","volume":20000,"label":" ","price":10.6},{"type":"A","date":"2018-04-13T07:20:54.000Z","volume":3000,"label":" ","price":10.62},{"type":"A","date":"2018-04-13T07:22:19.000Z","volume":3000,"label":" ","price":10.62},{"type":"A","date":"2018-04-13T07:23:43.000Z","volume":10000,"label":" ","price":10.62},{"type":"A","date":"2018-04-13T07:23:49.000Z","volume":3000,"label":" ","price":10.62},{"type":"A","date":"2018-04-13T07:24:02.000Z","volume":4000,"label":" ","price":10.62},{"type":"A","date":"2018-04-13T07:25:14.000Z","volume":3000,"label":" ","price":10.62},{"type":"B","date":"2018-04-13T07:26:04.000Z","volume":1000,"label":" ","price":10.6},{"type":"B","date":"2018-04-13T07:26:55.000Z","volume":3000,"label":" ","price":10.6},{"type":"A","date":"2018-04-13T07:26:55.000Z","volume":3000,"label":" ","price":10.62},{"type":"A","date":"2018-04-13T07:27:02.000Z","volume":5000,"label":" ","price":10.62},{"type":"B","date":"2018-04-13T07:28:17.000Z","volume":1000,"label":" ","price":10.6},{"type":"A","date":"2018-04-13T07:29:09.000Z","volume":3000,"label":" ","price":10.62},{"type":"B","date":"2018-04-13T07:29:14.000Z","volume":10000,"label":" ","price":10.6},{"type":"B","date":"2018-04-13T07:29:18.000Z","volume":1000,"label":" ","price":10.6},{"type":"A","date":"2018-04-13T07:29:34.000Z","volume":1000,"label":" ","price":10.62},{"type":"B","date":"2018-04-13T07:29:47.000Z","volume":32000,"label":" ","price":10.6},{"type":"B","date":"2018-04-13T07:29:52.000Z","volume":9000,"label":" ","price":10.6},{"type":"B","date":"2018-04-13T07:30:00.000Z","volume":17000,"label":" ","price":10.6},{"type":"B","date":"2018-04-13T07:30:39.000Z","volume":38000,"label":" ","price":10.6},{"type":"A","date":"2018-04-13T07:30:53.000Z","volume":20000,"label":" ","price":10.62},{"type":"A","date":"2018-04-13T07:32:50.000Z","volume":36000,"label":" ","price":10.62},{"type":"A","date":"2018-04-13T07:33:18.000Z","volume":20000,"label":" ","price":10.64},{"type":"B","date":"2018-04-13T07:33:42.000Z","volume":39000,"label":" ","price":10.64},{"type":"A","date":"2018-04-13T07:33:45.000Z","volume":6000,"label":" ","price":10.64},{"type":"A","date":"2018-04-13T07:34:19.000Z","volume":20000,"label":" ","price":10.64},{"type":"A","date":"2018-04-13T07:35:28.000Z","volume":13000,"label":"Y","price":10.66},{"type":"A","date":"2018-04-13T07:35:28.000Z","volume":7000,"label":" ","price":10.66},{"type":"B","date":"2018-04-13T07:35:46.000Z","volume":1000,"label":"Y","price":10.64},{"type":"B","date":"2018-04-13T07:35:54.000Z","volume":30000,"label":" ","price":10.64},{"type":"A","date":"2018-04-13T07:36:10.000Z","volume":15000,"label":" ","price":10.64},{"type":"A","date":"2018-04-13T07:36:10.000Z","volume":37000,"label":"Y","price":10.66},{"type":"A","date":"2018-04-13T07:36:10.000Z","volume":8000,"label":" ","price":10.66},{"type":"A","date":"2018-04-13T07:36:28.000Z","volume":2000,"label":" ","price":10.64},{"type":"A","date":"2018-04-13T07:36:44.000Z","volume":13000,"label":" ","price":10.64},{"type":"A","date":"2018-04-13T07:36:44.000Z","volume":7000,"label":" ","price":10.66},{"type":"A","date":"2018-04-13T07:37:38.000Z","volume":35000,"label":" ","price":10.64},{"type":"A","date":"2018-04-13T07:37:38.000Z","volume":32000,"label":" ","price":10.66},{"type":"A","date":"2018-04-13T07:37:38.000Z","volume":72000,"label":" ","price":10.68},{"type":"A","date":"2018-04-13T07:37:38.000Z","volume":61000,"label":" ","price":10.7},{"type":"B","date":"2018-04-13T07:37:52.000Z","volume":6000,"label":" ","price":10.64},{"type":"A","date":"2018-04-13T07:38:10.000Z","volume":10000,"label":" ","price":10.66},{"type":"A","date":"2018-04-13T07:38:10.000Z","volume":62000,"label":" ","price":10.68},{"type":"A","date":"2018-04-13T07:38:46.000Z","volume":15000,"label":" ","price":10.66},{"type":"A","date":"2018-04-13T07:38:46.000Z","volume":45000,"label":" ","price":10.68},{"type":"B","date":"2018-04-13T07:41:34.000Z","volume":1000,"label":" ","price":10.64},{"type":"A","date":"2018-04-13T07:42:02.000Z","volume":5000,"label":" ","price":10.66},{"type":"B","date":"2018-04-13T07:42:15.000Z","volume":5000,"label":" ","price":10.64},{"type":"A","date":"2018-04-13T07:42:59.000Z","volume":7000,"label":" ","price":10.64},{"type":"B","date":"2018-04-13T07:44:09.000Z","volume":1000,"label":" ","price":10.62},{"type":"B","date":"2018-04-13T07:44:41.000Z","volume":7000,"label":" ","price":10.62},{"type":"B","date":"2018-04-13T07:45:38.000Z","volume":1000,"label":" ","price":10.6},{"type":"A","date":"2018-04-13T07:47:19.000Z","volume":13000,"label":" ","price":10.6},{"type":"B","date":"2018-04-13T07:47:54.000Z","volume":8000,"label":" ","price":10.6},{"type":"A","date":"2018-04-13T07:48:00.000Z","volume":7000,"label":" ","price":10.6},{"type":"A","date":"2018-04-13T07:48:00.000Z","volume":3000,"label":" ","price":10.62},{"type":"B","date":"2018-04-13T07:48:06.000Z","volume":5000,"label":" ","price":10.58},{"type":"A","date":"2018-04-13T07:50:04.000Z","volume":10000,"label":" ","price":10.6},{"type":"A","date":"2018-04-13T07:50:19.000Z","volume":5000,"label":" ","price":10.62},{"type":"A","date":"2018-04-13T07:51:08.000Z","volume":20000,"label":" ","price":10.62},{"type":"A","date":"2018-04-13T07:52:07.000Z","volume":8000,"label":" ","price":10.6},{"type":"A","date":"2018-04-13T07:53:43.000Z","volume":2000,"label":" ","price":10.6},{"type":"A","date":"2018-04-13T07:54:34.000Z","volume":6000,"label":" ","price":10.6},{"type":"B","date":"2018-04-13T07:54:43.000Z","volume":1000,"label":" ","price":10.58},{"type":"B","date":"2018-04-13T07:54:54.000Z","volume":1000,"label":" ","price":10.58},{"type":"B","date":"2018-04-13T07:54:56.000Z","volume":10000,"label":" ","price":10.58},{"type":"B","date":"2018-04-13T07:55:03.000Z","volume":4000,"label":" ","price":10.58},{"type":"B","date":"2018-04-13T07:55:27.000Z","volume":3000,"label":" ","price":10.58},{"type":"A","date":"2018-04-13T07:55:28.000Z","volume":4000,"label":" ","price":10.58},{"type":"A","date":"2018-04-13T07:55:33.000Z","volume":4000,"label":" ","price":10.58},{"type":"A","date":"2018-04-13T07:55:38.000Z","volume":4000,"label":" ","price":10.58},{"type":"A","date":"2018-04-13T07:55:43.000Z","volume":5000,"label":" ","price":10.58},{"type":"A","date":"2018-04-13T07:55:43.000Z","volume":2000,"label":" ","price":10.58},{"type":"B","date":"2018-04-13T07:56:01.000Z","volume":7000,"label":" ","price":10.58},{"type":"A","date":"2018-04-13T07:56:03.000Z","volume":6000,"label":" ","price":10.58},{"type":"A","date":"2018-04-13T07:56:03.000Z","volume":2000,"label":" ","price":10.58},{"type":"B","date":"2018-04-13T07:56:22.000Z","volume":7000,"label":" ","price":10.58},{"type":"B","date":"2018-04-13T07:56:22.000Z","volume":1000,"label":"Y","price":10.56},{"type":"B","date":"2018-04-13T07:56:22.000Z","volume":50000,"label":" ","price":10.56},{"type":"B","date":"2018-04-13T07:56:22.000Z","volume":22000,"label":" ","price":10.56},{"type":"B","date":"2018-04-13T07:56:30.000Z","volume":7000,"label":" ","price":10.58},{"type":"A","date":"2018-04-13T07:56:32.000Z","volume":6000,"label":" ","price":10.58},{"type":"B","date":"2018-04-13T07:56:35.000Z","volume":2000,"label":" ","price":10.56},{"type":"B","date":"2018-04-13T07:56:36.000Z","volume":6000,"label":" ","price":10.58},{"type":"B","date":"2018-04-13T07:56:37.000Z","volume":6000,"label":" ","price":10.58},{"type":"U","date":"2018-04-13T07:56:38.000Z","volume":6000,"label":" ","price":10.58},{"type":"B","date":"2018-04-13T07:56:40.000Z","volume":6000,"label":" ","price":10.58},{"type":"B","date":"2018-04-13T07:56:41.000Z","volume":6000,"label":" ","price":10.58},{"type":"A","date":"2018-04-13T07:56:42.000Z","volume":1000,"label":" ","price":10.56},{"type":"B","date":"2018-04-13T07:56:42.000Z","volume":6000,"label":" ","price":10.58},{"type":"B","date":"2018-04-13T07:56:44.000Z","volume":7000,"label":" ","price":10.58},{"type":"B","date":"2018-04-13T07:56:45.000Z","volume":7000,"label":" ","price":10.58},{"type":"B","date":"2018-04-13T07:56:46.000Z","volume":6000,"label":" ","price":10.58},{"type":"B","date":"2018-04-13T07:56:46.000Z","volume":1000,"label":" ","price":10.58},{"type":"B","date":"2018-04-13T07:57:17.000Z","volume":7000,"label":" ","price":10.58},{"type":"A","date":"2018-04-13T07:57:18.000Z","volume":27000,"label":" ","price":10.58},{"type":"A","date":"2018-04-13T07:57:19.000Z","volume":6000,"label":" ","price":10.58},{"type":"B","date":"2018-04-13T07:57:46.000Z","volume":3000,"label":" ","price":10.58},{"type":"A","date":"2018-04-13T07:57:46.000Z","volume":4000,"label":" ","price":10.58},{"type":"A","date":"2018-04-13T07:57:47.000Z","volume":1000,"label":" ","price":10.58},{"type":"A","date":"2018-04-13T07:57:47.000Z","volume":11000,"label":" ","price":10.6},{"type":"B","date":"2018-04-13T07:58:14.000Z","volume":7000,"label":" ","price":10.6},{"type":"A","date":"2018-04-13T07:58:57.000Z","volume":6000,"label":" ","price":10.6},{"type":"U","date":"2018-04-13T07:59:00.000Z","volume":1000,"label":"Y","price":10.6},{"type":"B","date":"2018-04-13T07:59:02.000Z","volume":2000,"label":"Y","price":10.58},{"type":"B","date":"2018-04-13T07:59:21.000Z","volume":4000,"label":" ","price":10.58},{"type":"B","date":"2018-04-13T07:59:21.000Z","volume":10000,"label":" ","price":10.54},{"type":"B","date":"2018-04-13T07:59:21.000Z","volume":5000,"label":" ","price":10.52},{"type":"B","date":"2018-04-13T07:59:21.000Z","volume":11000,"label":" ","price":10.5},{"type":"A","date":"2018-04-13T07:59:22.000Z","volume":6000,"label":" ","price":10.6},{"type":"A","date":"2018-04-13T07:59:48.000Z","volume":2000,"label":" ","price":10.62},{"type":"U","date":"2018-04-13T08:08:17.000Z","volume":74000,"label":"U","price":10.6}]