[{"type":"B","date":"2018-04-16T01:30:00.000Z","volume":1000,"label":"Y","price":19},{"type":"B","date":"2018-04-16T01:30:00.000Z","volume":3000,"label":" ","price":19},{"type":"U","date":"2018-04-16T01:31:21.000Z","volume":12000,"label":" ","price":18.9},{"type":"U","date":"2018-04-16T01:31:21.000Z","volume":1000,"label":" ","price":18.92},{"type":"B","date":"2018-04-16T01:31:23.000Z","volume":1000,"label":"Y","price":18.92},{"type":"B","date":"2018-04-16T01:31:32.000Z","volume":3000,"label":" ","price":18.92},{"type":"A","date":"2018-04-16T01:31:32.000Z","volume":13000,"label":" ","price":18.96},{"type":"A","date":"2018-04-16T01:31:32.000Z","volume":5000,"label":" ","price":19},{"type":"A","date":"2018-04-16T01:31:32.000Z","volume":31000,"label":" ","price":19.04},{"type":"A","date":"2018-04-16T01:31:32.000Z","volume":4000,"label":" ","price":19.06},{"type":"A","date":"2018-04-16T01:31:32.000Z","volume":47000,"label":" ","price":19.1},{"type":"A","date":"2018-04-16T01:32:47.000Z","volume":6000,"label":" ","price":19.08},{"type":"A","date":"2018-04-16T01:32:47.000Z","volume":24000,"label":" ","price":19.1},{"type":"B","date":"2018-04-16T01:33:20.000Z","volume":1000,"label":" ","price":19.02},{"type":"B","date":"2018-04-16T01:33:41.000Z","volume":4000,"label":" ","price":19.02},{"type":"B","date":"2018-04-16T01:33:41.000Z","volume":1000,"label":"Y","price":19.02},{"type":"B","date":"2018-04-16T01:33:50.000Z","volume":1000,"label":" ","price":19.02},{"type":"B","date":"2018-04-16T01:33:52.000Z","volume":1000,"label":" ","price":19},{"type":"B","date":"2018-04-16T01:34:14.000Z","volume":2000,"label":" ","price":19},{"type":"A","date":"2018-04-16T01:34:52.000Z","volume":5000,"label":" ","price":19.04},{"type":"A","date":"2018-04-16T01:34:52.000Z","volume":5000,"label":" ","price":19.06},{"type":"A","date":"2018-04-16T01:34:52.000Z","volume":18000,"label":" ","price":19.08},{"type":"A","date":"2018-04-16T01:34:52.000Z","volume":5000,"label":" ","price":19.1},{"type":"A","date":"2018-04-16T01:34:52.000Z","volume":50000,"label":" ","price":19.1},{"type":"A","date":"2018-04-16T01:34:52.000Z","volume":10000,"label":" ","price":19.1},{"type":"A","date":"2018-04-16T01:34:52.000Z","volume":7000,"label":" ","price":19.1},{"type":"A","date":"2018-04-16T01:34:53.000Z","volume":1000,"label":" ","price":19.08},{"type":"A","date":"2018-04-16T01:35:01.000Z","volume":5000,"label":" ","price":19.08},{"type":"A","date":"2018-04-16T01:35:02.000Z","volume":12000,"label":" ","price":19.08},{"type":"A","date":"2018-04-16T01:35:02.000Z","volume":3000,"label":" ","price":19.08},{"type":"B","date":"2018-04-16T01:35:27.000Z","volume":1000,"label":" ","price":19},{"type":"B","date":"2018-04-16T01:35:30.000Z","volume":1000,"label":" ","price":19.02},{"type":"B","date":"2018-04-16T01:36:46.000Z","volume":1000,"label":" ","price":19.04},{"type":"B","date":"2018-04-16T01:36:57.000Z","volume":1000,"label":" ","price":19.04},{"type":"B","date":"2018-04-16T01:37:21.000Z","volume":3000,"label":" ","price":19.04},{"type":"B","date":"2018-04-16T01:37:57.000Z","volume":5000,"label":" ","price":19.02},{"type":"B","date":"2018-04-16T01:37:57.000Z","volume":3000,"label":" ","price":19},{"type":"B","date":"2018-04-16T01:37:57.000Z","volume":1000,"label":" ","price":18.98},{"type":"A","date":"2018-04-16T01:38:35.000Z","volume":6000,"label":" ","price":19},{"type":"B","date":"2018-04-16T01:39:03.000Z","volume":4000,"label":" ","price":18.98},{"type":"B","date":"2018-04-16T01:40:06.000Z","volume":5000,"label":" ","price":18.96},{"type":"B","date":"2018-04-16T01:40:08.000Z","volume":3000,"label":" ","price":18.94},{"type":"B","date":"2018-04-16T01:40:10.000Z","volume":1000,"label":" ","price":18.92},{"type":"B","date":"2018-04-16T01:40:21.000Z","volume":1000,"label":" ","price":18.92},{"type":"B","date":"2018-04-16T01:40:28.000Z","volume":1000,"label":" ","price":18.92},{"type":"B","date":"2018-04-16T01:40:52.000Z","volume":1000,"label":" ","price":18.92},{"type":"B","date":"2018-04-16T01:40:52.000Z","volume":18000,"label":" ","price":18.9},{"type":"B","date":"2018-04-16T01:40:52.000Z","volume":1000,"label":" ","price":18.9},{"type":"A","date":"2018-04-16T01:40:56.000Z","volume":4000,"label":" ","price":18.94},{"type":"B","date":"2018-04-16T01:40:59.000Z","volume":2000,"label":" ","price":18.9},{"type":"B","date":"2018-04-16T01:41:00.000Z","volume":1000,"label":" ","price":18.9},{"type":"B","date":"2018-04-16T01:41:54.000Z","volume":21000,"label":" ","price":18.9},{"type":"B","date":"2018-04-16T01:42:30.000Z","volume":1000,"label":" ","price":18.82},{"type":"B","date":"2018-04-16T01:42:30.000Z","volume":1000,"label":" ","price":18.82},{"type":"B","date":"2018-04-16T01:42:42.000Z","volume":3000,"label":" ","price":18.8},{"type":"A","date":"2018-04-16T01:42:44.000Z","volume":1000,"label":" ","price":18.8},{"type":"B","date":"2018-04-16T01:43:14.000Z","volume":1000,"label":" ","price":18.78},{"type":"B","date":"2018-04-16T01:43:14.000Z","volume":2000,"label":" ","price":18.76},{"type":"B","date":"2018-04-16T01:43:14.000Z","volume":1000,"label":" ","price":18.74},{"type":"B","date":"2018-04-16T01:43:14.000Z","volume":1000,"label":" ","price":18.72},{"type":"B","date":"2018-04-16T01:43:14.000Z","volume":1000,"label":" ","price":18.7},{"type":"B","date":"2018-04-16T01:43:14.000Z","volume":1000,"label":" ","price":18.68},{"type":"B","date":"2018-04-16T01:43:15.000Z","volume":1000,"label":" ","price":18.66},{"type":"B","date":"2018-04-16T01:43:15.000Z","volume":7000,"label":" ","price":18.66},{"type":"A","date":"2018-04-16T01:43:15.000Z","volume":7000,"label":" ","price":18.68},{"type":"A","date":"2018-04-16T01:43:15.000Z","volume":1000,"label":" ","price":18.68},{"type":"A","date":"2018-04-16T01:43:15.000Z","volume":1000,"label":" ","price":18.7},{"type":"A","date":"2018-04-16T01:43:18.000Z","volume":4000,"label":" ","price":18.78},{"type":"A","date":"2018-04-16T01:43:18.000Z","volume":1000,"label":" ","price":18.8},{"type":"B","date":"2018-04-16T01:43:23.000Z","volume":1000,"label":" ","price":18.64},{"type":"B","date":"2018-04-16T01:43:23.000Z","volume":5000,"label":" ","price":18.64},{"type":"A","date":"2018-04-16T01:43:27.000Z","volume":2000,"label":" ","price":18.66},{"type":"A","date":"2018-04-16T01:43:27.000Z","volume":2000,"label":" ","price":18.68},{"type":"A","date":"2018-04-16T01:43:28.000Z","volume":1000,"label":" ","price":18.66},{"type":"B","date":"2018-04-16T01:43:29.000Z","volume":2000,"label":" ","price":18.66},{"type":"A","date":"2018-04-16T01:43:29.000Z","volume":2000,"label":" ","price":18.76},{"type":"B","date":"2018-04-16T01:43:30.000Z","volume":1000,"label":" ","price":18.66},{"type":"B","date":"2018-04-16T01:43:30.000Z","volume":1000,"label":" ","price":18.58},{"type":"B","date":"2018-04-16T01:43:30.000Z","volume":1000,"label":" ","price":18.58},{"type":"B","date":"2018-04-16T01:43:30.000Z","volume":1000,"label":" ","price":18.64},{"type":"B","date":"2018-04-16T01:43:31.000Z","volume":2000,"label":" ","price":18.54},{"type":"B","date":"2018-04-16T01:43:32.000Z","volume":2000,"label":" ","price":18.54},{"type":"B","date":"2018-04-16T01:43:33.000Z","volume":1000,"label":" ","price":18.6},{"type":"B","date":"2018-04-16T01:43:33.000Z","volume":1000,"label":" ","price":18.54},{"type":"B","date":"2018-04-16T01:43:37.000Z","volume":5000,"label":" ","price":18.52},{"type":"B","date":"2018-04-16T01:43:37.000Z","volume":1000,"label":" ","price":18.52},{"type":"B","date":"2018-04-16T01:43:37.000Z","volume":1000,"label":" ","price":18.52},{"type":"B","date":"2018-04-16T01:43:37.000Z","volume":1000,"label":" ","price":18.52},{"type":"A","date":"2018-04-16T01:43:43.000Z","volume":1000,"label":" ","price":18.7},{"type":"U","date":"2018-04-16T01:43:44.000Z","volume":2000,"label":" ","price":18.8},{"type":"B","date":"2018-04-16T01:43:50.000Z","volume":6000,"label":" ","price":18.7},{"type":"B","date":"2018-04-16T01:43:50.000Z","volume":4000,"label":" ","price":18.7},{"type":"B","date":"2018-04-16T01:44:44.000Z","volume":13000,"label":"Y","price":18.68},{"type":"B","date":"2018-04-16T01:44:45.000Z","volume":1000,"label":" ","price":18.68},{"type":"A","date":"2018-04-16T01:44:46.000Z","volume":1000,"label":" ","price":18.7},{"type":"A","date":"2018-04-16T01:44:47.000Z","volume":2000,"label":" ","price":18.74},{"type":"A","date":"2018-04-16T01:45:16.000Z","volume":3000,"label":" ","price":18.74},{"type":"A","date":"2018-04-16T01:45:16.000Z","volume":2000,"label":" ","price":18.8},{"type":"A","date":"2018-04-16T01:45:16.000Z","volume":3000,"label":" ","price":18.82},{"type":"B","date":"2018-04-16T01:46:20.000Z","volume":2000,"label":" ","price":18.78},{"type":"B","date":"2018-04-16T01:46:20.000Z","volume":4000,"label":" ","price":18.78},{"type":"B","date":"2018-04-16T01:46:21.000Z","volume":1000,"label":" ","price":18.76},{"type":"A","date":"2018-04-16T01:48:47.000Z","volume":1000,"label":" ","price":18.76},{"type":"A","date":"2018-04-16T01:48:49.000Z","volume":1000,"label":" ","price":18.76},{"type":"B","date":"2018-04-16T01:50:26.000Z","volume":1000,"label":" ","price":18.76},{"type":"A","date":"2018-04-16T01:52:04.000Z","volume":1000,"label":" ","price":18.78},{"type":"A","date":"2018-04-16T01:52:06.000Z","volume":1000,"label":" ","price":18.78},{"type":"B","date":"2018-04-16T01:52:22.000Z","volume":1000,"label":" ","price":18.76},{"type":"A","date":"2018-04-16T01:52:24.000Z","volume":1000,"label":" ","price":18.78},{"type":"A","date":"2018-04-16T01:53:21.000Z","volume":4000,"label":" ","price":18.78},{"type":"A","date":"2018-04-16T01:53:21.000Z","volume":6000,"label":" ","price":18.8},{"type":"A","date":"2018-04-16T01:53:21.000Z","volume":90000,"label":" ","price":18.82},{"type":"U","date":"2018-04-16T01:53:23.000Z","volume":1000,"label":" ","price":18.8},{"type":"A","date":"2018-04-16T01:53:24.000Z","volume":15000,"label":" ","price":18.82},{"type":"A","date":"2018-04-16T01:53:51.000Z","volume":22000,"label":" ","price":18.88},{"type":"A","date":"2018-04-16T01:53:51.000Z","volume":78000,"label":" ","price":18.9},{"type":"A","date":"2018-04-16T01:53:51.000Z","volume":7000,"label":" ","price":18.9},{"type":"A","date":"2018-04-16T01:53:51.000Z","volume":7000,"label":" ","price":18.96},{"type":"U","date":"2018-04-16T01:53:53.000Z","volume":4000,"label":" ","price":18.96},{"type":"A","date":"2018-04-16T01:53:53.000Z","volume":4000,"label":" ","price":18.98},{"type":"A","date":"2018-04-16T01:53:53.000Z","volume":1000,"label":" ","price":18.98},{"type":"A","date":"2018-04-16T01:53:53.000Z","volume":1000,"label":" ","price":18.98},{"type":"A","date":"2018-04-16T01:53:56.000Z","volume":4000,"label":" ","price":19},{"type":"B","date":"2018-04-16T01:53:57.000Z","volume":2000,"label":" ","price":18.98},{"type":"B","date":"2018-04-16T01:56:13.000Z","volume":1000,"label":" ","price":18.88},{"type":"B","date":"2018-04-16T01:57:19.000Z","volume":2000,"label":" ","price":18.88},{"type":"B","date":"2018-04-16T01:57:19.000Z","volume":1000,"label":" ","price":18.86},{"type":"B","date":"2018-04-16T01:57:19.000Z","volume":1000,"label":" ","price":18.86},{"type":"B","date":"2018-04-16T01:57:21.000Z","volume":2000,"label":" ","price":18.84},{"type":"B","date":"2018-04-16T01:57:23.000Z","volume":6000,"label":" ","price":18.82},{"type":"B","date":"2018-04-16T01:57:27.000Z","volume":2000,"label":" ","price":18.78},{"type":"B","date":"2018-04-16T01:57:29.000Z","volume":2000,"label":" ","price":18.76},{"type":"B","date":"2018-04-16T01:57:33.000Z","volume":2000,"label":" ","price":18.74},{"type":"A","date":"2018-04-16T01:57:35.000Z","volume":1000,"label":" ","price":18.74},{"type":"B","date":"2018-04-16T01:57:36.000Z","volume":1000,"label":" ","price":18.72},{"type":"A","date":"2018-04-16T01:59:26.000Z","volume":1000,"label":" ","price":18.74},{"type":"A","date":"2018-04-16T02:01:06.000Z","volume":1000,"label":" ","price":18.74},{"type":"A","date":"2018-04-16T02:01:06.000Z","volume":1000,"label":"Y","price":18.74},{"type":"A","date":"2018-04-16T02:01:06.000Z","volume":11000,"label":" ","price":18.74},{"type":"A","date":"2018-04-16T02:01:10.000Z","volume":2000,"label":" ","price":18.76},{"type":"A","date":"2018-04-16T02:01:17.000Z","volume":1000,"label":" ","price":18.9},{"type":"A","date":"2018-04-16T02:03:19.000Z","volume":78000,"label":" ","price":18.96},{"type":"A","date":"2018-04-16T02:03:19.000Z","volume":2000,"label":" ","price":18.98},{"type":"A","date":"2018-04-16T02:03:19.000Z","volume":4000,"label":"Y","price":19},{"type":"A","date":"2018-04-16T02:03:19.000Z","volume":16000,"label":" ","price":19},{"type":"A","date":"2018-04-16T02:03:20.000Z","volume":1000,"label":" ","price":18.96},{"type":"A","date":"2018-04-16T02:03:20.000Z","volume":1000,"label":" ","price":18.98},{"type":"A","date":"2018-04-16T02:03:20.000Z","volume":6000,"label":" ","price":19},{"type":"U","date":"2018-04-16T02:03:22.000Z","volume":3000,"label":" ","price":18.96},{"type":"U","date":"2018-04-16T02:04:26.000Z","volume":1000,"label":" ","price":18.88},{"type":"A","date":"2018-04-16T02:04:28.000Z","volume":1000,"label":" ","price":19},{"type":"B","date":"2018-04-16T02:06:45.000Z","volume":3000,"label":" ","price":18.88},{"type":"A","date":"2018-04-16T02:06:45.000Z","volume":2000,"label":" ","price":18.9},{"type":"A","date":"2018-04-16T02:06:45.000Z","volume":1000,"label":" ","price":18.9},{"type":"U","date":"2018-04-16T02:06:46.000Z","volume":1000,"label":" ","price":18.9},{"type":"U","date":"2018-04-16T02:06:46.000Z","volume":1000,"label":" ","price":18.9},{"type":"A","date":"2018-04-16T02:07:15.000Z","volume":1000,"label":" ","price":18.92},{"type":"A","date":"2018-04-16T02:07:17.000Z","volume":1000,"label":" ","price":18.92},{"type":"A","date":"2018-04-16T02:07:17.000Z","volume":1000,"label":" ","price":18.92},{"type":"B","date":"2018-04-16T02:07:18.000Z","volume":5000,"label":" ","price":18.96},{"type":"B","date":"2018-04-16T02:07:18.000Z","volume":6000,"label":" ","price":18.96},{"type":"A","date":"2018-04-16T02:07:21.000Z","volume":1000,"label":" ","price":18.98},{"type":"B","date":"2018-04-16T02:07:41.000Z","volume":2000,"label":" ","price":18.94},{"type":"B","date":"2018-04-16T02:07:41.000Z","volume":3000,"label":" ","price":18.92},{"type":"A","date":"2018-04-16T02:07:44.000Z","volume":1000,"label":" ","price":18.96},{"type":"B","date":"2018-04-16T02:09:01.000Z","volume":2000,"label":" ","price":18.92},{"type":"B","date":"2018-04-16T02:09:19.000Z","volume":2000,"label":" ","price":18.92},{"type":"B","date":"2018-04-16T02:10:00.000Z","volume":3000,"label":" ","price":18.84},{"type":"A","date":"2018-04-16T02:10:42.000Z","volume":6000,"label":" ","price":18.86},{"type":"A","date":"2018-04-16T02:10:45.000Z","volume":2000,"label":" ","price":18.86},{"type":"A","date":"2018-04-16T02:13:06.000Z","volume":1000,"label":" ","price":18.86},{"type":"A","date":"2018-04-16T02:13:46.000Z","volume":5000,"label":" ","price":18.86},{"type":"A","date":"2018-04-16T02:13:46.000Z","volume":1000,"label":" ","price":18.88},{"type":"B","date":"2018-04-16T02:13:50.000Z","volume":1000,"label":" ","price":18.96},{"type":"B","date":"2018-04-16T02:13:52.000Z","volume":1000,"label":" ","price":18.94},{"type":"A","date":"2018-04-16T02:14:11.000Z","volume":1000,"label":" ","price":18.98},{"type":"B","date":"2018-04-16T02:17:18.000Z","volume":1000,"label":" ","price":18.86},{"type":"A","date":"2018-04-16T02:17:31.000Z","volume":1000,"label":" ","price":18.88},{"type":"A","date":"2018-04-16T02:17:34.000Z","volume":1000,"label":" ","price":18.9},{"type":"A","date":"2018-04-16T02:17:47.000Z","volume":1000,"label":" ","price":18.9},{"type":"A","date":"2018-04-16T02:20:51.000Z","volume":1000,"label":"Y","price":18.9},{"type":"A","date":"2018-04-16T02:20:51.000Z","volume":1000,"label":" ","price":18.9},{"type":"B","date":"2018-04-16T02:21:06.000Z","volume":1000,"label":" ","price":18.86},{"type":"A","date":"2018-04-16T02:21:09.000Z","volume":1000,"label":" ","price":18.9},{"type":"B","date":"2018-04-16T02:21:10.000Z","volume":1000,"label":" ","price":18.86},{"type":"A","date":"2018-04-16T02:24:11.000Z","volume":1000,"label":"Y","price":18.9},{"type":"A","date":"2018-04-16T02:24:26.000Z","volume":3000,"label":" ","price":18.9},{"type":"A","date":"2018-04-16T02:24:28.000Z","volume":1000,"label":" ","price":18.9},{"type":"A","date":"2018-04-16T02:24:29.000Z","volume":1000,"label":" ","price":18.9},{"type":"A","date":"2018-04-16T02:24:29.000Z","volume":3000,"label":" ","price":18.92},{"type":"A","date":"2018-04-16T02:24:32.000Z","volume":1000,"label":" ","price":18.9},{"type":"A","date":"2018-04-16T02:24:34.000Z","volume":1000,"label":" ","price":18.9},{"type":"A","date":"2018-04-16T02:24:34.000Z","volume":1000,"label":" ","price":18.9},{"type":"A","date":"2018-04-16T02:26:30.000Z","volume":3000,"label":" ","price":18.9},{"type":"A","date":"2018-04-16T02:26:30.000Z","volume":1000,"label":" ","price":18.9},{"type":"A","date":"2018-04-16T02:26:31.000Z","volume":1000,"label":" ","price":18.9},{"type":"A","date":"2018-04-16T02:26:31.000Z","volume":1000,"label":" ","price":18.9},{"type":"U","date":"2018-04-16T02:26:31.000Z","volume":1000,"label":" ","price":18.9},{"type":"U","date":"2018-04-16T02:26:31.000Z","volume":1000,"label":" ","price":18.9},{"type":"A","date":"2018-04-16T02:26:32.000Z","volume":1000,"label":" ","price":18.94},{"type":"B","date":"2018-04-16T02:26:32.000Z","volume":1000,"label":"Y","price":18.92},{"type":"B","date":"2018-04-16T02:26:32.000Z","volume":1000,"label":" ","price":18.92},{"type":"B","date":"2018-04-16T02:26:32.000Z","volume":1000,"label":" ","price":18.9},{"type":"A","date":"2018-04-16T02:26:48.000Z","volume":1000,"label":" ","price":18.9},{"type":"A","date":"2018-04-16T02:26:48.000Z","volume":1000,"label":" ","price":18.9},{"type":"A","date":"2018-04-16T02:26:51.000Z","volume":1000,"label":" ","price":18.9},{"type":"A","date":"2018-04-16T02:26:51.000Z","volume":3000,"label":" ","price":18.9},{"type":"A","date":"2018-04-16T02:26:51.000Z","volume":1000,"label":" ","price":18.92},{"type":"A","date":"2018-04-16T02:26:52.000Z","volume":1000,"label":" ","price":18.9},{"type":"A","date":"2018-04-16T02:26:52.000Z","volume":1000,"label":" ","price":18.9},{"type":"A","date":"2018-04-16T02:26:53.000Z","volume":1000,"label":" ","price":18.9},{"type":"A","date":"2018-04-16T02:26:54.000Z","volume":1000,"label":" ","price":18.9},{"type":"U","date":"2018-04-16T02:26:54.000Z","volume":1000,"label":" ","price":18.9},{"type":"A","date":"2018-04-16T02:26:54.000Z","volume":1000,"label":" ","price":18.9},{"type":"B","date":"2018-04-16T02:26:55.000Z","volume":1000,"label":" ","price":18.9},{"type":"A","date":"2018-04-16T02:26:58.000Z","volume":1000,"label":" ","price":18.9},{"type":"B","date":"2018-04-16T02:26:58.000Z","volume":2000,"label":" ","price":18.9},{"type":"A","date":"2018-04-16T02:27:00.000Z","volume":1000,"label":" ","price":18.9},{"type":"A","date":"2018-04-16T02:27:02.000Z","volume":1000,"label":" ","price":18.9},{"type":"A","date":"2018-04-16T02:27:02.000Z","volume":1000,"label":" ","price":18.9},{"type":"A","date":"2018-04-16T02:27:03.000Z","volume":1000,"label":" ","price":18.9},{"type":"A","date":"2018-04-16T02:27:03.000Z","volume":1000,"label":" ","price":18.9},{"type":"B","date":"2018-04-16T02:27:04.000Z","volume":1000,"label":" ","price":18.94},{"type":"B","date":"2018-04-16T02:27:05.000Z","volume":1000,"label":" ","price":18.94},{"type":"A","date":"2018-04-16T02:31:13.000Z","volume":1000,"label":" ","price":18.96},{"type":"B","date":"2018-04-16T02:31:17.000Z","volume":1000,"label":"Y","price":18.92},{"type":"B","date":"2018-04-16T02:31:17.000Z","volume":5000,"label":" ","price":18.92},{"type":"B","date":"2018-04-16T02:31:17.000Z","volume":1000,"label":" ","price":18.92},{"type":"A","date":"2018-04-16T02:31:17.000Z","volume":1000,"label":" ","price":18.94},{"type":"A","date":"2018-04-16T02:31:24.000Z","volume":2000,"label":" ","price":18.94},{"type":"B","date":"2018-04-16T02:31:24.000Z","volume":3000,"label":" ","price":18.92},{"type":"A","date":"2018-04-16T02:31:27.000Z","volume":2000,"label":" ","price":18.94},{"type":"A","date":"2018-04-16T02:32:10.000Z","volume":1000,"label":" ","price":18.94},{"type":"A","date":"2018-04-16T02:33:08.000Z","volume":2000,"label":" ","price":18.94},{"type":"A","date":"2018-04-16T02:35:56.000Z","volume":2000,"label":" ","price":18.96},{"type":"A","date":"2018-04-16T02:35:58.000Z","volume":1000,"label":" ","price":18.96},{"type":"U","date":"2018-04-16T02:36:00.000Z","volume":1000,"label":" ","price":18.94},{"type":"B","date":"2018-04-16T02:37:28.000Z","volume":2000,"label":" ","price":18.92},{"type":"A","date":"2018-04-16T02:38:14.000Z","volume":1000,"label":"Y","price":18.94},{"type":"U","date":"2018-04-16T02:38:15.000Z","volume":2000,"label":" ","price":18.92},{"type":"B","date":"2018-04-16T02:38:16.000Z","volume":1000,"label":" ","price":18.92},{"type":"B","date":"2018-04-16T02:38:16.000Z","volume":1000,"label":" ","price":18.92},{"type":"B","date":"2018-04-16T02:38:18.000Z","volume":1000,"label":" ","price":18.92},{"type":"A","date":"2018-04-16T02:40:02.000Z","volume":1000,"label":" ","price":18.92},{"type":"A","date":"2018-04-16T02:40:51.000Z","volume":1000,"label":" ","price":18.92},{"type":"A","date":"2018-04-16T02:40:53.000Z","volume":1000,"label":" ","price":18.92},{"type":"A","date":"2018-04-16T02:40:54.000Z","volume":1000,"label":" ","price":18.92},{"type":"A","date":"2018-04-16T02:41:10.000Z","volume":1000,"label":" ","price":18.92},{"type":"A","date":"2018-04-16T02:41:54.000Z","volume":1000,"label":" ","price":18.92},{"type":"B","date":"2018-04-16T02:41:54.000Z","volume":1000,"label":" ","price":18.9},{"type":"A","date":"2018-04-16T02:42:27.000Z","volume":4000,"label":" ","price":18.92},{"type":"B","date":"2018-04-16T02:42:28.000Z","volume":2000,"label":" ","price":18.92},{"type":"B","date":"2018-04-16T02:42:28.000Z","volume":2000,"label":" ","price":18.92},{"type":"A","date":"2018-04-16T02:43:31.000Z","volume":1000,"label":" ","price":18.92},{"type":"A","date":"2018-04-16T02:43:52.000Z","volume":1000,"label":"Y","price":18.92},{"type":"A","date":"2018-04-16T02:43:52.000Z","volume":1000,"label":" ","price":18.92},{"type":"A","date":"2018-04-16T02:43:52.000Z","volume":1000,"label":" ","price":18.92},{"type":"B","date":"2018-04-16T02:43:52.000Z","volume":1000,"label":" ","price":18.92},{"type":"U","date":"2018-04-16T02:43:53.000Z","volume":1000,"label":" ","price":18.92},{"type":"B","date":"2018-04-16T02:45:12.000Z","volume":1000,"label":" ","price":18.9},{"type":"B","date":"2018-04-16T02:45:13.000Z","volume":6000,"label":" ","price":18.9},{"type":"A","date":"2018-04-16T02:45:18.000Z","volume":2000,"label":" ","price":18.9},{"type":"B","date":"2018-04-16T02:45:53.000Z","volume":1000,"label":" ","price":18.88},{"type":"A","date":"2018-04-16T02:45:55.000Z","volume":1000,"label":" ","price":18.9},{"type":"A","date":"2018-04-16T02:45:55.000Z","volume":1000,"label":" ","price":18.9},{"type":"B","date":"2018-04-16T02:46:13.000Z","volume":1000,"label":"Y","price":18.88},{"type":"A","date":"2018-04-16T02:46:36.000Z","volume":2000,"label":"Y","price":18.92},{"type":"A","date":"2018-04-16T02:46:38.000Z","volume":1000,"label":" ","price":18.92},{"type":"A","date":"2018-04-16T02:46:41.000Z","volume":1000,"label":" ","price":18.92},{"type":"B","date":"2018-04-16T02:47:13.000Z","volume":1000,"label":"Y","price":18.88},{"type":"B","date":"2018-04-16T02:48:13.000Z","volume":1000,"label":"Y","price":18.88},{"type":"B","date":"2018-04-16T02:48:13.000Z","volume":5000,"label":" ","price":18.88},{"type":"A","date":"2018-04-16T02:48:15.000Z","volume":2000,"label":" ","price":18.92},{"type":"B","date":"2018-04-16T02:49:14.000Z","volume":1000,"label":" ","price":18.9},{"type":"A","date":"2018-04-16T02:49:16.000Z","volume":1000,"label":" ","price":18.92},{"type":"B","date":"2018-04-16T02:50:14.000Z","volume":1000,"label":" ","price":18.9},{"type":"B","date":"2018-04-16T02:50:17.000Z","volume":1000,"label":" ","price":18.9},{"type":"B","date":"2018-04-16T02:50:17.000Z","volume":1000,"label":" ","price":18.9},{"type":"A","date":"2018-04-16T02:50:20.000Z","volume":1000,"label":" ","price":18.92},{"type":"B","date":"2018-04-16T02:51:14.000Z","volume":1000,"label":" ","price":18.9},{"type":"B","date":"2018-04-16T02:52:15.000Z","volume":1000,"label":"Y","price":18.88},{"type":"B","date":"2018-04-16T02:52:15.000Z","volume":1000,"label":" ","price":18.88},{"type":"A","date":"2018-04-16T02:52:50.000Z","volume":10000,"label":" ","price":18.9},{"type":"A","date":"2018-04-16T02:52:50.000Z","volume":1000,"label":"Y","price":18.9},{"type":"A","date":"2018-04-16T02:52:50.000Z","volume":2000,"label":" ","price":18.9},{"type":"B","date":"2018-04-16T02:52:52.000Z","volume":1000,"label":" ","price":18.88},{"type":"A","date":"2018-04-16T02:52:52.000Z","volume":3000,"label":" ","price":18.9},{"type":"B","date":"2018-04-16T02:53:16.000Z","volume":1000,"label":" ","price":18.9},{"type":"A","date":"2018-04-16T02:53:17.000Z","volume":1000,"label":"Y","price":18.92},{"type":"B","date":"2018-04-16T02:53:34.000Z","volume":2000,"label":" ","price":18.9},{"type":"B","date":"2018-04-16T02:54:16.000Z","volume":1000,"label":" ","price":18.9},{"type":"B","date":"2018-04-16T02:55:16.000Z","volume":1000,"label":" ","price":18.9},{"type":"B","date":"2018-04-16T02:55:56.000Z","volume":1000,"label":"Y","price":18.9},{"type":"B","date":"2018-04-16T02:55:56.000Z","volume":1000,"label":" ","price":18.9},{"type":"A","date":"2018-04-16T02:55:58.000Z","volume":1000,"label":" ","price":18.9},{"type":"A","date":"2018-04-16T02:56:03.000Z","volume":1000,"label":" ","price":18.9},{"type":"A","date":"2018-04-16T02:56:04.000Z","volume":1000,"label":" ","price":18.9},{"type":"B","date":"2018-04-16T02:56:04.000Z","volume":20000,"label":" ","price":18.88},{"type":"B","date":"2018-04-16T02:56:04.000Z","volume":4000,"label":" ","price":18.88},{"type":"B","date":"2018-04-16T02:56:04.000Z","volume":2000,"label":" ","price":18.86},{"type":"B","date":"2018-04-16T02:56:04.000Z","volume":1000,"label":" ","price":18.86},{"type":"B","date":"2018-04-16T02:56:05.000Z","volume":2000,"label":" ","price":18.86},{"type":"B","date":"2018-04-16T02:56:06.000Z","volume":1000,"label":" ","price":18.86},{"type":"A","date":"2018-04-16T02:56:07.000Z","volume":3000,"label":" ","price":18.88},{"type":"A","date":"2018-04-16T02:56:09.000Z","volume":1000,"label":" ","price":18.88},{"type":"A","date":"2018-04-16T02:56:09.000Z","volume":1000,"label":" ","price":18.88},{"type":"B","date":"2018-04-16T02:56:16.000Z","volume":1000,"label":" ","price":18.86},{"type":"B","date":"2018-04-16T02:57:17.000Z","volume":1000,"label":" ","price":18.86},{"type":"B","date":"2018-04-16T02:58:18.000Z","volume":1000,"label":" ","price":18.86},{"type":"B","date":"2018-04-16T02:59:18.000Z","volume":1000,"label":" ","price":18.86},{"type":"U","date":"2018-04-16T02:59:18.000Z","volume":1000,"label":" ","price":18.88},{"type":"B","date":"2018-04-16T03:00:19.000Z","volume":1000,"label":"Y","price":18.86},{"type":"A","date":"2018-04-16T03:00:22.000Z","volume":1000,"label":" ","price":18.9},{"type":"B","date":"2018-04-16T03:01:19.000Z","volume":1000,"label":"Y","price":18.86},{"type":"B","date":"2018-04-16T03:02:19.000Z","volume":1000,"label":"Y","price":18.86},{"type":"B","date":"2018-04-16T03:03:20.000Z","volume":1000,"label":"Y","price":18.86},{"type":"B","date":"2018-04-16T03:03:20.000Z","volume":1000,"label":" ","price":18.86},{"type":"B","date":"2018-04-16T03:03:20.000Z","volume":1000,"label":" ","price":18.86},{"type":"B","date":"2018-04-16T03:03:21.000Z","volume":1000,"label":" ","price":18.88},{"type":"B","date":"2018-04-16T03:04:21.000Z","volume":1000,"label":"Y","price":18.86},{"type":"B","date":"2018-04-16T03:05:21.000Z","volume":1000,"label":"Y","price":18.86},{"type":"A","date":"2018-04-16T03:05:33.000Z","volume":1000,"label":" ","price":18.9},{"type":"B","date":"2018-04-16T03:06:22.000Z","volume":1000,"label":"Y","price":18.86},{"type":"B","date":"2018-04-16T03:06:22.000Z","volume":1000,"label":" ","price":18.86},{"type":"A","date":"2018-04-16T03:06:25.000Z","volume":1000,"label":" ","price":18.9},{"type":"A","date":"2018-04-16T03:06:50.000Z","volume":1000,"label":" ","price":18.88},{"type":"B","date":"2018-04-16T03:07:16.000Z","volume":3000,"label":" ","price":18.86},{"type":"B","date":"2018-04-16T03:07:22.000Z","volume":1000,"label":" ","price":18.86},{"type":"B","date":"2018-04-16T03:07:22.000Z","volume":1000,"label":" ","price":18.86},{"type":"B","date":"2018-04-16T03:08:22.000Z","volume":1000,"label":" ","price":18.86},{"type":"A","date":"2018-04-16T03:08:22.000Z","volume":1000,"label":" ","price":18.88},{"type":"B","date":"2018-04-16T03:09:23.000Z","volume":1000,"label":" ","price":18.86},{"type":"B","date":"2018-04-16T03:10:23.000Z","volume":1000,"label":" ","price":18.86},{"type":"B","date":"2018-04-16T03:10:23.000Z","volume":1000,"label":" ","price":18.86},{"type":"B","date":"2018-04-16T03:11:00.000Z","volume":5000,"label":" ","price":18.86},{"type":"A","date":"2018-04-16T03:11:04.000Z","volume":2000,"label":" ","price":18.86},{"type":"A","date":"2018-04-16T03:11:06.000Z","volume":1000,"label":" ","price":18.86},{"type":"A","date":"2018-04-16T03:11:08.000Z","volume":2000,"label":" ","price":18.86},{"type":"A","date":"2018-04-16T03:11:10.000Z","volume":1000,"label":" ","price":18.86},{"type":"A","date":"2018-04-16T03:11:12.000Z","volume":2000,"label":" ","price":18.86},{"type":"A","date":"2018-04-16T03:11:12.000Z","volume":1000,"label":" ","price":18.86},{"type":"B","date":"2018-04-16T03:11:24.000Z","volume":1000,"label":" ","price":18.84},{"type":"A","date":"2018-04-16T03:11:26.000Z","volume":1000,"label":" ","price":18.86},{"type":"A","date":"2018-04-16T03:11:44.000Z","volume":2000,"label":" ","price":18.86},{"type":"A","date":"2018-04-16T03:11:44.000Z","volume":1000,"label":" ","price":18.86},{"type":"A","date":"2018-04-16T03:12:10.000Z","volume":1000,"label":"Y","price":18.86},{"type":"A","date":"2018-04-16T03:12:10.000Z","volume":1000,"label":" ","price":18.86},{"type":"A","date":"2018-04-16T03:12:13.000Z","volume":1000,"label":" ","price":18.88},{"type":"B","date":"2018-04-16T03:12:24.000Z","volume":1000,"label":" ","price":18.84},{"type":"B","date":"2018-04-16T03:13:25.000Z","volume":1000,"label":" ","price":18.84},{"type":"U","date":"2018-04-16T03:13:25.000Z","volume":1000,"label":" ","price":18.86},{"type":"A","date":"2018-04-16T03:14:10.000Z","volume":1000,"label":" ","price":18.86},{"type":"A","date":"2018-04-16T03:14:12.000Z","volume":1000,"label":" ","price":18.86},{"type":"A","date":"2018-04-16T03:14:12.000Z","volume":1000,"label":" ","price":18.86},{"type":"B","date":"2018-04-16T03:14:25.000Z","volume":1000,"label":" ","price":18.84},{"type":"B","date":"2018-04-16T03:15:25.000Z","volume":1000,"label":" ","price":18.84},{"type":"B","date":"2018-04-16T03:16:26.000Z","volume":1000,"label":" ","price":18.84},{"type":"B","date":"2018-04-16T03:16:30.000Z","volume":1000,"label":" ","price":18.86},{"type":"B","date":"2018-04-16T03:16:30.000Z","volume":1000,"label":" ","price":18.86},{"type":"B","date":"2018-04-16T03:17:27.000Z","volume":1000,"label":" ","price":18.84},{"type":"A","date":"2018-04-16T03:18:01.000Z","volume":1000,"label":" ","price":18.86},{"type":"A","date":"2018-04-16T03:18:02.000Z","volume":1000,"label":" ","price":18.86},{"type":"A","date":"2018-04-16T03:18:03.000Z","volume":1000,"label":" ","price":18.86},{"type":"A","date":"2018-04-16T03:18:24.000Z","volume":1000,"label":" ","price":18.86},{"type":"A","date":"2018-04-16T03:18:27.000Z","volume":2000,"label":" ","price":18.86},{"type":"B","date":"2018-04-16T03:18:27.000Z","volume":1000,"label":" ","price":18.86},{"type":"A","date":"2018-04-16T03:18:28.000Z","volume":1000,"label":" ","price":18.86},{"type":"A","date":"2018-04-16T03:18:30.000Z","volume":1000,"label":" ","price":18.86},{"type":"B","date":"2018-04-16T03:19:28.000Z","volume":1000,"label":" ","price":18.84},{"type":"B","date":"2018-04-16T03:20:24.000Z","volume":7000,"label":" ","price":18.84},{"type":"B","date":"2018-04-16T03:20:24.000Z","volume":1000,"label":" ","price":18.82},{"type":"B","date":"2018-04-16T03:20:24.000Z","volume":1000,"label":" ","price":18.82},{"type":"A","date":"2018-04-16T03:20:24.000Z","volume":2000,"label":" ","price":18.84},{"type":"B","date":"2018-04-16T03:21:28.000Z","volume":1000,"label":" ","price":18.82},{"type":"B","date":"2018-04-16T03:21:28.000Z","volume":1000,"label":" ","price":18.82},{"type":"A","date":"2018-04-16T03:21:44.000Z","volume":1000,"label":" ","price":18.84},{"type":"B","date":"2018-04-16T03:21:45.000Z","volume":1000,"label":" ","price":18.82},{"type":"B","date":"2018-04-16T03:22:29.000Z","volume":1000,"label":" ","price":18.82},{"type":"A","date":"2018-04-16T03:22:41.000Z","volume":2000,"label":" ","price":18.84},{"type":"B","date":"2018-04-16T03:23:30.000Z","volume":1000,"label":" ","price":18.82},{"type":"B","date":"2018-04-16T03:23:48.000Z","volume":2000,"label":" ","price":18.82},{"type":"B","date":"2018-04-16T03:24:30.000Z","volume":1000,"label":" ","price":18.82},{"type":"A","date":"2018-04-16T03:24:32.000Z","volume":1000,"label":" ","price":18.84},{"type":"B","date":"2018-04-16T03:25:30.000Z","volume":1000,"label":" ","price":18.82},{"type":"B","date":"2018-04-16T03:26:31.000Z","volume":1000,"label":" ","price":18.82},{"type":"B","date":"2018-04-16T03:26:31.000Z","volume":1000,"label":"Y","price":18.82},{"type":"B","date":"2018-04-16T03:27:31.000Z","volume":1000,"label":" ","price":18.8},{"type":"B","date":"2018-04-16T03:28:31.000Z","volume":1000,"label":" ","price":18.8},{"type":"A","date":"2018-04-16T03:28:31.000Z","volume":1000,"label":" ","price":18.82},{"type":"B","date":"2018-04-16T03:29:33.000Z","volume":1000,"label":" ","price":18.8},{"type":"A","date":"2018-04-16T03:29:36.000Z","volume":1000,"label":" ","price":18.84},{"type":"B","date":"2018-04-16T03:30:33.000Z","volume":1000,"label":" ","price":18.82},{"type":"A","date":"2018-04-16T03:30:53.000Z","volume":4000,"label":" ","price":18.84},{"type":"A","date":"2018-04-16T03:30:53.000Z","volume":1000,"label":" ","price":18.84},{"type":"A","date":"2018-04-16T03:30:55.000Z","volume":2000,"label":" ","price":18.84},{"type":"A","date":"2018-04-16T03:30:57.000Z","volume":1000,"label":" ","price":18.84},{"type":"A","date":"2018-04-16T03:31:02.000Z","volume":1000,"label":" ","price":18.84},{"type":"A","date":"2018-04-16T03:31:06.000Z","volume":3000,"label":" ","price":18.84},{"type":"A","date":"2018-04-16T03:31:06.000Z","volume":3000,"label":" ","price":18.84},{"type":"A","date":"2018-04-16T03:31:08.000Z","volume":2000,"label":" ","price":18.86},{"type":"A","date":"2018-04-16T03:31:08.000Z","volume":1000,"label":" ","price":18.86},{"type":"B","date":"2018-04-16T03:31:33.000Z","volume":1000,"label":" ","price":18.84},{"type":"B","date":"2018-04-16T03:32:34.000Z","volume":1000,"label":" ","price":18.82},{"type":"A","date":"2018-04-16T03:32:36.000Z","volume":1000,"label":" ","price":18.86},{"type":"B","date":"2018-04-16T03:33:34.000Z","volume":1000,"label":" ","price":18.84},{"type":"A","date":"2018-04-16T03:33:41.000Z","volume":1000,"label":" ","price":18.86},{"type":"B","date":"2018-04-16T03:34:34.000Z","volume":1000,"label":" ","price":18.82},{"type":"B","date":"2018-04-16T03:35:35.000Z","volume":1000,"label":" ","price":18.82},{"type":"B","date":"2018-04-16T03:36:35.000Z","volume":1000,"label":" ","price":18.82},{"type":"A","date":"2018-04-16T03:37:08.000Z","volume":2000,"label":" ","price":18.86},{"type":"A","date":"2018-04-16T03:37:09.000Z","volume":1000,"label":" ","price":18.86},{"type":"A","date":"2018-04-16T03:37:12.000Z","volume":1000,"label":" ","price":18.86},{"type":"B","date":"2018-04-16T03:37:37.000Z","volume":1000,"label":" ","price":18.82},{"type":"B","date":"2018-04-16T03:38:37.000Z","volume":1000,"label":" ","price":18.82},{"type":"A","date":"2018-04-16T03:38:38.000Z","volume":1000,"label":"Y","price":18.86},{"type":"A","date":"2018-04-16T03:38:41.000Z","volume":2000,"label":" ","price":18.86},{"type":"A","date":"2018-04-16T03:38:43.000Z","volume":1000,"label":" ","price":18.88},{"type":"B","date":"2018-04-16T03:39:38.000Z","volume":1000,"label":" ","price":18.86},{"type":"B","date":"2018-04-16T03:40:38.000Z","volume":1000,"label":" ","price":18.84},{"type":"B","date":"2018-04-16T03:41:38.000Z","volume":1000,"label":" ","price":18.84},{"type":"A","date":"2018-04-16T03:41:40.000Z","volume":1000,"label":" ","price":18.86},{"type":"B","date":"2018-04-16T03:42:38.000Z","volume":1000,"label":" ","price":18.84},{"type":"A","date":"2018-04-16T03:43:08.000Z","volume":1000,"label":" ","price":18.88},{"type":"B","date":"2018-04-16T03:43:40.000Z","volume":1000,"label":" ","price":18.84},{"type":"B","date":"2018-04-16T03:44:40.000Z","volume":1000,"label":" ","price":18.84},{"type":"B","date":"2018-04-16T03:45:40.000Z","volume":1000,"label":" ","price":18.84},{"type":"B","date":"2018-04-16T03:46:41.000Z","volume":1000,"label":" ","price":18.84},{"type":"B","date":"2018-04-16T03:47:41.000Z","volume":1000,"label":" ","price":18.84},{"type":"B","date":"2018-04-16T03:47:41.000Z","volume":1000,"label":" ","price":18.84},{"type":"B","date":"2018-04-16T03:48:41.000Z","volume":1000,"label":" ","price":18.84},{"type":"B","date":"2018-04-16T03:49:38.000Z","volume":1000,"label":" ","price":18.84},{"type":"B","date":"2018-04-16T03:49:42.000Z","volume":1000,"label":" ","price":18.84},{"type":"A","date":"2018-04-16T03:49:56.000Z","volume":4000,"label":" ","price":18.84},{"type":"A","date":"2018-04-16T03:49:56.000Z","volume":1000,"label":" ","price":18.84},{"type":"B","date":"2018-04-16T03:50:43.000Z","volume":1000,"label":" ","price":18.82},{"type":"A","date":"2018-04-16T03:51:39.000Z","volume":1000,"label":" ","price":18.84},{"type":"A","date":"2018-04-16T03:51:39.000Z","volume":1000,"label":" ","price":18.84},{"type":"B","date":"2018-04-16T03:51:43.000Z","volume":1000,"label":" ","price":18.82},{"type":"A","date":"2018-04-16T03:52:05.000Z","volume":1000,"label":" ","price":18.86},{"type":"B","date":"2018-04-16T03:52:43.000Z","volume":1000,"label":" ","price":18.84},{"type":"B","date":"2018-04-16T03:53:44.000Z","volume":1000,"label":" ","price":18.82},{"type":"B","date":"2018-04-16T03:54:44.000Z","volume":1000,"label":" ","price":18.82},{"type":"B","date":"2018-04-16T03:55:44.000Z","volume":1000,"label":" ","price":18.82},{"type":"A","date":"2018-04-16T03:55:49.000Z","volume":1000,"label":"Y","price":18.84},{"type":"A","date":"2018-04-16T03:55:51.000Z","volume":1000,"label":" ","price":18.84},{"type":"B","date":"2018-04-16T03:56:46.000Z","volume":1000,"label":" ","price":18.82},{"type":"A","date":"2018-04-16T03:56:49.000Z","volume":1000,"label":" ","price":18.84},{"type":"A","date":"2018-04-16T03:56:51.000Z","volume":1000,"label":" ","price":18.84},{"type":"A","date":"2018-04-16T03:56:51.000Z","volume":1000,"label":" ","price":18.84},{"type":"B","date":"2018-04-16T03:57:46.000Z","volume":1000,"label":" ","price":18.82},{"type":"B","date":"2018-04-16T03:58:46.000Z","volume":1000,"label":" ","price":18.82},{"type":"A","date":"2018-04-16T03:58:48.000Z","volume":1000,"label":" ","price":18.86},{"type":"B","date":"2018-04-16T03:59:46.000Z","volume":1000,"label":" ","price":18.84},{"type":"B","date":"2018-04-16T05:00:03.000Z","volume":1000,"label":" ","price":18.84},{"type":"B","date":"2018-04-16T05:01:03.000Z","volume":1000,"label":" ","price":18.84},{"type":"B","date":"2018-04-16T05:02:04.000Z","volume":1000,"label":" ","price":18.84},{"type":"A","date":"2018-04-16T05:02:11.000Z","volume":1000,"label":" ","price":18.86},{"type":"A","date":"2018-04-16T05:02:11.000Z","volume":9000,"label":" ","price":18.86},{"type":"A","date":"2018-04-16T05:02:11.000Z","volume":2000,"label":" ","price":18.86},{"type":"A","date":"2018-04-16T05:02:13.000Z","volume":3000,"label":" ","price":18.88},{"type":"A","date":"2018-04-16T05:02:13.000Z","volume":1000,"label":" ","price":18.88},{"type":"A","date":"2018-04-16T05:02:44.000Z","volume":2000,"label":" ","price":18.88},{"type":"A","date":"2018-04-16T05:02:48.000Z","volume":1000,"label":" ","price":18.88},{"type":"B","date":"2018-04-16T05:03:04.000Z","volume":1000,"label":" ","price":18.86},{"type":"A","date":"2018-04-16T05:03:06.000Z","volume":1000,"label":" ","price":18.88},{"type":"B","date":"2018-04-16T05:04:04.000Z","volume":1000,"label":" ","price":18.86},{"type":"B","date":"2018-04-16T05:04:55.000Z","volume":4000,"label":" ","price":18.86},{"type":"B","date":"2018-04-16T05:04:55.000Z","volume":4000,"label":" ","price":18.86},{"type":"B","date":"2018-04-16T05:05:04.000Z","volume":1000,"label":" ","price":18.84},{"type":"B","date":"2018-04-16T05:05:04.000Z","volume":8000,"label":" ","price":18.84},{"type":"B","date":"2018-04-16T05:05:04.000Z","volume":3000,"label":" ","price":18.84},{"type":"B","date":"2018-04-16T05:05:04.000Z","volume":1000,"label":" ","price":18.84},{"type":"B","date":"2018-04-16T05:05:05.000Z","volume":1000,"label":" ","price":18.84},{"type":"A","date":"2018-04-16T05:05:05.000Z","volume":1000,"label":" ","price":18.84},{"type":"B","date":"2018-04-16T05:05:06.000Z","volume":1000,"label":" ","price":18.82},{"type":"A","date":"2018-04-16T05:05:08.000Z","volume":1000,"label":" ","price":18.84},{"type":"B","date":"2018-04-16T05:06:06.000Z","volume":1000,"label":" ","price":18.82},{"type":"B","date":"2018-04-16T05:07:06.000Z","volume":1000,"label":" ","price":18.82},{"type":"B","date":"2018-04-16T05:07:06.000Z","volume":1000,"label":" ","price":18.82},{"type":"B","date":"2018-04-16T05:08:06.000Z","volume":1000,"label":" ","price":18.82},{"type":"A","date":"2018-04-16T05:09:01.000Z","volume":3000,"label":"Y","price":18.84},{"type":"A","date":"2018-04-16T05:09:01.000Z","volume":11000,"label":" ","price":18.84},{"type":"A","date":"2018-04-16T05:09:03.000Z","volume":2000,"label":" ","price":18.84},{"type":"A","date":"2018-04-16T05:09:03.000Z","volume":1000,"label":" ","price":18.84},{"type":"A","date":"2018-04-16T05:09:04.000Z","volume":1000,"label":" ","price":18.86},{"type":"A","date":"2018-04-16T05:09:05.000Z","volume":1000,"label":" ","price":18.86},{"type":"B","date":"2018-04-16T05:09:07.000Z","volume":1000,"label":" ","price":18.84},{"type":"B","date":"2018-04-16T05:10:07.000Z","volume":1000,"label":" ","price":18.84},{"type":"A","date":"2018-04-16T05:10:10.000Z","volume":1000,"label":" ","price":18.88},{"type":"B","date":"2018-04-16T05:12:04.000Z","volume":1000,"label":" ","price":18.84},{"type":"B","date":"2018-04-16T05:16:18.000Z","volume":1000,"label":" ","price":18.84},{"type":"B","date":"2018-04-16T05:17:18.000Z","volume":1000,"label":" ","price":18.84},{"type":"B","date":"2018-04-16T05:18:19.000Z","volume":1000,"label":" ","price":18.84},{"type":"B","date":"2018-04-16T05:19:20.000Z","volume":1000,"label":" ","price":18.84},{"type":"B","date":"2018-04-16T05:19:20.000Z","volume":1000,"label":" ","price":18.84},{"type":"B","date":"2018-04-16T05:20:00.000Z","volume":1000,"label":" ","price":18.84},{"type":"B","date":"2018-04-16T05:20:08.000Z","volume":4000,"label":" ","price":18.84},{"type":"B","date":"2018-04-16T05:20:08.000Z","volume":1000,"label":" ","price":18.84},{"type":"B","date":"2018-04-16T05:20:21.000Z","volume":1000,"label":" ","price":18.82},{"type":"A","date":"2018-04-16T05:21:04.000Z","volume":1000,"label":" ","price":18.86},{"type":"B","date":"2018-04-16T05:21:21.000Z","volume":1000,"label":" ","price":18.82},{"type":"A","date":"2018-04-16T05:21:22.000Z","volume":1000,"label":" ","price":18.86},{"type":"B","date":"2018-04-16T05:22:22.000Z","volume":1000,"label":" ","price":18.82},{"type":"A","date":"2018-04-16T05:22:24.000Z","volume":1000,"label":" ","price":18.86},{"type":"B","date":"2018-04-16T05:23:22.000Z","volume":1000,"label":" ","price":18.84},{"type":"B","date":"2018-04-16T05:24:05.000Z","volume":6000,"label":" ","price":18.84},{"type":"B","date":"2018-04-16T05:24:05.000Z","volume":12000,"label":" ","price":18.82},{"type":"B","date":"2018-04-16T05:24:05.000Z","volume":23000,"label":" ","price":18.8},{"type":"B","date":"2018-04-16T05:24:05.000Z","volume":4000,"label":" ","price":18.8},{"type":"B","date":"2018-04-16T05:24:05.000Z","volume":4000,"label":" ","price":18.8},{"type":"B","date":"2018-04-16T05:24:05.000Z","volume":1000,"label":" ","price":18.8},{"type":"B","date":"2018-04-16T05:24:05.000Z","volume":4000,"label":" ","price":18.8},{"type":"B","date":"2018-04-16T05:24:05.000Z","volume":2000,"label":" ","price":18.8},{"type":"B","date":"2018-04-16T05:24:07.000Z","volume":1000,"label":" ","price":18.8},{"type":"B","date":"2018-04-16T05:24:22.000Z","volume":1000,"label":" ","price":18.78},{"type":"B","date":"2018-04-16T05:24:28.000Z","volume":2000,"label":" ","price":18.78},{"type":"B","date":"2018-04-16T05:24:28.000Z","volume":1000,"label":" ","price":18.78},{"type":"B","date":"2018-04-16T05:25:23.000Z","volume":1000,"label":" ","price":18.72},{"type":"B","date":"2018-04-16T05:26:24.000Z","volume":1000,"label":" ","price":18.74},{"type":"A","date":"2018-04-16T05:27:13.000Z","volume":1000,"label":" ","price":18.78},{"type":"B","date":"2018-04-16T05:27:24.000Z","volume":1000,"label":" ","price":18.74},{"type":"B","date":"2018-04-16T05:28:24.000Z","volume":1000,"label":" ","price":18.74},{"type":"B","date":"2018-04-16T05:29:25.000Z","volume":1000,"label":" ","price":18.74},{"type":"B","date":"2018-04-16T05:29:27.000Z","volume":1000,"label":" ","price":18.76},{"type":"B","date":"2018-04-16T05:30:25.000Z","volume":1000,"label":" ","price":18.74},{"type":"B","date":"2018-04-16T05:30:30.000Z","volume":1000,"label":" ","price":18.74},{"type":"B","date":"2018-04-16T05:31:26.000Z","volume":1000,"label":" ","price":18.74},{"type":"B","date":"2018-04-16T05:32:27.000Z","volume":1000,"label":" ","price":18.74},{"type":"B","date":"2018-04-16T05:33:27.000Z","volume":1000,"label":" ","price":18.74},{"type":"B","date":"2018-04-16T05:33:27.000Z","volume":2000,"label":" ","price":18.74},{"type":"B","date":"2018-04-16T05:34:27.000Z","volume":1000,"label":" ","price":18.74},{"type":"B","date":"2018-04-16T05:35:28.000Z","volume":1000,"label":" ","price":18.74},{"type":"B","date":"2018-04-16T05:36:25.000Z","volume":1000,"label":" ","price":18.74},{"type":"B","date":"2018-04-16T05:36:28.000Z","volume":1000,"label":" ","price":18.74},{"type":"A","date":"2018-04-16T05:36:30.000Z","volume":1000,"label":" ","price":18.76},{"type":"A","date":"2018-04-16T05:36:55.000Z","volume":12000,"label":" ","price":18.76},{"type":"A","date":"2018-04-16T05:36:57.000Z","volume":4000,"label":" ","price":18.76},{"type":"A","date":"2018-04-16T05:36:57.000Z","volume":2000,"label":" ","price":18.76},{"type":"A","date":"2018-04-16T05:36:57.000Z","volume":1000,"label":" ","price":18.76},{"type":"A","date":"2018-04-16T05:37:00.000Z","volume":1000,"label":" ","price":18.78},{"type":"B","date":"2018-04-16T05:37:28.000Z","volume":1000,"label":" ","price":18.76},{"type":"B","date":"2018-04-16T05:38:29.000Z","volume":1000,"label":" ","price":18.76},{"type":"B","date":"2018-04-16T05:39:30.000Z","volume":1000,"label":" ","price":18.74},{"type":"B","date":"2018-04-16T05:40:30.000Z","volume":1000,"label":" ","price":18.74},{"type":"B","date":"2018-04-16T05:41:31.000Z","volume":1000,"label":" ","price":18.74},{"type":"B","date":"2018-04-16T05:42:31.000Z","volume":1000,"label":" ","price":18.74},{"type":"B","date":"2018-04-16T05:43:31.000Z","volume":1000,"label":" ","price":18.74},{"type":"B","date":"2018-04-16T05:44:33.000Z","volume":1000,"label":" ","price":18.74},{"type":"B","date":"2018-04-16T05:45:33.000Z","volume":1000,"label":" ","price":18.74},{"type":"B","date":"2018-04-16T05:46:33.000Z","volume":1000,"label":" ","price":18.74},{"type":"A","date":"2018-04-16T05:47:16.000Z","volume":1000,"label":" ","price":18.78},{"type":"B","date":"2018-04-16T05:47:34.000Z","volume":1000,"label":" ","price":18.74},{"type":"B","date":"2018-04-16T05:48:34.000Z","volume":1000,"label":" ","price":18.74},{"type":"B","date":"2018-04-16T05:49:34.000Z","volume":1000,"label":" ","price":18.74},{"type":"B","date":"2018-04-16T05:50:36.000Z","volume":1000,"label":" ","price":18.74},{"type":"A","date":"2018-04-16T05:51:11.000Z","volume":1000,"label":" ","price":18.78},{"type":"B","date":"2018-04-16T05:51:36.000Z","volume":1000,"label":" ","price":18.74},{"type":"A","date":"2018-04-16T05:51:57.000Z","volume":2000,"label":" ","price":18.76},{"type":"B","date":"2018-04-16T05:52:36.000Z","volume":1000,"label":" ","price":18.74},{"type":"B","date":"2018-04-16T05:53:12.000Z","volume":7000,"label":" ","price":18.74},{"type":"B","date":"2018-04-16T05:53:36.000Z","volume":1000,"label":" ","price":18.72},{"type":"B","date":"2018-04-16T05:54:37.000Z","volume":1000,"label":" ","price":18.72},{"type":"B","date":"2018-04-16T05:55:36.000Z","volume":1000,"label":" ","price":18.72},{"type":"B","date":"2018-04-16T05:55:37.000Z","volume":1000,"label":" ","price":18.72},{"type":"B","date":"2018-04-16T05:55:41.000Z","volume":1000,"label":" ","price":18.72},{"type":"B","date":"2018-04-16T05:56:37.000Z","volume":1000,"label":" ","price":18.72},{"type":"B","date":"2018-04-16T05:57:39.000Z","volume":1000,"label":" ","price":18.72},{"type":"A","date":"2018-04-16T05:58:08.000Z","volume":2000,"label":" ","price":18.72},{"type":"A","date":"2018-04-16T05:58:08.000Z","volume":1000,"label":" ","price":18.72},{"type":"A","date":"2018-04-16T05:58:08.000Z","volume":2000,"label":" ","price":18.72},{"type":"A","date":"2018-04-16T05:58:08.000Z","volume":3000,"label":" ","price":18.72},{"type":"A","date":"2018-04-16T05:58:10.000Z","volume":3000,"label":" ","price":18.74},{"type":"A","date":"2018-04-16T05:58:10.000Z","volume":3000,"label":" ","price":18.74},{"type":"A","date":"2018-04-16T05:58:14.000Z","volume":1000,"label":" ","price":18.76},{"type":"B","date":"2018-04-16T05:58:39.000Z","volume":1000,"label":" ","price":18.72},{"type":"A","date":"2018-04-16T05:59:10.000Z","volume":1000,"label":" ","price":18.76},{"type":"A","date":"2018-04-16T05:59:12.000Z","volume":1000,"label":" ","price":18.76},{"type":"B","date":"2018-04-16T05:59:39.000Z","volume":1000,"label":" ","price":18.74},{"type":"B","date":"2018-04-16T06:00:40.000Z","volume":1000,"label":" ","price":18.74},{"type":"A","date":"2018-04-16T06:03:02.000Z","volume":1000,"label":" ","price":18.76},{"type":"A","date":"2018-04-16T06:03:06.000Z","volume":1000,"label":" ","price":18.76},{"type":"A","date":"2018-04-16T06:05:43.000Z","volume":1000,"label":" ","price":18.76},{"type":"A","date":"2018-04-16T06:06:43.000Z","volume":1000,"label":" ","price":18.76},{"type":"A","date":"2018-04-16T06:07:25.000Z","volume":1000,"label":" ","price":18.76},{"type":"A","date":"2018-04-16T06:07:28.000Z","volume":1000,"label":" ","price":18.76},{"type":"A","date":"2018-04-16T06:08:12.000Z","volume":1000,"label":" ","price":18.76},{"type":"A","date":"2018-04-16T06:10:23.000Z","volume":1000,"label":" ","price":18.76},{"type":"A","date":"2018-04-16T06:12:42.000Z","volume":1000,"label":" ","price":18.76},{"type":"A","date":"2018-04-16T06:12:44.000Z","volume":1000,"label":" ","price":18.76},{"type":"A","date":"2018-04-16T06:13:01.000Z","volume":10000,"label":" ","price":18.76},{"type":"A","date":"2018-04-16T06:13:04.000Z","volume":3000,"label":" ","price":18.78},{"type":"A","date":"2018-04-16T06:13:08.000Z","volume":1000,"label":" ","price":18.78},{"type":"A","date":"2018-04-16T06:13:22.000Z","volume":2000,"label":" ","price":18.78},{"type":"A","date":"2018-04-16T06:13:24.000Z","volume":1000,"label":" ","price":18.8},{"type":"A","date":"2018-04-16T06:14:03.000Z","volume":1000,"label":" ","price":18.8},{"type":"B","date":"2018-04-16T06:15:36.000Z","volume":1000,"label":" ","price":18.78},{"type":"A","date":"2018-04-16T06:15:38.000Z","volume":1000,"label":" ","price":18.8},{"type":"A","date":"2018-04-16T06:16:28.000Z","volume":1000,"label":" ","price":18.8},{"type":"B","date":"2018-04-16T06:16:46.000Z","volume":1000,"label":" ","price":18.78},{"type":"B","date":"2018-04-16T06:16:46.000Z","volume":3000,"label":" ","price":18.78},{"type":"B","date":"2018-04-16T06:17:47.000Z","volume":1000,"label":" ","price":18.78},{"type":"A","date":"2018-04-16T06:18:09.000Z","volume":1000,"label":" ","price":18.8},{"type":"A","date":"2018-04-16T06:18:12.000Z","volume":1000,"label":" ","price":18.8},{"type":"B","date":"2018-04-16T06:18:47.000Z","volume":1000,"label":" ","price":18.78},{"type":"A","date":"2018-04-16T06:19:46.000Z","volume":1000,"label":" ","price":18.8},{"type":"B","date":"2018-04-16T06:19:47.000Z","volume":1000,"label":" ","price":18.78},{"type":"A","date":"2018-04-16T06:19:49.000Z","volume":1000,"label":" ","price":18.8},{"type":"B","date":"2018-04-16T06:20:12.000Z","volume":9000,"label":" ","price":18.78},{"type":"A","date":"2018-04-16T06:20:14.000Z","volume":2000,"label":" ","price":18.8},{"type":"B","date":"2018-04-16T06:20:47.000Z","volume":1000,"label":" ","price":18.78},{"type":"A","date":"2018-04-16T06:21:24.000Z","volume":1000,"label":" ","price":18.8},{"type":"B","date":"2018-04-16T06:21:48.000Z","volume":1000,"label":" ","price":18.78},{"type":"A","date":"2018-04-16T06:22:43.000Z","volume":1000,"label":" ","price":18.8},{"type":"B","date":"2018-04-16T06:22:45.000Z","volume":1000,"label":" ","price":18.78},{"type":"B","date":"2018-04-16T06:22:48.000Z","volume":1000,"label":" ","price":18.78},{"type":"B","date":"2018-04-16T06:23:49.000Z","volume":1000,"label":" ","price":18.78},{"type":"B","date":"2018-04-16T06:24:50.000Z","volume":1000,"label":" ","price":18.78},{"type":"A","date":"2018-04-16T06:25:31.000Z","volume":1000,"label":" ","price":18.8},{"type":"B","date":"2018-04-16T06:25:50.000Z","volume":1000,"label":" ","price":18.78},{"type":"B","date":"2018-04-16T06:26:26.000Z","volume":11000,"label":" ","price":18.78},{"type":"B","date":"2018-04-16T06:26:48.000Z","volume":3000,"label":" ","price":18.76},{"type":"B","date":"2018-04-16T06:26:51.000Z","volume":1000,"label":" ","price":18.76},{"type":"B","date":"2018-04-16T06:27:51.000Z","volume":1000,"label":" ","price":18.76},{"type":"B","date":"2018-04-16T06:28:18.000Z","volume":1000,"label":" ","price":18.76},{"type":"B","date":"2018-04-16T06:28:51.000Z","volume":1000,"label":" ","price":18.76},{"type":"B","date":"2018-04-16T06:29:53.000Z","volume":1000,"label":" ","price":18.76},{"type":"B","date":"2018-04-16T06:30:53.000Z","volume":1000,"label":" ","price":18.76},{"type":"A","date":"2018-04-16T06:30:58.000Z","volume":19000,"label":" ","price":18.78},{"type":"A","date":"2018-04-16T06:30:58.000Z","volume":101000,"label":" ","price":18.8},{"type":"B","date":"2018-04-16T06:31:03.000Z","volume":2000,"label":" ","price":18.76},{"type":"A","date":"2018-04-16T06:31:08.000Z","volume":1000,"label":" ","price":18.78},{"type":"B","date":"2018-04-16T06:31:54.000Z","volume":1000,"label":" ","price":18.76},{"type":"A","date":"2018-04-16T06:32:13.000Z","volume":2000,"label":" ","price":18.78},{"type":"A","date":"2018-04-16T06:32:34.000Z","volume":1000,"label":" ","price":18.8},{"type":"A","date":"2018-04-16T06:32:37.000Z","volume":1000,"label":" ","price":18.8},{"type":"B","date":"2018-04-16T06:32:54.000Z","volume":1000,"label":" ","price":18.78},{"type":"B","date":"2018-04-16T06:33:11.000Z","volume":5000,"label":" ","price":18.78},{"type":"B","date":"2018-04-16T06:33:54.000Z","volume":1000,"label":" ","price":18.76},{"type":"A","date":"2018-04-16T06:33:57.000Z","volume":1000,"label":" ","price":18.8},{"type":"B","date":"2018-04-16T06:34:55.000Z","volume":1000,"label":" ","price":18.76},{"type":"B","date":"2018-04-16T06:35:56.000Z","volume":1000,"label":" ","price":18.76},{"type":"A","date":"2018-04-16T06:35:56.000Z","volume":1000,"label":" ","price":18.78},{"type":"A","date":"2018-04-16T06:35:58.000Z","volume":1000,"label":" ","price":18.78},{"type":"A","date":"2018-04-16T06:36:10.000Z","volume":1000,"label":" ","price":18.78},{"type":"A","date":"2018-04-16T06:36:43.000Z","volume":2000,"label":" ","price":18.78},{"type":"A","date":"2018-04-16T06:36:45.000Z","volume":1000,"label":" ","price":18.78},{"type":"B","date":"2018-04-16T06:36:56.000Z","volume":1000,"label":" ","price":18.76},{"type":"A","date":"2018-04-16T06:37:54.000Z","volume":158000,"label":" ","price":18.8},{"type":"A","date":"2018-04-16T06:37:54.000Z","volume":7000,"label":" ","price":18.82},{"type":"B","date":"2018-04-16T06:37:56.000Z","volume":6000,"label":" ","price":18.82},{"type":"B","date":"2018-04-16T06:37:57.000Z","volume":1000,"label":" ","price":18.82},{"type":"A","date":"2018-04-16T06:37:58.000Z","volume":3000,"label":" ","price":18.86},{"type":"A","date":"2018-04-16T06:38:02.000Z","volume":1000,"label":" ","price":18.88},{"type":"A","date":"2018-04-16T06:38:02.000Z","volume":5000,"label":" ","price":18.9},{"type":"A","date":"2018-04-16T06:38:09.000Z","volume":1000,"label":" ","price":18.92},{"type":"A","date":"2018-04-16T06:38:23.000Z","volume":1000,"label":" ","price":18.92},{"type":"A","date":"2018-04-16T06:38:28.000Z","volume":2000,"label":" ","price":18.92},{"type":"B","date":"2018-04-16T06:38:57.000Z","volume":1000,"label":" ","price":18.84},{"type":"A","date":"2018-04-16T06:39:35.000Z","volume":1000,"label":" ","price":18.94},{"type":"B","date":"2018-04-16T06:39:43.000Z","volume":12000,"label":" ","price":18.84},{"type":"B","date":"2018-04-16T06:39:43.000Z","volume":8000,"label":" ","price":18.82},{"type":"B","date":"2018-04-16T06:39:43.000Z","volume":30000,"label":" ","price":18.8},{"type":"A","date":"2018-04-16T06:39:43.000Z","volume":1000,"label":" ","price":18.94},{"type":"B","date":"2018-04-16T06:39:43.000Z","volume":5000,"label":" ","price":18.82},{"type":"A","date":"2018-04-16T06:39:46.000Z","volume":1000,"label":" ","price":18.82},{"type":"A","date":"2018-04-16T06:39:54.000Z","volume":2000,"label":" ","price":18.82},{"type":"A","date":"2018-04-16T06:39:54.000Z","volume":1000,"label":" ","price":18.82},{"type":"B","date":"2018-04-16T06:39:54.000Z","volume":22000,"label":" ","price":18.8},{"type":"B","date":"2018-04-16T06:39:55.000Z","volume":4000,"label":" ","price":18.78},{"type":"A","date":"2018-04-16T06:39:55.000Z","volume":3000,"label":" ","price":18.8},{"type":"A","date":"2018-04-16T06:39:57.000Z","volume":1000,"label":" ","price":18.8},{"type":"B","date":"2018-04-16T06:43:05.000Z","volume":1000,"label":" ","price":18.76},{"type":"B","date":"2018-04-16T06:44:05.000Z","volume":1000,"label":" ","price":18.76},{"type":"B","date":"2018-04-16T06:45:05.000Z","volume":1000,"label":" ","price":18.76},{"type":"A","date":"2018-04-16T06:45:07.000Z","volume":1000,"label":" ","price":18.78},{"type":"B","date":"2018-04-16T06:45:07.000Z","volume":1000,"label":" ","price":18.76},{"type":"B","date":"2018-04-16T06:45:09.000Z","volume":5000,"label":" ","price":18.76},{"type":"B","date":"2018-04-16T06:45:33.000Z","volume":3000,"label":" ","price":18.76},{"type":"B","date":"2018-04-16T06:45:33.000Z","volume":4000,"label":" ","price":18.76},{"type":"B","date":"2018-04-16T06:45:33.000Z","volume":1000,"label":" ","price":18.76},{"type":"B","date":"2018-04-16T06:46:06.000Z","volume":1000,"label":" ","price":18.76},{"type":"A","date":"2018-04-16T06:46:08.000Z","volume":1000,"label":" ","price":18.78},{"type":"B","date":"2018-04-16T06:47:06.000Z","volume":1000,"label":" ","price":18.76},{"type":"B","date":"2018-04-16T06:48:06.000Z","volume":1000,"label":" ","price":18.76},{"type":"A","date":"2018-04-16T06:48:39.000Z","volume":1000,"label":" ","price":18.78},{"type":"A","date":"2018-04-16T06:48:41.000Z","volume":1000,"label":" ","price":18.78},{"type":"B","date":"2018-04-16T06:49:08.000Z","volume":1000,"label":" ","price":18.76},{"type":"A","date":"2018-04-16T06:49:52.000Z","volume":6000,"label":" ","price":18.78},{"type":"B","date":"2018-04-16T06:49:52.000Z","volume":1000,"label":" ","price":18.76},{"type":"A","date":"2018-04-16T06:49:54.000Z","volume":3000,"label":" ","price":18.78},{"type":"A","date":"2018-04-16T06:50:01.000Z","volume":1000,"label":" ","price":18.78},{"type":"B","date":"2018-04-16T06:50:08.000Z","volume":1000,"label":" ","price":18.76},{"type":"B","date":"2018-04-16T06:51:08.000Z","volume":1000,"label":" ","price":18.76},{"type":"B","date":"2018-04-16T06:52:09.000Z","volume":1000,"label":" ","price":18.76},{"type":"A","date":"2018-04-16T06:52:09.000Z","volume":100000,"label":" ","price":18.8},{"type":"A","date":"2018-04-16T06:52:09.000Z","volume":8000,"label":" ","price":18.8},{"type":"A","date":"2018-04-16T06:52:10.000Z","volume":2000,"label":" ","price":18.82},{"type":"B","date":"2018-04-16T06:52:10.000Z","volume":4000,"label":" ","price":18.8},{"type":"A","date":"2018-04-16T06:52:11.000Z","volume":2000,"label":" ","price":18.86},{"type":"A","date":"2018-04-16T06:53:03.000Z","volume":2000,"label":" ","price":18.92},{"type":"B","date":"2018-04-16T06:53:09.000Z","volume":1000,"label":" ","price":18.82},{"type":"B","date":"2018-04-16T06:53:14.000Z","volume":3000,"label":" ","price":18.82},{"type":"B","date":"2018-04-16T06:53:14.000Z","volume":5000,"label":" ","price":18.8},{"type":"B","date":"2018-04-16T06:53:14.000Z","volume":3000,"label":" ","price":18.78},{"type":"B","date":"2018-04-16T06:53:14.000Z","volume":1000,"label":" ","price":18.78},{"type":"B","date":"2018-04-16T06:54:09.000Z","volume":1000,"label":" ","price":18.76},{"type":"B","date":"2018-04-16T06:55:11.000Z","volume":1000,"label":" ","price":18.76},{"type":"B","date":"2018-04-16T06:56:11.000Z","volume":1000,"label":" ","price":18.76},{"type":"A","date":"2018-04-16T06:56:49.000Z","volume":50000,"label":" ","price":18.8},{"type":"A","date":"2018-04-16T06:56:49.000Z","volume":6000,"label":" ","price":18.8},{"type":"B","date":"2018-04-16T06:57:11.000Z","volume":1000,"label":" ","price":18.76},{"type":"A","date":"2018-04-16T06:57:40.000Z","volume":1000,"label":" ","price":18.8},{"type":"B","date":"2018-04-16T06:58:11.000Z","volume":1000,"label":" ","price":18.76},{"type":"B","date":"2018-04-16T06:59:12.000Z","volume":1000,"label":" ","price":18.76},{"type":"B","date":"2018-04-16T07:00:12.000Z","volume":1000,"label":" ","price":18.78},{"type":"A","date":"2018-04-16T07:00:15.000Z","volume":1000,"label":" ","price":18.8},{"type":"A","date":"2018-04-16T07:00:32.000Z","volume":1000,"label":" ","price":18.8},{"type":"A","date":"2018-04-16T07:00:32.000Z","volume":1000,"label":"Y","price":18.8},{"type":"A","date":"2018-04-16T07:01:12.000Z","volume":4000,"label":" ","price":18.8},{"type":"B","date":"2018-04-16T07:01:12.000Z","volume":1000,"label":" ","price":18.78},{"type":"B","date":"2018-04-16T07:01:15.000Z","volume":1000,"label":" ","price":18.78},{"type":"B","date":"2018-04-16T07:02:14.000Z","volume":1000,"label":" ","price":18.78},{"type":"A","date":"2018-04-16T07:02:54.000Z","volume":50000,"label":" ","price":18.8},{"type":"A","date":"2018-04-16T07:02:54.000Z","volume":6000,"label":" ","price":18.8},{"type":"B","date":"2018-04-16T07:03:14.000Z","volume":1000,"label":" ","price":18.78},{"type":"A","date":"2018-04-16T07:03:22.000Z","volume":50000,"label":" ","price":18.8},{"type":"A","date":"2018-04-16T07:03:22.000Z","volume":1000,"label":"Y","price":18.8},{"type":"A","date":"2018-04-16T07:03:22.000Z","volume":5000,"label":" ","price":18.8},{"type":"B","date":"2018-04-16T07:03:23.000Z","volume":1000,"label":" ","price":18.8},{"type":"B","date":"2018-04-16T07:03:33.000Z","volume":5000,"label":" ","price":18.8},{"type":"A","date":"2018-04-16T07:03:41.000Z","volume":1000,"label":" ","price":18.8},{"type":"A","date":"2018-04-16T07:04:01.000Z","volume":48000,"label":" ","price":18.8},{"type":"A","date":"2018-04-16T07:04:01.000Z","volume":3000,"label":" ","price":18.8},{"type":"A","date":"2018-04-16T07:04:03.000Z","volume":2000,"label":" ","price":18.82},{"type":"B","date":"2018-04-16T07:04:12.000Z","volume":10000,"label":" ","price":18.8},{"type":"A","date":"2018-04-16T07:04:26.000Z","volume":40000,"label":" ","price":18.8},{"type":"A","date":"2018-04-16T07:04:26.000Z","volume":4000,"label":" ","price":18.8},{"type":"B","date":"2018-04-16T07:05:15.000Z","volume":1000,"label":" ","price":18.78},{"type":"A","date":"2018-04-16T07:05:16.000Z","volume":50000,"label":" ","price":18.8},{"type":"A","date":"2018-04-16T07:05:16.000Z","volume":6000,"label":" ","price":18.8},{"type":"A","date":"2018-04-16T07:05:38.000Z","volume":50000,"label":" ","price":18.8},{"type":"A","date":"2018-04-16T07:05:38.000Z","volume":5000,"label":" ","price":18.8},{"type":"B","date":"2018-04-16T07:06:15.000Z","volume":1000,"label":" ","price":18.78},{"type":"A","date":"2018-04-16T07:06:20.000Z","volume":50000,"label":" ","price":18.8},{"type":"A","date":"2018-04-16T07:06:20.000Z","volume":6000,"label":" ","price":18.8},{"type":"A","date":"2018-04-16T07:06:20.000Z","volume":1000,"label":" ","price":18.8},{"type":"A","date":"2018-04-16T07:06:38.000Z","volume":40000,"label":" ","price":18.8},{"type":"A","date":"2018-04-16T07:06:38.000Z","volume":4000,"label":" ","price":18.8},{"type":"A","date":"2018-04-16T07:06:52.000Z","volume":10000,"label":" ","price":18.8},{"type":"B","date":"2018-04-16T07:06:54.000Z","volume":2000,"label":" ","price":18.8},{"type":"A","date":"2018-04-16T07:07:00.000Z","volume":48000,"label":" ","price":18.8},{"type":"A","date":"2018-04-16T07:07:00.000Z","volume":4000,"label":" ","price":18.8},{"type":"B","date":"2018-04-16T07:07:10.000Z","volume":2000,"label":" ","price":18.8},{"type":"A","date":"2018-04-16T07:07:13.000Z","volume":40000,"label":" ","price":18.8},{"type":"A","date":"2018-04-16T07:07:13.000Z","volume":4000,"label":" ","price":18.8},{"type":"B","date":"2018-04-16T07:07:15.000Z","volume":1000,"label":" ","price":18.78},{"type":"A","date":"2018-04-16T07:07:17.000Z","volume":1000,"label":" ","price":18.8},{"type":"A","date":"2018-04-16T07:08:14.000Z","volume":4000,"label":" ","price":18.8},{"type":"B","date":"2018-04-16T07:08:17.000Z","volume":1000,"label":" ","price":18.78},{"type":"A","date":"2018-04-16T07:08:24.000Z","volume":50000,"label":" ","price":18.8},{"type":"A","date":"2018-04-16T07:08:24.000Z","volume":6000,"label":" ","price":18.8},{"type":"B","date":"2018-04-16T07:09:17.000Z","volume":1000,"label":" ","price":18.78},{"type":"A","date":"2018-04-16T07:10:01.000Z","volume":1000,"label":" ","price":18.8},{"type":"B","date":"2018-04-16T07:10:17.000Z","volume":1000,"label":" ","price":18.78},{"type":"B","date":"2018-04-16T07:10:17.000Z","volume":3000,"label":" ","price":18.78},{"type":"A","date":"2018-04-16T07:10:29.000Z","volume":4000,"label":" ","price":18.78},{"type":"A","date":"2018-04-16T07:10:29.000Z","volume":1000,"label":" ","price":18.78},{"type":"A","date":"2018-04-16T07:10:31.000Z","volume":2000,"label":" ","price":18.78},{"type":"A","date":"2018-04-16T07:10:35.000Z","volume":3000,"label":" ","price":18.78},{"type":"A","date":"2018-04-16T07:10:37.000Z","volume":1000,"label":" ","price":18.78},{"type":"A","date":"2018-04-16T07:11:13.000Z","volume":4000,"label":" ","price":18.78},{"type":"A","date":"2018-04-16T07:11:15.000Z","volume":2000,"label":" ","price":18.78},{"type":"A","date":"2018-04-16T07:11:15.000Z","volume":1000,"label":" ","price":18.78},{"type":"A","date":"2018-04-16T07:11:16.000Z","volume":1000,"label":" ","price":18.8},{"type":"B","date":"2018-04-16T07:11:18.000Z","volume":1000,"label":" ","price":18.78},{"type":"B","date":"2018-04-16T07:11:41.000Z","volume":1000,"label":"Y","price":18.78},{"type":"B","date":"2018-04-16T07:11:41.000Z","volume":2000,"label":" ","price":18.78},{"type":"B","date":"2018-04-16T07:11:42.000Z","volume":1000,"label":" ","price":18.76},{"type":"B","date":"2018-04-16T07:12:18.000Z","volume":1000,"label":" ","price":18.78},{"type":"A","date":"2018-04-16T07:12:44.000Z","volume":1000,"label":" ","price":18.8},{"type":"B","date":"2018-04-16T07:13:18.000Z","volume":1000,"label":" ","price":18.78},{"type":"B","date":"2018-04-16T07:13:20.000Z","volume":1000,"label":"Y","price":18.78},{"type":"B","date":"2018-04-16T07:13:20.000Z","volume":3000,"label":" ","price":18.78},{"type":"B","date":"2018-04-16T07:13:21.000Z","volume":1000,"label":" ","price":18.76},{"type":"A","date":"2018-04-16T07:13:21.000Z","volume":1000,"label":" ","price":18.8},{"type":"B","date":"2018-04-16T07:13:53.000Z","volume":2000,"label":" ","price":18.78},{"type":"B","date":"2018-04-16T07:18:26.000Z","volume":4000,"label":" ","price":18.78},{"type":"A","date":"2018-04-16T07:18:44.000Z","volume":20000,"label":" ","price":18.8},{"type":"A","date":"2018-04-16T07:18:45.000Z","volume":2000,"label":" ","price":18.8},{"type":"A","date":"2018-04-16T07:19:14.000Z","volume":2000,"label":" ","price":18.8},{"type":"A","date":"2018-04-16T07:19:15.000Z","volume":1000,"label":" ","price":18.8},{"type":"A","date":"2018-04-16T07:20:21.000Z","volume":1000,"label":"Y","price":18.8},{"type":"B","date":"2018-04-16T07:21:29.000Z","volume":1000,"label":" ","price":18.78},{"type":"B","date":"2018-04-16T07:22:29.000Z","volume":1000,"label":" ","price":18.78},{"type":"A","date":"2018-04-16T07:22:43.000Z","volume":1000,"label":"Y","price":18.8},{"type":"B","date":"2018-04-16T07:23:30.000Z","volume":1000,"label":" ","price":18.78},{"type":"A","date":"2018-04-16T07:23:37.000Z","volume":1000,"label":" ","price":18.8},{"type":"A","date":"2018-04-16T07:24:06.000Z","volume":1000,"label":" ","price":18.8},{"type":"A","date":"2018-04-16T07:24:44.000Z","volume":10000,"label":" ","price":18.8},{"type":"A","date":"2018-04-16T07:24:44.000Z","volume":1000,"label":"Y","price":18.8},{"type":"A","date":"2018-04-16T07:24:44.000Z","volume":1000,"label":" ","price":18.8},{"type":"A","date":"2018-04-16T07:24:47.000Z","volume":1000,"label":" ","price":18.8},{"type":"A","date":"2018-04-16T07:24:51.000Z","volume":1000,"label":" ","price":18.8},{"type":"A","date":"2018-04-16T07:25:32.000Z","volume":2000,"label":" ","price":18.8},{"type":"A","date":"2018-04-16T07:26:11.000Z","volume":1000,"label":"Y","price":18.82},{"type":"A","date":"2018-04-16T07:26:15.000Z","volume":1000,"label":"Y","price":18.82},{"type":"A","date":"2018-04-16T07:26:27.000Z","volume":1000,"label":" ","price":18.84},{"type":"B","date":"2018-04-16T07:26:35.000Z","volume":5000,"label":" ","price":18.82},{"type":"B","date":"2018-04-16T07:29:08.000Z","volume":10000,"label":" ","price":18.8},{"type":"A","date":"2018-04-16T07:31:01.000Z","volume":1000,"label":" ","price":18.82},{"type":"A","date":"2018-04-16T07:32:48.000Z","volume":1000,"label":" ","price":18.82},{"type":"A","date":"2018-04-16T07:33:40.000Z","volume":1000,"label":" ","price":18.82},{"type":"A","date":"2018-04-16T07:34:01.000Z","volume":7000,"label":" ","price":18.82},{"type":"A","date":"2018-04-16T07:34:08.000Z","volume":1000,"label":"Y","price":18.84},{"type":"A","date":"2018-04-16T07:34:08.000Z","volume":1000,"label":" ","price":18.84},{"type":"B","date":"2018-04-16T07:34:22.000Z","volume":1000,"label":"Y","price":18.82},{"type":"B","date":"2018-04-16T07:34:22.000Z","volume":4000,"label":" ","price":18.82},{"type":"B","date":"2018-04-16T07:34:22.000Z","volume":12000,"label":" ","price":18.8},{"type":"A","date":"2018-04-16T07:34:23.000Z","volume":1000,"label":" ","price":18.8},{"type":"B","date":"2018-04-16T07:35:05.000Z","volume":1000,"label":" ","price":18.78},{"type":"A","date":"2018-04-16T07:35:24.000Z","volume":1000,"label":" ","price":18.8},{"type":"A","date":"2018-04-16T07:35:24.000Z","volume":4000,"label":" ","price":18.8},{"type":"A","date":"2018-04-16T07:35:50.000Z","volume":1000,"label":" ","price":18.82},{"type":"B","date":"2018-04-16T07:37:42.000Z","volume":1000,"label":" ","price":18.78},{"type":"A","date":"2018-04-16T07:38:28.000Z","volume":1000,"label":" ","price":18.8},{"type":"A","date":"2018-04-16T07:39:29.000Z","volume":12000,"label":" ","price":18.8},{"type":"A","date":"2018-04-16T07:39:33.000Z","volume":1000,"label":" ","price":18.8},{"type":"A","date":"2018-04-16T07:39:37.000Z","volume":5000,"label":" ","price":18.8},{"type":"B","date":"2018-04-16T07:39:37.000Z","volume":3000,"label":" ","price":18.8},{"type":"A","date":"2018-04-16T07:39:37.000Z","volume":1000,"label":" ","price":18.8},{"type":"A","date":"2018-04-16T07:39:40.000Z","volume":1000,"label":" ","price":18.8},{"type":"A","date":"2018-04-16T07:39:47.000Z","volume":3000,"label":" ","price":18.8},{"type":"B","date":"2018-04-16T07:39:47.000Z","volume":7000,"label":" ","price":18.8},{"type":"A","date":"2018-04-16T07:39:48.000Z","volume":1000,"label":" ","price":18.8},{"type":"A","date":"2018-04-16T07:39:57.000Z","volume":6000,"label":" ","price":18.8},{"type":"B","date":"2018-04-16T07:39:57.000Z","volume":4000,"label":" ","price":18.8},{"type":"A","date":"2018-04-16T07:39:57.000Z","volume":1000,"label":" ","price":18.8},{"type":"A","date":"2018-04-16T07:39:57.000Z","volume":1000,"label":" ","price":18.8},{"type":"A","date":"2018-04-16T07:39:59.000Z","volume":4000,"label":" ","price":18.8},{"type":"B","date":"2018-04-16T07:39:59.000Z","volume":6000,"label":" ","price":18.8},{"type":"A","date":"2018-04-16T07:39:59.000Z","volume":1000,"label":" ","price":18.8},{"type":"A","date":"2018-04-16T07:40:03.000Z","volume":1000,"label":" ","price":18.8},{"type":"A","date":"2018-04-16T07:40:03.000Z","volume":1000,"label":" ","price":18.8},{"type":"A","date":"2018-04-16T07:40:04.000Z","volume":3000,"label":" ","price":18.8},{"type":"B","date":"2018-04-16T07:40:05.000Z","volume":8000,"label":" ","price":18.8},{"type":"A","date":"2018-04-16T07:40:07.000Z","volume":3000,"label":" ","price":18.8},{"type":"B","date":"2018-04-16T07:40:07.000Z","volume":7000,"label":" ","price":18.8},{"type":"A","date":"2018-04-16T07:40:07.000Z","volume":1000,"label":" ","price":18.8},{"type":"A","date":"2018-04-16T07:40:09.000Z","volume":4000,"label":" ","price":18.8},{"type":"B","date":"2018-04-16T07:40:10.000Z","volume":6000,"label":" ","price":18.8},{"type":"A","date":"2018-04-16T07:40:10.000Z","volume":1000,"label":" ","price":18.8},{"type":"A","date":"2018-04-16T07:40:13.000Z","volume":4000,"label":" ","price":18.8},{"type":"B","date":"2018-04-16T07:40:13.000Z","volume":6000,"label":" ","price":18.8},{"type":"A","date":"2018-04-16T07:40:14.000Z","volume":1000,"label":" ","price":18.8},{"type":"A","date":"2018-04-16T07:40:24.000Z","volume":1000,"label":" ","price":18.8},{"type":"A","date":"2018-04-16T07:40:56.000Z","volume":4000,"label":" ","price":18.8},{"type":"A","date":"2018-04-16T07:41:01.000Z","volume":1000,"label":" ","price":18.8},{"type":"A","date":"2018-04-16T07:41:19.000Z","volume":1000,"label":"Y","price":18.8},{"type":"A","date":"2018-04-16T07:41:28.000Z","volume":2000,"label":" ","price":18.8},{"type":"A","date":"2018-04-16T07:41:32.000Z","volume":2000,"label":" ","price":18.8},{"type":"A","date":"2018-04-16T07:41:37.000Z","volume":2000,"label":" ","price":18.8},{"type":"A","date":"2018-04-16T07:42:40.000Z","volume":1000,"label":" ","price":18.8},{"type":"A","date":"2018-04-16T07:42:40.000Z","volume":1000,"label":" ","price":18.8},{"type":"A","date":"2018-04-16T07:42:42.000Z","volume":1000,"label":" ","price":18.8},{"type":"A","date":"2018-04-16T07:43:37.000Z","volume":2000,"label":" ","price":18.8},{"type":"A","date":"2018-04-16T07:43:59.000Z","volume":1000,"label":" ","price":18.8},{"type":"A","date":"2018-04-16T07:44:27.000Z","volume":1000,"label":" ","price":18.8},{"type":"A","date":"2018-04-16T07:46:29.000Z","volume":1000,"label":" ","price":18.8},{"type":"A","date":"2018-04-16T07:46:50.000Z","volume":1000,"label":" ","price":18.8},{"type":"A","date":"2018-04-16T07:46:56.000Z","volume":10000,"label":" ","price":18.8},{"type":"A","date":"2018-04-16T07:46:56.000Z","volume":1000,"label":" ","price":18.8},{"type":"A","date":"2018-04-16T07:47:01.000Z","volume":1000,"label":" ","price":18.8},{"type":"A","date":"2018-04-16T07:47:51.000Z","volume":2000,"label":" ","price":18.8},{"type":"A","date":"2018-04-16T07:47:51.000Z","volume":1000,"label":" ","price":18.8},{"type":"A","date":"2018-04-16T07:48:14.000Z","volume":2000,"label":" ","price":18.8},{"type":"B","date":"2018-04-16T07:48:31.000Z","volume":40000,"label":" ","price":18.78},{"type":"A","date":"2018-04-16T07:48:50.000Z","volume":1000,"label":" ","price":18.8},{"type":"A","date":"2018-04-16T07:48:55.000Z","volume":1000,"label":"Y","price":18.8},{"type":"A","date":"2018-04-16T07:48:55.000Z","volume":2000,"label":" ","price":18.8},{"type":"A","date":"2018-04-16T07:50:16.000Z","volume":1000,"label":" ","price":18.8},{"type":"A","date":"2018-04-16T07:50:59.000Z","volume":4000,"label":" ","price":18.8},{"type":"A","date":"2018-04-16T07:51:19.000Z","volume":1000,"label":"Y","price":18.82},{"type":"A","date":"2018-04-16T07:52:43.000Z","volume":1000,"label":" ","price":18.82},{"type":"A","date":"2018-04-16T07:53:29.000Z","volume":1000,"label":"Y","price":18.82},{"type":"B","date":"2018-04-16T07:53:55.000Z","volume":6000,"label":" ","price":18.8},{"type":"B","date":"2018-04-16T07:54:08.000Z","volume":9000,"label":" ","price":18.8},{"type":"A","date":"2018-04-16T07:54:17.000Z","volume":20000,"label":" ","price":18.8},{"type":"A","date":"2018-04-16T07:54:18.000Z","volume":2000,"label":" ","price":18.8},{"type":"A","date":"2018-04-16T07:56:26.000Z","volume":3000,"label":" ","price":18.82},{"type":"B","date":"2018-04-16T07:56:37.000Z","volume":7000,"label":" ","price":18.8},{"type":"A","date":"2018-04-16T07:56:37.000Z","volume":1000,"label":" ","price":18.8},{"type":"A","date":"2018-04-16T07:57:39.000Z","volume":60000,"label":" ","price":18.8},{"type":"A","date":"2018-04-16T07:57:39.000Z","volume":5000,"label":" ","price":18.8},{"type":"A","date":"2018-04-16T07:57:39.000Z","volume":6000,"label":" ","price":18.8},{"type":"A","date":"2018-04-16T07:57:39.000Z","volume":1000,"label":" ","price":18.8},{"type":"A","date":"2018-04-16T07:57:44.000Z","volume":18000,"label":" ","price":18.8},{"type":"A","date":"2018-04-16T07:57:44.000Z","volume":2000,"label":" ","price":18.8},{"type":"A","date":"2018-04-16T07:57:44.000Z","volume":2000,"label":" ","price":18.8},{"type":"B","date":"2018-04-16T07:57:47.000Z","volume":30000,"label":" ","price":18.78},{"type":"A","date":"2018-04-16T07:57:48.000Z","volume":1000,"label":" ","price":18.8},{"type":"A","date":"2018-04-16T07:57:48.000Z","volume":18000,"label":" ","price":18.8},{"type":"A","date":"2018-04-16T07:57:48.000Z","volume":2000,"label":" ","price":18.8},{"type":"A","date":"2018-04-16T07:57:50.000Z","volume":2000,"label":" ","price":18.8},{"type":"A","date":"2018-04-16T07:57:52.000Z","volume":2000,"label":" ","price":18.8},{"type":"A","date":"2018-04-16T07:58:17.000Z","volume":1000,"label":" ","price":18.8},{"type":"B","date":"2018-04-16T07:58:35.000Z","volume":3000,"label":" ","price":18.8},{"type":"A","date":"2018-04-16T07:58:35.000Z","volume":1000,"label":" ","price":18.8},{"type":"A","date":"2018-04-16T07:58:50.000Z","volume":1000,"label":" ","price":18.8},{"type":"A","date":"2018-04-16T07:59:00.000Z","volume":2000,"label":" ","price":18.8},{"type":"B","date":"2018-04-16T07:59:03.000Z","volume":3000,"label":" ","price":18.78},{"type":"B","date":"2018-04-16T07:59:03.000Z","volume":1000,"label":" ","price":18.78},{"type":"A","date":"2018-04-16T07:59:12.000Z","volume":2000,"label":" ","price":18.8},{"type":"A","date":"2018-04-16T07:59:24.000Z","volume":1000,"label":" ","price":18.8},{"type":"B","date":"2018-04-16T07:59:41.000Z","volume":1000,"label":" ","price":18.78},{"type":"U","date":"2018-04-16T08:08:32.000Z","volume":317000,"label":"U","price":18.88}]