[{"type":"U","date":"2018-03-23T01:20:00.000Z","volume":40000,"label":"U","price":1.42},{"type":"B","date":"2018-03-23T01:30:10.000Z","volume":48000,"label":" ","price":1.42},{"type":"A","date":"2018-03-23T01:30:47.000Z","volume":80000,"label":" ","price":1.43},{"type":"A","date":"2018-03-23T01:30:48.000Z","volume":6000,"label":" ","price":1.43},{"type":"B","date":"2018-03-23T01:30:52.000Z","volume":2000,"label":" ","price":1.42},{"type":"B","date":"2018-03-23T01:32:14.000Z","volume":8000,"label":" ","price":1.42},{"type":"A","date":"2018-03-23T01:32:16.000Z","volume":2000,"label":" ","price":1.43},{"type":"B","date":"2018-03-23T01:33:33.000Z","volume":12000,"label":" ","price":1.42},{"type":"B","date":"2018-03-23T01:34:16.000Z","volume":100000,"label":" ","price":1.41},{"type":"B","date":"2018-03-23T01:34:16.000Z","volume":10000,"label":" ","price":1.41},{"type":"A","date":"2018-03-23T01:34:44.000Z","volume":80000,"label":" ","price":1.41},{"type":"A","date":"2018-03-23T01:34:45.000Z","volume":4000,"label":" ","price":1.41},{"type":"A","date":"2018-03-23T01:35:20.000Z","volume":68000,"label":" ","price":1.41},{"type":"A","date":"2018-03-23T01:35:24.000Z","volume":6000,"label":" ","price":1.42},{"type":"B","date":"2018-03-23T01:35:48.000Z","volume":6000,"label":" ","price":1.41},{"type":"B","date":"2018-03-23T01:36:33.000Z","volume":32000,"label":" ","price":1.41},{"type":"A","date":"2018-03-23T01:36:40.000Z","volume":2000,"label":" ","price":1.41},{"type":"B","date":"2018-03-23T01:37:40.000Z","volume":164000,"label":" ","price":1.4},{"type":"A","date":"2018-03-23T01:37:41.000Z","volume":6000,"label":" ","price":1.41},{"type":"A","date":"2018-03-23T01:39:32.000Z","volume":174000,"label":" ","price":1.41},{"type":"A","date":"2018-03-23T01:39:33.000Z","volume":16000,"label":" ","price":1.41},{"type":"A","date":"2018-03-23T01:39:34.000Z","volume":24000,"label":" ","price":1.41},{"type":"B","date":"2018-03-23T01:40:30.000Z","volume":12000,"label":" ","price":1.4},{"type":"A","date":"2018-03-23T01:40:37.000Z","volume":50000,"label":" ","price":1.4},{"type":"B","date":"2018-03-23T01:41:51.000Z","volume":2000,"label":" ","price":1.39},{"type":"A","date":"2018-03-23T01:44:59.000Z","volume":70000,"label":" ","price":1.4},{"type":"A","date":"2018-03-23T01:45:03.000Z","volume":30000,"label":" ","price":1.4},{"type":"A","date":"2018-03-23T01:51:23.000Z","volume":80000,"label":" ","price":1.39},{"type":"A","date":"2018-03-23T01:51:57.000Z","volume":80000,"label":" ","price":1.39},{"type":"A","date":"2018-03-23T01:51:58.000Z","volume":8000,"label":" ","price":1.4},{"type":"A","date":"2018-03-23T01:53:14.000Z","volume":60000,"label":"Y","price":1.39},{"type":"A","date":"2018-03-23T01:53:15.000Z","volume":6000,"label":" ","price":1.39},{"type":"A","date":"2018-03-23T01:53:22.000Z","volume":14000,"label":"Y","price":1.39},{"type":"B","date":"2018-03-23T01:54:28.000Z","volume":18000,"label":" ","price":1.39},{"type":"A","date":"2018-03-23T01:57:27.000Z","volume":100000,"label":" ","price":1.39},{"type":"A","date":"2018-03-23T01:57:28.000Z","volume":8000,"label":" ","price":1.4},{"type":"B","date":"2018-03-23T01:57:43.000Z","volume":112000,"label":" ","price":1.39},{"type":"A","date":"2018-03-23T01:58:29.000Z","volume":74000,"label":" ","price":1.39},{"type":"A","date":"2018-03-23T01:58:30.000Z","volume":4000,"label":" ","price":1.4},{"type":"B","date":"2018-03-23T01:58:41.000Z","volume":100000,"label":" ","price":1.39},{"type":"A","date":"2018-03-23T01:58:43.000Z","volume":6000,"label":" ","price":1.4},{"type":"A","date":"2018-03-23T01:59:05.000Z","volume":208000,"label":" ","price":1.4},{"type":"A","date":"2018-03-23T01:59:05.000Z","volume":14000,"label":" ","price":1.4},{"type":"A","date":"2018-03-23T01:59:05.000Z","volume":26000,"label":" ","price":1.4},{"type":"A","date":"2018-03-23T01:59:27.000Z","volume":140000,"label":" ","price":1.4},{"type":"A","date":"2018-03-23T01:59:27.000Z","volume":38000,"label":" ","price":1.41},{"type":"A","date":"2018-03-23T02:00:54.000Z","volume":150000,"label":" ","price":1.41},{"type":"A","date":"2018-03-23T02:01:04.000Z","volume":146000,"label":" ","price":1.41},{"type":"B","date":"2018-03-23T02:01:10.000Z","volume":120000,"label":" ","price":1.41},{"type":"A","date":"2018-03-23T02:01:11.000Z","volume":4000,"label":" ","price":1.42},{"type":"B","date":"2018-03-23T02:01:27.000Z","volume":54000,"label":" ","price":1.41},{"type":"A","date":"2018-03-23T02:01:58.000Z","volume":40000,"label":" ","price":1.41},{"type":"B","date":"2018-03-23T02:01:58.000Z","volume":180000,"label":" ","price":1.4},{"type":"A","date":"2018-03-23T02:03:14.000Z","volume":80000,"label":" ","price":1.4},{"type":"A","date":"2018-03-23T02:06:29.000Z","volume":170000,"label":" ","price":1.4},{"type":"A","date":"2018-03-23T02:06:31.000Z","volume":2000,"label":" ","price":1.4},{"type":"B","date":"2018-03-23T02:06:35.000Z","volume":234000,"label":" ","price":1.39},{"type":"B","date":"2018-03-23T02:09:49.000Z","volume":20000,"label":" ","price":1.38},{"type":"A","date":"2018-03-23T02:11:20.000Z","volume":2000,"label":" ","price":1.39},{"type":"A","date":"2018-03-23T02:11:34.000Z","volume":2000,"label":" ","price":1.39},{"type":"A","date":"2018-03-23T02:13:28.000Z","volume":8000,"label":" ","price":1.39},{"type":"B","date":"2018-03-23T02:25:48.000Z","volume":146000,"label":" ","price":1.38},{"type":"B","date":"2018-03-23T02:25:48.000Z","volume":14000,"label":" ","price":1.38},{"type":"B","date":"2018-03-23T02:32:20.000Z","volume":50000,"label":" ","price":1.38},{"type":"B","date":"2018-03-23T02:37:39.000Z","volume":112000,"label":" ","price":1.38},{"type":"B","date":"2018-03-23T02:37:39.000Z","volume":112000,"label":" ","price":1.37},{"type":"B","date":"2018-03-23T02:37:39.000Z","volume":76000,"label":" ","price":1.36},{"type":"B","date":"2018-03-23T02:37:39.000Z","volume":76000,"label":" ","price":1.36},{"type":"B","date":"2018-03-23T02:37:39.000Z","volume":12000,"label":" ","price":1.36},{"type":"A","date":"2018-03-23T02:37:48.000Z","volume":76000,"label":" ","price":1.36},{"type":"A","date":"2018-03-23T02:37:48.000Z","volume":22000,"label":" ","price":1.36},{"type":"A","date":"2018-03-23T02:37:48.000Z","volume":14000,"label":" ","price":1.36},{"type":"A","date":"2018-03-23T02:38:22.000Z","volume":100000,"label":" ","price":1.39},{"type":"U","date":"2018-03-23T02:41:50.000Z","volume":14000,"label":" ","price":1.37},{"type":"B","date":"2018-03-23T02:41:56.000Z","volume":10000,"label":" ","price":1.37},{"type":"B","date":"2018-03-23T02:44:58.000Z","volume":8000,"label":" ","price":1.37},{"type":"B","date":"2018-03-23T02:49:04.000Z","volume":52000,"label":" ","price":1.37},{"type":"B","date":"2018-03-23T02:49:04.000Z","volume":46000,"label":" ","price":1.36},{"type":"B","date":"2018-03-23T02:49:38.000Z","volume":96000,"label":" ","price":1.36},{"type":"A","date":"2018-03-23T02:49:45.000Z","volume":50000,"label":" ","price":1.36},{"type":"A","date":"2018-03-23T02:52:08.000Z","volume":50000,"label":" ","price":1.36},{"type":"A","date":"2018-03-23T02:52:08.000Z","volume":2000,"label":" ","price":1.36},{"type":"A","date":"2018-03-23T02:52:37.000Z","volume":2000,"label":" ","price":1.36},{"type":"B","date":"2018-03-23T02:57:04.000Z","volume":174000,"label":" ","price":1.36},{"type":"A","date":"2018-03-23T02:57:05.000Z","volume":6000,"label":" ","price":1.38},{"type":"A","date":"2018-03-23T03:01:20.000Z","volume":20000,"label":" ","price":1.37},{"type":"A","date":"2018-03-23T03:01:22.000Z","volume":2000,"label":" ","price":1.38},{"type":"B","date":"2018-03-23T03:13:44.000Z","volume":2000,"label":" ","price":1.37},{"type":"B","date":"2018-03-23T03:14:43.000Z","volume":20000,"label":" ","price":1.36},{"type":"A","date":"2018-03-23T03:14:43.000Z","volume":2000,"label":" ","price":1.38},{"type":"B","date":"2018-03-23T03:16:03.000Z","volume":12000,"label":" ","price":1.37},{"type":"A","date":"2018-03-23T03:16:05.000Z","volume":2000,"label":" ","price":1.37},{"type":"B","date":"2018-03-23T03:18:13.000Z","volume":32000,"label":" ","price":1.37},{"type":"B","date":"2018-03-23T03:21:20.000Z","volume":10000,"label":" ","price":1.37},{"type":"A","date":"2018-03-23T03:21:20.000Z","volume":2000,"label":" ","price":1.38},{"type":"B","date":"2018-03-23T03:23:32.000Z","volume":88000,"label":" ","price":1.36},{"type":"A","date":"2018-03-23T03:23:32.000Z","volume":2000,"label":" ","price":1.38},{"type":"A","date":"2018-03-23T03:23:57.000Z","volume":2000,"label":" ","price":1.37},{"type":"A","date":"2018-03-23T03:24:17.000Z","volume":18000,"label":" ","price":1.37},{"type":"B","date":"2018-03-23T03:24:17.000Z","volume":32000,"label":" ","price":1.37},{"type":"A","date":"2018-03-23T03:24:18.000Z","volume":4000,"label":" ","price":1.38},{"type":"A","date":"2018-03-23T03:30:57.000Z","volume":6000,"label":" ","price":1.38},{"type":"A","date":"2018-03-23T03:40:12.000Z","volume":26000,"label":" ","price":1.38},{"type":"B","date":"2018-03-23T03:41:20.000Z","volume":64000,"label":" ","price":1.37},{"type":"A","date":"2018-03-23T03:42:44.000Z","volume":36000,"label":" ","price":1.37},{"type":"B","date":"2018-03-23T03:42:44.000Z","volume":4000,"label":" ","price":1.37},{"type":"A","date":"2018-03-23T03:42:46.000Z","volume":2000,"label":" ","price":1.38},{"type":"A","date":"2018-03-23T03:46:17.000Z","volume":10000,"label":" ","price":1.38},{"type":"B","date":"2018-03-23T03:59:10.000Z","volume":100000,"label":" ","price":1.37},{"type":"B","date":"2018-03-23T05:00:00.000Z","volume":2000,"label":" ","price":1.37},{"type":"A","date":"2018-03-23T05:00:00.000Z","volume":10000,"label":" ","price":1.37},{"type":"A","date":"2018-03-23T05:00:05.000Z","volume":2000,"label":" ","price":1.37},{"type":"A","date":"2018-03-23T05:02:03.000Z","volume":2000,"label":" ","price":1.37},{"type":"A","date":"2018-03-23T05:03:05.000Z","volume":46000,"label":" ","price":1.37},{"type":"B","date":"2018-03-23T05:04:25.000Z","volume":72000,"label":"Y","price":1.37},{"type":"B","date":"2018-03-23T05:04:25.000Z","volume":8000,"label":" ","price":1.37},{"type":"A","date":"2018-03-23T05:04:28.000Z","volume":4000,"label":" ","price":1.38},{"type":"B","date":"2018-03-23T05:08:49.000Z","volume":50000,"label":" ","price":1.37},{"type":"A","date":"2018-03-23T05:08:50.000Z","volume":2000,"label":" ","price":1.37},{"type":"B","date":"2018-03-23T05:14:05.000Z","volume":16000,"label":" ","price":1.36},{"type":"B","date":"2018-03-23T05:17:13.000Z","volume":4000,"label":" ","price":1.36},{"type":"A","date":"2018-03-23T05:19:04.000Z","volume":30000,"label":" ","price":1.36},{"type":"A","date":"2018-03-23T05:22:37.000Z","volume":300000,"label":" ","price":1.36},{"type":"A","date":"2018-03-23T05:22:40.000Z","volume":24000,"label":" ","price":1.36},{"type":"A","date":"2018-03-23T05:23:47.000Z","volume":650000,"label":" ","price":1.36},{"type":"A","date":"2018-03-23T05:23:47.000Z","volume":56000,"label":" ","price":1.37},{"type":"A","date":"2018-03-23T05:27:01.000Z","volume":2000,"label":" ","price":1.37},{"type":"A","date":"2018-03-23T05:27:03.000Z","volume":2000,"label":" ","price":1.37},{"type":"A","date":"2018-03-23T05:27:42.000Z","volume":40000,"label":" ","price":1.37},{"type":"A","date":"2018-03-23T05:27:44.000Z","volume":2000,"label":" ","price":1.37},{"type":"B","date":"2018-03-23T05:39:00.000Z","volume":104000,"label":" ","price":1.36},{"type":"A","date":"2018-03-23T05:39:38.000Z","volume":2000,"label":" ","price":1.36},{"type":"A","date":"2018-03-23T05:39:40.000Z","volume":2000,"label":" ","price":1.36},{"type":"A","date":"2018-03-23T05:54:27.000Z","volume":10000,"label":" ","price":1.36},{"type":"A","date":"2018-03-23T05:54:27.000Z","volume":76000,"label":" ","price":1.37},{"type":"A","date":"2018-03-23T05:54:28.000Z","volume":6000,"label":" ","price":1.37},{"type":"A","date":"2018-03-23T05:58:07.000Z","volume":4000,"label":" ","price":1.37},{"type":"B","date":"2018-03-23T06:01:59.000Z","volume":54000,"label":" ","price":1.36},{"type":"B","date":"2018-03-23T06:29:48.000Z","volume":86000,"label":" ","price":1.36},{"type":"A","date":"2018-03-23T06:33:12.000Z","volume":2000,"label":" ","price":1.37},{"type":"B","date":"2018-03-23T07:00:52.000Z","volume":22000,"label":" ","price":1.36},{"type":"A","date":"2018-03-23T07:01:45.000Z","volume":50000,"label":" ","price":1.36},{"type":"A","date":"2018-03-23T07:03:40.000Z","volume":2000,"label":" ","price":1.36},{"type":"A","date":"2018-03-23T07:06:16.000Z","volume":6000,"label":" ","price":1.37},{"type":"A","date":"2018-03-23T07:28:36.000Z","volume":2000,"label":" ","price":1.37},{"type":"A","date":"2018-03-23T07:28:48.000Z","volume":2000,"label":" ","price":1.37},{"type":"A","date":"2018-03-23T07:29:03.000Z","volume":2000,"label":" ","price":1.37},{"type":"A","date":"2018-03-23T07:32:23.000Z","volume":10000,"label":" ","price":1.37},{"type":"A","date":"2018-03-23T07:32:28.000Z","volume":4000,"label":" ","price":1.37},{"type":"A","date":"2018-03-23T07:34:21.000Z","volume":2000,"label":" ","price":1.37},{"type":"A","date":"2018-03-23T07:34:21.000Z","volume":2000,"label":" ","price":1.37},{"type":"A","date":"2018-03-23T07:37:21.000Z","volume":2000,"label":" ","price":1.37},{"type":"A","date":"2018-03-23T07:46:35.000Z","volume":120000,"label":" ","price":1.37},{"type":"A","date":"2018-03-23T07:46:37.000Z","volume":2000,"label":" ","price":1.37},{"type":"A","date":"2018-03-23T07:51:01.000Z","volume":12000,"label":" ","price":1.38},{"type":"B","date":"2018-03-23T07:52:21.000Z","volume":140000,"label":" ","price":1.37},{"type":"B","date":"2018-03-23T07:53:25.000Z","volume":22000,"label":" ","price":1.36},{"type":"A","date":"2018-03-23T07:54:42.000Z","volume":6000,"label":" ","price":1.37},{"type":"B","date":"2018-03-23T07:54:45.000Z","volume":16000,"label":" ","price":1.36},{"type":"A","date":"2018-03-23T07:57:18.000Z","volume":8000,"label":" ","price":1.37},{"type":"B","date":"2018-03-23T07:57:55.000Z","volume":100000,"label":" ","price":1.36},{"type":"B","date":"2018-03-23T07:59:03.000Z","volume":62000,"label":" ","price":1.36},{"type":"A","date":"2018-03-23T07:59:17.000Z","volume":8000,"label":" ","price":1.36},{"type":"A","date":"2018-03-23T07:59:33.000Z","volume":30000,"label":" ","price":1.36},{"type":"B","date":"2018-03-23T07:59:53.000Z","volume":150000,"label":" ","price":1.35}]