[{"type":"A","date":"2018-04-11T01:31:20.000Z","volume":5000,"label":" ","price":2.71},{"type":"A","date":"2018-04-11T01:31:29.000Z","volume":6000,"label":" ","price":2.71},{"type":"A","date":"2018-04-11T01:32:45.000Z","volume":1000,"label":" ","price":2.67},{"type":"A","date":"2018-04-11T01:32:45.000Z","volume":7000,"label":" ","price":2.68},{"type":"A","date":"2018-04-11T01:33:01.000Z","volume":9000,"label":" ","price":2.68},{"type":"A","date":"2018-04-11T01:34:20.000Z","volume":4000,"label":" ","price":2.68},{"type":"A","date":"2018-04-11T01:37:01.000Z","volume":11000,"label":" ","price":2.69},{"type":"A","date":"2018-04-11T01:37:10.000Z","volume":6000,"label":" ","price":2.69},{"type":"A","date":"2018-04-11T01:40:01.000Z","volume":10000,"label":" ","price":2.69},{"type":"A","date":"2018-04-11T01:40:15.000Z","volume":7000,"label":" ","price":2.69},{"type":"A","date":"2018-04-11T01:45:39.000Z","volume":10000,"label":" ","price":2.67},{"type":"A","date":"2018-04-11T01:52:34.000Z","volume":3000,"label":" ","price":2.67},{"type":"A","date":"2018-04-11T01:52:51.000Z","volume":2000,"label":" ","price":2.69},{"type":"A","date":"2018-04-11T01:52:59.000Z","volume":14000,"label":" ","price":2.7},{"type":"A","date":"2018-04-11T01:53:43.000Z","volume":10000,"label":" ","price":2.7},{"type":"A","date":"2018-04-11T01:56:59.000Z","volume":8000,"label":" ","price":2.69},{"type":"A","date":"2018-04-11T01:57:08.000Z","volume":7000,"label":" ","price":2.69},{"type":"A","date":"2018-04-11T01:57:36.000Z","volume":13000,"label":" ","price":2.69},{"type":"A","date":"2018-04-11T02:01:17.000Z","volume":13000,"label":" ","price":2.69},{"type":"A","date":"2018-04-11T02:02:37.000Z","volume":11000,"label":" ","price":2.68},{"type":"U","date":"2018-04-11T02:02:42.000Z","volume":10000,"label":" ","price":2.68},{"type":"A","date":"2018-04-11T02:03:21.000Z","volume":2000,"label":" ","price":2.69},{"type":"A","date":"2018-04-11T02:06:57.000Z","volume":5000,"label":" ","price":2.68},{"type":"A","date":"2018-04-11T02:10:20.000Z","volume":10000,"label":" ","price":2.68},{"type":"A","date":"2018-04-11T02:10:35.000Z","volume":9000,"label":" ","price":2.68},{"type":"A","date":"2018-04-11T02:10:52.000Z","volume":2000,"label":" ","price":2.69},{"type":"A","date":"2018-04-11T02:11:04.000Z","volume":4000,"label":" ","price":2.69},{"type":"A","date":"2018-04-11T02:13:26.000Z","volume":13000,"label":" ","price":2.69},{"type":"A","date":"2018-04-11T02:18:53.000Z","volume":1000,"label":" ","price":2.69},{"type":"A","date":"2018-04-11T02:18:53.000Z","volume":1000,"label":" ","price":2.7},{"type":"A","date":"2018-04-11T02:19:05.000Z","volume":6000,"label":" ","price":2.7},{"type":"A","date":"2018-04-11T02:19:30.000Z","volume":8000,"label":" ","price":2.7},{"type":"A","date":"2018-04-11T02:19:41.000Z","volume":12000,"label":" ","price":2.7},{"type":"A","date":"2018-04-11T02:19:51.000Z","volume":8000,"label":" ","price":2.7},{"type":"A","date":"2018-04-11T02:28:23.000Z","volume":14000,"label":" ","price":2.69},{"type":"A","date":"2018-04-11T02:28:32.000Z","volume":5000,"label":" ","price":2.69},{"type":"A","date":"2018-04-11T02:30:11.000Z","volume":5000,"label":" ","price":2.69},{"type":"A","date":"2018-04-11T02:30:20.000Z","volume":8000,"label":" ","price":2.7},{"type":"A","date":"2018-04-11T02:31:05.000Z","volume":11000,"label":" ","price":2.69},{"type":"A","date":"2018-04-11T02:33:03.000Z","volume":3000,"label":" ","price":2.69},{"type":"A","date":"2018-04-11T02:34:29.000Z","volume":7000,"label":" ","price":2.69},{"type":"A","date":"2018-04-11T02:34:29.000Z","volume":2000,"label":" ","price":2.69},{"type":"A","date":"2018-04-11T02:35:26.000Z","volume":10000,"label":" ","price":2.7},{"type":"A","date":"2018-04-11T02:37:11.000Z","volume":22000,"label":" ","price":2.69},{"type":"A","date":"2018-04-11T02:38:14.000Z","volume":5000,"label":" ","price":2.69},{"type":"A","date":"2018-04-11T02:42:36.000Z","volume":8000,"label":" ","price":2.67},{"type":"A","date":"2018-04-11T02:42:46.000Z","volume":8000,"label":" ","price":2.67},{"type":"A","date":"2018-04-11T02:46:18.000Z","volume":12000,"label":" ","price":2.69},{"type":"A","date":"2018-04-11T02:56:54.000Z","volume":2000,"label":" ","price":2.69},{"type":"A","date":"2018-04-11T03:05:48.000Z","volume":16000,"label":" ","price":2.68},{"type":"A","date":"2018-04-11T03:19:44.000Z","volume":6000,"label":" ","price":2.68},{"type":"A","date":"2018-04-11T03:25:02.000Z","volume":18000,"label":" ","price":2.67},{"type":"A","date":"2018-04-11T03:30:30.000Z","volume":10000,"label":" ","price":2.67},{"type":"A","date":"2018-04-11T03:36:45.000Z","volume":16000,"label":" ","price":2.68},{"type":"A","date":"2018-04-11T03:51:16.000Z","volume":10000,"label":" ","price":2.68},{"type":"A","date":"2018-04-11T05:01:34.000Z","volume":18000,"label":" ","price":2.67},{"type":"A","date":"2018-04-11T05:01:45.000Z","volume":10000,"label":" ","price":2.67},{"type":"A","date":"2018-04-11T05:04:48.000Z","volume":21000,"label":" ","price":2.67},{"type":"A","date":"2018-04-11T05:07:42.000Z","volume":8000,"label":" ","price":2.67},{"type":"A","date":"2018-04-11T05:08:32.000Z","volume":11000,"label":" ","price":2.67},{"type":"A","date":"2018-04-11T05:08:32.000Z","volume":9000,"label":" ","price":2.68},{"type":"A","date":"2018-04-11T05:08:49.000Z","volume":4000,"label":" ","price":2.68},{"type":"A","date":"2018-04-11T05:10:11.000Z","volume":10000,"label":" ","price":2.68},{"type":"B","date":"2018-04-11T05:11:17.000Z","volume":1000,"label":" ","price":2.65},{"type":"A","date":"2018-04-11T05:20:10.000Z","volume":32000,"label":" ","price":2.67},{"type":"A","date":"2018-04-11T05:20:57.000Z","volume":8000,"label":" ","price":2.67},{"type":"A","date":"2018-04-11T05:21:09.000Z","volume":13000,"label":" ","price":2.68},{"type":"A","date":"2018-04-11T05:23:55.000Z","volume":11000,"label":" ","price":2.68},{"type":"A","date":"2018-04-11T05:24:30.000Z","volume":16000,"label":" ","price":2.67},{"type":"A","date":"2018-04-11T05:25:22.000Z","volume":19000,"label":" ","price":2.67},{"type":"A","date":"2018-04-11T05:26:50.000Z","volume":12000,"label":" ","price":2.67},{"type":"A","date":"2018-04-11T05:27:38.000Z","volume":5000,"label":" ","price":2.67},{"type":"A","date":"2018-04-11T05:28:13.000Z","volume":24000,"label":" ","price":2.68},{"type":"A","date":"2018-04-11T05:36:23.000Z","volume":8000,"label":" ","price":2.68},{"type":"A","date":"2018-04-11T05:42:35.000Z","volume":13000,"label":" ","price":2.67},{"type":"A","date":"2018-04-11T05:42:50.000Z","volume":6000,"label":" ","price":2.67},{"type":"A","date":"2018-04-11T05:43:04.000Z","volume":11000,"label":" ","price":2.67},{"type":"A","date":"2018-04-11T05:55:57.000Z","volume":16000,"label":" ","price":2.67},{"type":"A","date":"2018-04-11T05:57:37.000Z","volume":2000,"label":" ","price":2.67},{"type":"A","date":"2018-04-11T05:58:43.000Z","volume":4000,"label":" ","price":2.67},{"type":"A","date":"2018-04-11T05:58:57.000Z","volume":7000,"label":" ","price":2.67},{"type":"A","date":"2018-04-11T06:01:32.000Z","volume":12000,"label":" ","price":2.67},{"type":"B","date":"2018-04-11T06:03:35.000Z","volume":30000,"label":" ","price":2.65},{"type":"B","date":"2018-04-11T06:04:01.000Z","volume":9000,"label":" ","price":2.65},{"type":"B","date":"2018-04-11T06:04:31.000Z","volume":55000,"label":" ","price":2.64},{"type":"A","date":"2018-04-11T06:19:16.000Z","volume":8000,"label":" ","price":2.67},{"type":"A","date":"2018-04-11T06:19:30.000Z","volume":1000,"label":" ","price":2.67},{"type":"B","date":"2018-04-11T07:03:42.000Z","volume":10000,"label":"Y","price":2.64},{"type":"A","date":"2018-04-11T07:03:57.000Z","volume":4000,"label":" ","price":2.67},{"type":"A","date":"2018-04-11T07:06:05.000Z","volume":12000,"label":" ","price":2.67},{"type":"A","date":"2018-04-11T07:08:34.000Z","volume":10000,"label":" ","price":2.67},{"type":"A","date":"2018-04-11T07:19:05.000Z","volume":13000,"label":" ","price":2.66},{"type":"A","date":"2018-04-11T07:28:41.000Z","volume":10000,"label":" ","price":2.66},{"type":"A","date":"2018-04-11T07:37:17.000Z","volume":18000,"label":" ","price":2.65},{"type":"A","date":"2018-04-11T07:41:06.000Z","volume":17000,"label":" ","price":2.65},{"type":"B","date":"2018-04-11T07:41:20.000Z","volume":18000,"label":" ","price":2.64},{"type":"A","date":"2018-04-11T07:51:35.000Z","volume":9000,"label":" ","price":2.66},{"type":"B","date":"2018-04-11T07:54:58.000Z","volume":1000,"label":" ","price":2.64},{"type":"A","date":"2018-04-11T07:58:05.000Z","volume":6000,"label":" ","price":2.66}]