[{"type":"B","date":"2018-04-06T01:30:00.000Z","volume":10000,"label":" ","price":0.33},{"type":"B","date":"2018-04-06T01:30:01.000Z","volume":30000,"label":" ","price":0.33},{"type":"A","date":"2018-04-06T01:30:08.000Z","volume":100000,"label":" ","price":0.335},{"type":"B","date":"2018-04-06T01:38:14.000Z","volume":300000,"label":" ","price":0.325},{"type":"U","date":"2018-04-06T01:38:20.000Z","volume":10000,"label":" ","price":0.325},{"type":"B","date":"2018-04-06T01:41:49.000Z","volume":100000,"label":" ","price":0.325},{"type":"A","date":"2018-04-06T01:43:30.000Z","volume":10000,"label":" ","price":0.325},{"type":"B","date":"2018-04-06T01:48:29.000Z","volume":70000,"label":" ","price":0.325},{"type":"A","date":"2018-04-06T01:48:39.000Z","volume":20000,"label":" ","price":0.325},{"type":"B","date":"2018-04-06T01:49:12.000Z","volume":40000,"label":"Y","price":0.32},{"type":"B","date":"2018-04-06T01:49:12.000Z","volume":160000,"label":" ","price":0.32},{"type":"B","date":"2018-04-06T01:49:12.000Z","volume":40000,"label":" ","price":0.32},{"type":"B","date":"2018-04-06T01:49:24.000Z","volume":100000,"label":" ","price":0.315},{"type":"B","date":"2018-04-06T01:49:24.000Z","volume":70000,"label":" ","price":0.315},{"type":"B","date":"2018-04-06T01:50:14.000Z","volume":10000,"label":" ","price":0.315},{"type":"A","date":"2018-04-06T01:51:58.000Z","volume":50000,"label":" ","price":0.32},{"type":"A","date":"2018-04-06T01:52:04.000Z","volume":20000,"label":" ","price":0.32},{"type":"A","date":"2018-04-06T01:53:21.000Z","volume":10000,"label":" ","price":0.32},{"type":"A","date":"2018-04-06T01:53:21.000Z","volume":30000,"label":" ","price":0.32},{"type":"B","date":"2018-04-06T01:53:24.000Z","volume":20000,"label":" ","price":0.315},{"type":"B","date":"2018-04-06T01:53:26.000Z","volume":100000,"label":" ","price":0.315},{"type":"B","date":"2018-04-06T01:58:10.000Z","volume":20000,"label":" ","price":0.315},{"type":"A","date":"2018-04-06T02:01:52.000Z","volume":50000,"label":" ","price":0.32},{"type":"A","date":"2018-04-06T02:05:07.000Z","volume":20000,"label":" ","price":0.32},{"type":"B","date":"2018-04-06T02:22:40.000Z","volume":10000,"label":" ","price":0.32},{"type":"B","date":"2018-04-06T02:37:15.000Z","volume":220000,"label":" ","price":0.32},{"type":"B","date":"2018-04-06T02:37:15.000Z","volume":260000,"label":" ","price":0.315},{"type":"B","date":"2018-04-06T02:52:38.000Z","volume":100000,"label":" ","price":0.315},{"type":"B","date":"2018-04-06T03:00:32.000Z","volume":70000,"label":" ","price":0.315},{"type":"B","date":"2018-04-06T03:03:14.000Z","volume":30000,"label":" ","price":0.315},{"type":"B","date":"2018-04-06T03:08:22.000Z","volume":40000,"label":" ","price":0.315},{"type":"A","date":"2018-04-06T03:17:51.000Z","volume":60000,"label":" ","price":0.32},{"type":"A","date":"2018-04-06T03:30:00.000Z","volume":100000,"label":" ","price":0.32},{"type":"A","date":"2018-04-06T03:33:58.000Z","volume":10000,"label":" ","price":0.32},{"type":"B","date":"2018-04-06T05:05:54.000Z","volume":20000,"label":" ","price":0.32},{"type":"B","date":"2018-04-06T05:34:40.000Z","volume":200000,"label":" ","price":0.315},{"type":"B","date":"2018-04-06T05:44:48.000Z","volume":90000,"label":" ","price":0.315},{"type":"A","date":"2018-04-06T05:46:00.000Z","volume":10000,"label":" ","price":0.315},{"type":"A","date":"2018-04-06T05:57:10.000Z","volume":100000,"label":" ","price":0.315},{"type":"A","date":"2018-04-06T06:23:31.000Z","volume":30000,"label":"Y","price":0.315},{"type":"A","date":"2018-04-06T06:38:58.000Z","volume":170000,"label":" ","price":0.315},{"type":"A","date":"2018-04-06T06:38:58.000Z","volume":100000,"label":" ","price":0.315},{"type":"A","date":"2018-04-06T06:59:18.000Z","volume":20000,"label":" ","price":0.315},{"type":"A","date":"2018-04-06T07:35:21.000Z","volume":20000,"label":" ","price":0.315},{"type":"A","date":"2018-04-06T07:41:33.000Z","volume":20000,"label":" ","price":0.315},{"type":"A","date":"2018-04-06T07:41:59.000Z","volume":20000,"label":" ","price":0.315},{"type":"A","date":"2018-04-06T07:42:11.000Z","volume":20000,"label":" ","price":0.315},{"type":"A","date":"2018-04-06T07:44:47.000Z","volume":20000,"label":" ","price":0.315},{"type":"B","date":"2018-04-06T07:48:36.000Z","volume":100000,"label":" ","price":0.31},{"type":"B","date":"2018-04-06T07:51:12.000Z","volume":150000,"label":" ","price":0.31},{"type":"B","date":"2018-04-06T07:51:45.000Z","volume":40000,"label":" ","price":0.31},{"type":"B","date":"2018-04-06T07:53:46.000Z","volume":110000,"label":" ","price":0.31},{"type":"A","date":"2018-04-06T07:55:14.000Z","volume":10000,"label":"Y","price":0.315},{"type":"B","date":"2018-04-06T07:55:33.000Z","volume":60000,"label":" ","price":0.31},{"type":"A","date":"2018-04-06T07:58:56.000Z","volume":10000,"label":" ","price":0.315},{"type":"B","date":"2018-04-06T07:59:12.000Z","volume":10000,"label":" ","price":0.31},{"type":"A","date":"2018-04-06T07:59:23.000Z","volume":10000,"label":" ","price":0.315}]