[{"type":"U","date":"2018-03-26T01:20:00.000Z","volume":3000,"label":"U","price":1.37},{"type":"B","date":"2018-03-26T01:33:08.000Z","volume":3000,"label":" ","price":1.37},{"type":"B","date":"2018-03-26T01:34:08.000Z","volume":6000,"label":" ","price":1.36},{"type":"B","date":"2018-03-26T01:34:09.000Z","volume":3000,"label":" ","price":1.36},{"type":"A","date":"2018-03-26T01:34:20.000Z","volume":3000,"label":" ","price":1.37},{"type":"B","date":"2018-03-26T01:35:24.000Z","volume":12000,"label":" ","price":1.35},{"type":"B","date":"2018-03-26T01:35:24.000Z","volume":3000,"label":" ","price":1.35},{"type":"B","date":"2018-03-26T01:35:25.000Z","volume":6000,"label":" ","price":1.35},{"type":"B","date":"2018-03-26T01:35:40.000Z","volume":12000,"label":" ","price":1.35},{"type":"B","date":"2018-03-26T01:35:59.000Z","volume":3000,"label":" ","price":1.33},{"type":"B","date":"2018-03-26T01:36:08.000Z","volume":6000,"label":" ","price":1.33},{"type":"B","date":"2018-03-26T01:36:09.000Z","volume":3000,"label":"Y","price":1.32},{"type":"A","date":"2018-03-26T01:45:43.000Z","volume":12000,"label":" ","price":1.35},{"type":"A","date":"2018-03-26T01:45:49.000Z","volume":6000,"label":" ","price":1.35},{"type":"A","date":"2018-03-26T01:47:45.000Z","volume":84000,"label":" ","price":1.35},{"type":"A","date":"2018-03-26T01:47:45.000Z","volume":3000,"label":" ","price":1.35},{"type":"A","date":"2018-03-26T01:49:26.000Z","volume":39000,"label":" ","price":1.36},{"type":"A","date":"2018-03-26T01:49:26.000Z","volume":9000,"label":" ","price":1.36},{"type":"A","date":"2018-03-26T01:49:49.000Z","volume":3000,"label":"Y","price":1.37},{"type":"A","date":"2018-03-26T01:49:49.000Z","volume":3000,"label":" ","price":1.37},{"type":"A","date":"2018-03-26T01:49:49.000Z","volume":3000,"label":" ","price":1.37},{"type":"B","date":"2018-03-26T01:50:14.000Z","volume":15000,"label":" ","price":1.36},{"type":"B","date":"2018-03-26T01:50:15.000Z","volume":6000,"label":" ","price":1.35},{"type":"A","date":"2018-03-26T01:53:19.000Z","volume":3000,"label":" ","price":1.37},{"type":"A","date":"2018-03-26T01:53:19.000Z","volume":3000,"label":" ","price":1.37},{"type":"B","date":"2018-03-26T02:01:17.000Z","volume":6000,"label":" ","price":1.36},{"type":"B","date":"2018-03-26T02:01:17.000Z","volume":3000,"label":" ","price":1.36},{"type":"B","date":"2018-03-26T02:01:18.000Z","volume":3000,"label":" ","price":1.35},{"type":"B","date":"2018-03-26T02:06:30.000Z","volume":24000,"label":" ","price":1.35},{"type":"B","date":"2018-03-26T02:06:31.000Z","volume":9000,"label":" ","price":1.35},{"type":"B","date":"2018-03-26T02:21:10.000Z","volume":6000,"label":" ","price":1.36},{"type":"A","date":"2018-03-26T02:23:49.000Z","volume":3000,"label":"Y","price":1.37},{"type":"B","date":"2018-03-26T02:24:26.000Z","volume":6000,"label":" ","price":1.36},{"type":"B","date":"2018-03-26T02:27:40.000Z","volume":6000,"label":" ","price":1.36},{"type":"B","date":"2018-03-26T02:27:41.000Z","volume":3000,"label":" ","price":1.36},{"type":"A","date":"2018-03-26T02:28:19.000Z","volume":3000,"label":" ","price":1.37},{"type":"B","date":"2018-03-26T02:30:51.000Z","volume":6000,"label":" ","price":1.36},{"type":"B","date":"2018-03-26T02:30:52.000Z","volume":3000,"label":" ","price":1.36},{"type":"A","date":"2018-03-26T02:31:20.000Z","volume":12000,"label":" ","price":1.37},{"type":"B","date":"2018-03-26T02:31:21.000Z","volume":3000,"label":" ","price":1.36},{"type":"B","date":"2018-03-26T02:34:10.000Z","volume":6000,"label":" ","price":1.36},{"type":"B","date":"2018-03-26T02:34:11.000Z","volume":3000,"label":" ","price":1.36},{"type":"B","date":"2018-03-26T02:35:20.000Z","volume":3000,"label":" ","price":1.36},{"type":"A","date":"2018-03-26T02:36:17.000Z","volume":15000,"label":" ","price":1.37},{"type":"B","date":"2018-03-26T02:36:18.000Z","volume":6000,"label":" ","price":1.36},{"type":"A","date":"2018-03-26T02:39:20.000Z","volume":6000,"label":" ","price":1.37},{"type":"A","date":"2018-03-26T02:40:34.000Z","volume":3000,"label":" ","price":1.37},{"type":"A","date":"2018-03-26T02:43:04.000Z","volume":51000,"label":" ","price":1.37},{"type":"A","date":"2018-03-26T02:45:34.000Z","volume":3000,"label":"Y","price":1.38},{"type":"B","date":"2018-03-26T02:45:35.000Z","volume":3000,"label":" ","price":1.37},{"type":"B","date":"2018-03-26T02:46:34.000Z","volume":39000,"label":" ","price":1.37},{"type":"B","date":"2018-03-26T02:46:35.000Z","volume":6000,"label":"Y","price":1.37},{"type":"B","date":"2018-03-26T02:46:35.000Z","volume":3000,"label":" ","price":1.37},{"type":"B","date":"2018-03-26T02:46:35.000Z","volume":6000,"label":" ","price":1.36},{"type":"A","date":"2018-03-26T02:48:39.000Z","volume":3000,"label":" ","price":1.37},{"type":"A","date":"2018-03-26T02:55:49.000Z","volume":3000,"label":" ","price":1.37},{"type":"A","date":"2018-03-26T02:57:17.000Z","volume":3000,"label":" ","price":1.37},{"type":"B","date":"2018-03-26T02:57:48.000Z","volume":3000,"label":" ","price":1.36},{"type":"A","date":"2018-03-26T03:00:19.000Z","volume":3000,"label":" ","price":1.37},{"type":"B","date":"2018-03-26T03:06:57.000Z","volume":6000,"label":" ","price":1.36},{"type":"B","date":"2018-03-26T03:07:41.000Z","volume":6000,"label":" ","price":1.36},{"type":"A","date":"2018-03-26T03:11:49.000Z","volume":3000,"label":" ","price":1.37},{"type":"B","date":"2018-03-26T03:11:50.000Z","volume":3000,"label":"Y","price":1.36},{"type":"B","date":"2018-03-26T03:11:50.000Z","volume":3000,"label":" ","price":1.36},{"type":"B","date":"2018-03-26T03:14:52.000Z","volume":6000,"label":" ","price":1.36},{"type":"B","date":"2018-03-26T03:19:42.000Z","volume":3000,"label":" ","price":1.36},{"type":"U","date":"2018-03-26T03:19:42.000Z","volume":3000,"label":"X","price":1.36},{"type":"B","date":"2018-03-26T03:22:58.000Z","volume":6000,"label":" ","price":1.36},{"type":"B","date":"2018-03-26T03:25:30.000Z","volume":3000,"label":" ","price":1.36},{"type":"B","date":"2018-03-26T03:28:12.000Z","volume":6000,"label":" ","price":1.36},{"type":"B","date":"2018-03-26T03:28:13.000Z","volume":6000,"label":"Y","price":1.36},{"type":"A","date":"2018-03-26T03:28:19.000Z","volume":3000,"label":" ","price":1.37},{"type":"B","date":"2018-03-26T03:29:18.000Z","volume":3000,"label":"Y","price":1.36},{"type":"A","date":"2018-03-26T03:31:59.000Z","volume":18000,"label":" ","price":1.37},{"type":"B","date":"2018-03-26T03:39:58.000Z","volume":6000,"label":" ","price":1.36},{"type":"B","date":"2018-03-26T03:39:59.000Z","volume":6000,"label":" ","price":1.36},{"type":"A","date":"2018-03-26T03:40:04.000Z","volume":3000,"label":" ","price":1.37},{"type":"B","date":"2018-03-26T03:41:03.000Z","volume":3000,"label":" ","price":1.36},{"type":"B","date":"2018-03-26T03:42:36.000Z","volume":3000,"label":" ","price":1.36},{"type":"B","date":"2018-03-26T03:43:20.000Z","volume":3000,"label":" ","price":1.36},{"type":"B","date":"2018-03-26T03:46:13.000Z","volume":6000,"label":" ","price":1.36},{"type":"B","date":"2018-03-26T03:52:18.000Z","volume":3000,"label":" ","price":1.36},{"type":"B","date":"2018-03-26T03:52:40.000Z","volume":3000,"label":" ","price":1.36},{"type":"A","date":"2018-03-26T03:52:49.000Z","volume":3000,"label":" ","price":1.37},{"type":"B","date":"2018-03-26T03:56:13.000Z","volume":6000,"label":" ","price":1.36},{"type":"B","date":"2018-03-26T03:59:29.000Z","volume":6000,"label":" ","price":1.36},{"type":"A","date":"2018-03-26T05:00:02.000Z","volume":3000,"label":" ","price":1.37},{"type":"B","date":"2018-03-26T05:00:02.000Z","volume":3000,"label":" ","price":1.36},{"type":"B","date":"2018-03-26T05:00:02.000Z","volume":3000,"label":" ","price":1.36},{"type":"A","date":"2018-03-26T05:00:03.000Z","volume":27000,"label":" ","price":1.37},{"type":"B","date":"2018-03-26T05:00:04.000Z","volume":9000,"label":" ","price":1.36},{"type":"A","date":"2018-03-26T05:00:05.000Z","volume":3000,"label":" ","price":1.37},{"type":"B","date":"2018-03-26T05:00:06.000Z","volume":39000,"label":" ","price":1.36},{"type":"B","date":"2018-03-26T05:00:07.000Z","volume":15000,"label":" ","price":1.36},{"type":"B","date":"2018-03-26T05:04:30.000Z","volume":6000,"label":" ","price":1.36},{"type":"A","date":"2018-03-26T05:04:32.000Z","volume":3000,"label":" ","price":1.37},{"type":"B","date":"2018-03-26T05:05:37.000Z","volume":57000,"label":" ","price":1.36},{"type":"B","date":"2018-03-26T05:05:37.000Z","volume":624000,"label":" ","price":1.35},{"type":"B","date":"2018-03-26T05:05:38.000Z","volume":6000,"label":" ","price":1.35},{"type":"B","date":"2018-03-26T05:05:38.000Z","volume":216000,"label":" ","price":1.34},{"type":"B","date":"2018-03-26T05:19:28.000Z","volume":6000,"label":" ","price":1.35},{"type":"B","date":"2018-03-26T05:20:10.000Z","volume":6000,"label":" ","price":1.35},{"type":"B","date":"2018-03-26T05:21:02.000Z","volume":3000,"label":" ","price":1.35},{"type":"B","date":"2018-03-26T05:21:45.000Z","volume":6000,"label":" ","price":1.35},{"type":"B","date":"2018-03-26T05:24:02.000Z","volume":3000,"label":" ","price":1.35},{"type":"B","date":"2018-03-26T05:25:24.000Z","volume":3000,"label":" ","price":1.35},{"type":"B","date":"2018-03-26T05:28:31.000Z","volume":6000,"label":" ","price":1.35},{"type":"B","date":"2018-03-26T05:30:35.000Z","volume":3000,"label":" ","price":1.35},{"type":"B","date":"2018-03-26T05:31:15.000Z","volume":6000,"label":" ","price":1.35},{"type":"B","date":"2018-03-26T05:38:08.000Z","volume":6000,"label":" ","price":1.35},{"type":"A","date":"2018-03-26T05:39:52.000Z","volume":102000,"label":" ","price":1.36},{"type":"B","date":"2018-03-26T05:42:17.000Z","volume":6000,"label":" ","price":1.36},{"type":"B","date":"2018-03-26T05:42:25.000Z","volume":69000,"label":" ","price":1.36},{"type":"B","date":"2018-03-26T05:42:25.000Z","volume":87000,"label":" ","price":1.35},{"type":"B","date":"2018-03-26T05:42:25.000Z","volume":18000,"label":" ","price":1.35},{"type":"B","date":"2018-03-26T05:42:26.000Z","volume":57000,"label":" ","price":1.35},{"type":"B","date":"2018-03-26T05:42:26.000Z","volume":3000,"label":" ","price":1.34},{"type":"B","date":"2018-03-26T05:44:45.000Z","volume":6000,"label":"Y","price":1.35},{"type":"A","date":"2018-03-26T05:45:02.000Z","volume":3000,"label":"Y","price":1.36},{"type":"A","date":"2018-03-26T06:04:59.000Z","volume":9000,"label":" ","price":1.36},{"type":"B","date":"2018-03-26T06:06:31.000Z","volume":6000,"label":" ","price":1.35},{"type":"B","date":"2018-03-26T06:09:02.000Z","volume":3000,"label":" ","price":1.35},{"type":"B","date":"2018-03-26T06:10:16.000Z","volume":6000,"label":" ","price":1.35},{"type":"A","date":"2018-03-26T06:10:41.000Z","volume":90000,"label":" ","price":1.36},{"type":"A","date":"2018-03-26T06:10:41.000Z","volume":3000,"label":"Y","price":1.36},{"type":"A","date":"2018-03-26T06:10:41.000Z","volume":15000,"label":" ","price":1.36},{"type":"A","date":"2018-03-26T06:15:02.000Z","volume":3000,"label":" ","price":1.37},{"type":"A","date":"2018-03-26T06:19:06.000Z","volume":60000,"label":" ","price":1.36},{"type":"B","date":"2018-03-26T06:19:07.000Z","volume":24000,"label":" ","price":1.35},{"type":"B","date":"2018-03-26T06:20:20.000Z","volume":3000,"label":" ","price":1.35},{"type":"A","date":"2018-03-26T06:22:02.000Z","volume":3000,"label":" ","price":1.37},{"type":"A","date":"2018-03-26T06:23:44.000Z","volume":63000,"label":" ","price":1.37},{"type":"A","date":"2018-03-26T06:29:47.000Z","volume":3000,"label":" ","price":1.37},{"type":"U","date":"2018-03-26T06:33:02.000Z","volume":3000,"label":" ","price":1.36},{"type":"A","date":"2018-03-26T06:34:47.000Z","volume":3000,"label":" ","price":1.37},{"type":"A","date":"2018-03-26T06:37:17.000Z","volume":3000,"label":" ","price":1.37},{"type":"A","date":"2018-03-26T06:38:28.000Z","volume":3000,"label":" ","price":1.37},{"type":"A","date":"2018-03-26T06:41:47.000Z","volume":3000,"label":" ","price":1.37},{"type":"B","date":"2018-03-26T06:45:20.000Z","volume":3000,"label":" ","price":1.35},{"type":"B","date":"2018-03-26T06:45:47.000Z","volume":6000,"label":" ","price":1.35},{"type":"A","date":"2018-03-26T06:48:20.000Z","volume":6000,"label":" ","price":1.36},{"type":"A","date":"2018-03-26T06:50:32.000Z","volume":3000,"label":" ","price":1.37},{"type":"A","date":"2018-03-26T06:54:39.000Z","volume":12000,"label":" ","price":1.37},{"type":"B","date":"2018-03-26T06:56:02.000Z","volume":6000,"label":" ","price":1.36},{"type":"B","date":"2018-03-26T06:58:04.000Z","volume":6000,"label":" ","price":1.36},{"type":"A","date":"2018-03-26T07:00:09.000Z","volume":3000,"label":" ","price":1.37},{"type":"B","date":"2018-03-26T07:00:16.000Z","volume":3000,"label":" ","price":1.36},{"type":"A","date":"2018-03-26T07:00:47.000Z","volume":3000,"label":" ","price":1.37},{"type":"B","date":"2018-03-26T07:01:02.000Z","volume":3000,"label":" ","price":1.36},{"type":"A","date":"2018-03-26T07:06:17.000Z","volume":3000,"label":" ","price":1.37},{"type":"A","date":"2018-03-26T07:11:32.000Z","volume":3000,"label":" ","price":1.37},{"type":"B","date":"2018-03-26T07:14:02.000Z","volume":9000,"label":" ","price":1.36},{"type":"B","date":"2018-03-26T07:14:06.000Z","volume":3000,"label":" ","price":1.36},{"type":"U","date":"2018-03-26T07:14:06.000Z","volume":3000,"label":"X","price":1.36},{"type":"B","date":"2018-03-26T07:15:18.000Z","volume":3000,"label":" ","price":1.36},{"type":"A","date":"2018-03-26T07:16:47.000Z","volume":3000,"label":" ","price":1.37},{"type":"A","date":"2018-03-26T07:17:35.000Z","volume":3000,"label":" ","price":1.37},{"type":"A","date":"2018-03-26T07:17:47.000Z","volume":24000,"label":" ","price":1.37},{"type":"A","date":"2018-03-26T07:17:54.000Z","volume":3000,"label":" ","price":1.37},{"type":"A","date":"2018-03-26T07:18:09.000Z","volume":24000,"label":" ","price":1.37},{"type":"B","date":"2018-03-26T07:18:09.000Z","volume":9000,"label":" ","price":1.36},{"type":"A","date":"2018-03-26T07:18:17.000Z","volume":3000,"label":" ","price":1.37},{"type":"A","date":"2018-03-26T07:18:17.000Z","volume":3000,"label":" ","price":1.37},{"type":"A","date":"2018-03-26T07:18:23.000Z","volume":9000,"label":" ","price":1.37},{"type":"A","date":"2018-03-26T07:26:20.000Z","volume":42000,"label":" ","price":1.38},{"type":"B","date":"2018-03-26T07:26:36.000Z","volume":6000,"label":"Y","price":1.37},{"type":"B","date":"2018-03-26T07:27:19.000Z","volume":6000,"label":"Y","price":1.37},{"type":"B","date":"2018-03-26T07:28:37.000Z","volume":6000,"label":" ","price":1.37},{"type":"B","date":"2018-03-26T07:30:07.000Z","volume":3000,"label":"Y","price":1.37},{"type":"B","date":"2018-03-26T07:30:07.000Z","volume":42000,"label":" ","price":1.37},{"type":"B","date":"2018-03-26T07:30:08.000Z","volume":6000,"label":" ","price":1.37},{"type":"B","date":"2018-03-26T07:30:08.000Z","volume":3000,"label":" ","price":1.37},{"type":"B","date":"2018-03-26T07:33:19.000Z","volume":6000,"label":" ","price":1.37},{"type":"B","date":"2018-03-26T07:34:07.000Z","volume":6000,"label":" ","price":1.37},{"type":"B","date":"2018-03-26T07:34:17.000Z","volume":9000,"label":" ","price":1.37},{"type":"B","date":"2018-03-26T07:34:17.000Z","volume":21000,"label":" ","price":1.36},{"type":"B","date":"2018-03-26T07:36:36.000Z","volume":18000,"label":" ","price":1.37},{"type":"A","date":"2018-03-26T07:41:05.000Z","volume":3000,"label":" ","price":1.38},{"type":"B","date":"2018-03-26T07:41:17.000Z","volume":6000,"label":" ","price":1.37},{"type":"A","date":"2018-03-26T07:45:02.000Z","volume":3000,"label":" ","price":1.38},{"type":"B","date":"2018-03-26T07:45:43.000Z","volume":3000,"label":" ","price":1.37},{"type":"B","date":"2018-03-26T07:48:30.000Z","volume":3000,"label":" ","price":1.37},{"type":"A","date":"2018-03-26T07:48:32.000Z","volume":3000,"label":" ","price":1.38},{"type":"A","date":"2018-03-26T07:49:18.000Z","volume":57000,"label":" ","price":1.38},{"type":"B","date":"2018-03-26T07:51:19.000Z","volume":3000,"label":" ","price":1.37},{"type":"U","date":"2018-03-26T07:51:19.000Z","volume":3000,"label":"X","price":1.375},{"type":"A","date":"2018-03-26T07:52:02.000Z","volume":3000,"label":" ","price":1.38},{"type":"B","date":"2018-03-26T07:53:13.000Z","volume":3000,"label":" ","price":1.37},{"type":"B","date":"2018-03-26T07:53:38.000Z","volume":6000,"label":" ","price":1.37},{"type":"B","date":"2018-03-26T07:54:19.000Z","volume":6000,"label":" ","price":1.37},{"type":"A","date":"2018-03-26T07:54:32.000Z","volume":3000,"label":" ","price":1.38},{"type":"B","date":"2018-03-26T07:54:32.000Z","volume":33000,"label":" ","price":1.37},{"type":"B","date":"2018-03-26T07:55:38.000Z","volume":6000,"label":" ","price":1.37},{"type":"A","date":"2018-03-26T07:56:17.000Z","volume":3000,"label":" ","price":1.38},{"type":"B","date":"2018-03-26T07:56:50.000Z","volume":6000,"label":" ","price":1.37},{"type":"B","date":"2018-03-26T07:57:23.000Z","volume":3000,"label":" ","price":1.37},{"type":"B","date":"2018-03-26T07:57:38.000Z","volume":9000,"label":" ","price":1.37},{"type":"A","date":"2018-03-26T07:57:47.000Z","volume":3000,"label":" ","price":1.38},{"type":"B","date":"2018-03-26T07:58:20.000Z","volume":3000,"label":" ","price":1.37},{"type":"B","date":"2018-03-26T07:58:55.000Z","volume":3000,"label":" ","price":1.37},{"type":"A","date":"2018-03-26T07:59:13.000Z","volume":3000,"label":" ","price":1.38},{"type":"B","date":"2018-03-26T07:59:24.000Z","volume":3000,"label":" ","price":1.37},{"type":"A","date":"2018-03-26T07:59:33.000Z","volume":60000,"label":" ","price":1.38},{"type":"U","date":"2018-03-26T08:08:01.000Z","volume":12000,"label":"U","price":1.37}]