[{"type":"U","date":"2018-03-20T01:57:18.000Z","volume":75,"label":"D","price":10.54},{"type":"A","date":"2018-03-20T02:15:37.000Z","volume":600,"label":" ","price":10.66},{"type":"A","date":"2018-03-20T02:15:37.000Z","volume":400,"label":" ","price":10.66},{"type":"B","date":"2018-03-20T02:20:46.000Z","volume":9000,"label":" ","price":10.66},{"type":"B","date":"2018-03-20T02:20:47.000Z","volume":400,"label":" ","price":10.66},{"type":"B","date":"2018-03-20T02:20:47.000Z","volume":200,"label":" ","price":10.66},{"type":"B","date":"2018-03-20T02:20:58.000Z","volume":400,"label":"Y","price":10.66},{"type":"A","date":"2018-03-20T02:25:05.000Z","volume":3000,"label":"Y","price":10.66},{"type":"B","date":"2018-03-20T02:25:05.000Z","volume":200,"label":" ","price":10.64},{"type":"B","date":"2018-03-20T02:34:18.000Z","volume":9800,"label":"Y","price":10.64},{"type":"B","date":"2018-03-20T02:34:18.000Z","volume":200,"label":" ","price":10.64},{"type":"B","date":"2018-03-20T02:34:18.000Z","volume":400,"label":" ","price":10.64},{"type":"B","date":"2018-03-20T02:34:18.000Z","volume":200,"label":" ","price":10.64},{"type":"B","date":"2018-03-20T02:34:24.000Z","volume":200,"label":" ","price":10.64},{"type":"A","date":"2018-03-20T02:35:07.000Z","volume":1600,"label":" ","price":10.66},{"type":"B","date":"2018-03-20T02:35:11.000Z","volume":9200,"label":"Y","price":10.64},{"type":"B","date":"2018-03-20T02:35:12.000Z","volume":200,"label":" ","price":10.62},{"type":"A","date":"2018-03-20T02:35:31.000Z","volume":20000,"label":"Y","price":10.64},{"type":"B","date":"2018-03-20T02:35:31.000Z","volume":800,"label":" ","price":10.62},{"type":"B","date":"2018-03-20T02:35:32.000Z","volume":400,"label":" ","price":10.62},{"type":"B","date":"2018-03-20T02:35:40.000Z","volume":800,"label":" ","price":10.62},{"type":"B","date":"2018-03-20T02:37:27.000Z","volume":400,"label":" ","price":10.62},{"type":"B","date":"2018-03-20T02:40:03.000Z","volume":200,"label":" ","price":10.62},{"type":"B","date":"2018-03-20T02:43:33.000Z","volume":200,"label":" ","price":10.62},{"type":"B","date":"2018-03-20T02:44:41.000Z","volume":5400,"label":"Y","price":10.62},{"type":"B","date":"2018-03-20T02:44:41.000Z","volume":200,"label":" ","price":10.62},{"type":"A","date":"2018-03-20T02:47:25.000Z","volume":200,"label":" ","price":10.64},{"type":"B","date":"2018-03-20T02:54:34.000Z","volume":200,"label":" ","price":10.62},{"type":"B","date":"2018-03-20T02:54:34.000Z","volume":200,"label":" ","price":10.62},{"type":"A","date":"2018-03-20T03:01:11.000Z","volume":8000,"label":" ","price":10.64},{"type":"B","date":"2018-03-20T03:01:13.000Z","volume":200,"label":" ","price":10.62},{"type":"B","date":"2018-03-20T03:01:52.000Z","volume":4000,"label":" ","price":10.62},{"type":"B","date":"2018-03-20T03:01:52.000Z","volume":400,"label":" ","price":10.62},{"type":"B","date":"2018-03-20T03:09:19.000Z","volume":4000,"label":" ","price":10.62},{"type":"B","date":"2018-03-20T03:09:23.000Z","volume":400,"label":" ","price":10.62},{"type":"B","date":"2018-03-20T03:17:55.000Z","volume":3000,"label":" ","price":10.62},{"type":"B","date":"2018-03-20T03:17:58.000Z","volume":200,"label":" ","price":10.62},{"type":"B","date":"2018-03-20T03:18:05.000Z","volume":200,"label":" ","price":10.62},{"type":"B","date":"2018-03-20T03:23:59.000Z","volume":4000,"label":" ","price":10.62},{"type":"A","date":"2018-03-20T03:29:52.000Z","volume":2000,"label":"Y","price":10.64},{"type":"B","date":"2018-03-20T03:29:53.000Z","volume":200,"label":" ","price":10.62},{"type":"B","date":"2018-03-20T03:29:56.000Z","volume":400,"label":" ","price":10.62},{"type":"B","date":"2018-03-20T03:30:02.000Z","volume":200,"label":" ","price":10.62},{"type":"B","date":"2018-03-20T03:35:25.000Z","volume":2000,"label":" ","price":10.62},{"type":"B","date":"2018-03-20T03:37:11.000Z","volume":7200,"label":" ","price":10.62},{"type":"B","date":"2018-03-20T03:37:11.000Z","volume":15200,"label":" ","price":10.6},{"type":"B","date":"2018-03-20T03:37:11.000Z","volume":6400,"label":" ","price":10.6},{"type":"B","date":"2018-03-20T03:37:11.000Z","volume":2000,"label":" ","price":10.6},{"type":"B","date":"2018-03-20T03:37:15.000Z","volume":200,"label":" ","price":10.6},{"type":"B","date":"2018-03-20T03:37:17.000Z","volume":1400,"label":" ","price":10.6},{"type":"B","date":"2018-03-20T03:38:05.000Z","volume":600,"label":" ","price":10.6},{"type":"A","date":"2018-03-20T03:39:10.000Z","volume":2200,"label":" ","price":10.62},{"type":"A","date":"2018-03-20T03:39:10.000Z","volume":600,"label":"Y","price":10.64},{"type":"U","date":"2018-03-20T03:39:33.000Z","volume":100,"label":"D","price":10.56},{"type":"B","date":"2018-03-20T03:39:45.000Z","volume":200,"label":" ","price":10.64},{"type":"B","date":"2018-03-20T03:49:39.000Z","volume":200,"label":" ","price":10.6},{"type":"B","date":"2018-03-20T03:53:25.000Z","volume":6000,"label":" ","price":10.6},{"type":"A","date":"2018-03-20T05:00:07.000Z","volume":200,"label":" ","price":10.62},{"type":"A","date":"2018-03-20T05:00:21.000Z","volume":1000,"label":" ","price":10.62},{"type":"A","date":"2018-03-20T05:06:47.000Z","volume":200,"label":" ","price":10.64},{"type":"A","date":"2018-03-20T05:21:18.000Z","volume":9200,"label":" ","price":10.64},{"type":"U","date":"2018-03-20T05:22:05.000Z","volume":175,"label":"D","price":10.54},{"type":"B","date":"2018-03-20T05:37:26.000Z","volume":10800,"label":" ","price":10.64},{"type":"A","date":"2018-03-20T05:40:44.000Z","volume":1200,"label":"Y","price":10.64},{"type":"A","date":"2018-03-20T05:40:44.000Z","volume":1400,"label":" ","price":10.64},{"type":"A","date":"2018-03-20T05:45:44.000Z","volume":1200,"label":" ","price":10.68},{"type":"B","date":"2018-03-20T05:56:54.000Z","volume":8400,"label":" ","price":10.66},{"type":"A","date":"2018-03-20T06:10:05.000Z","volume":1800,"label":" ","price":10.68},{"type":"B","date":"2018-03-20T06:18:13.000Z","volume":9600,"label":" ","price":10.66},{"type":"B","date":"2018-03-20T06:18:16.000Z","volume":800,"label":" ","price":10.66},{"type":"B","date":"2018-03-20T06:18:16.000Z","volume":200,"label":"Y","price":10.66},{"type":"A","date":"2018-03-20T06:31:06.000Z","volume":3400,"label":" ","price":10.68},{"type":"B","date":"2018-03-20T06:31:11.000Z","volume":200,"label":" ","price":10.66},{"type":"B","date":"2018-03-20T06:43:57.000Z","volume":6000,"label":" ","price":10.66},{"type":"B","date":"2018-03-20T06:50:33.000Z","volume":200,"label":" ","price":10.66},{"type":"B","date":"2018-03-20T06:55:48.000Z","volume":400,"label":" ","price":10.66},{"type":"A","date":"2018-03-20T07:03:56.000Z","volume":6000,"label":"Y","price":10.68},{"type":"A","date":"2018-03-20T07:03:56.000Z","volume":2000,"label":" ","price":10.68},{"type":"B","date":"2018-03-20T07:03:56.000Z","volume":400,"label":" ","price":10.68},{"type":"B","date":"2018-03-20T07:03:56.000Z","volume":800,"label":" ","price":10.68},{"type":"B","date":"2018-03-20T07:04:18.000Z","volume":200,"label":" ","price":10.68},{"type":"A","date":"2018-03-20T07:35:08.000Z","volume":200,"label":" ","price":10.7},{"type":"A","date":"2018-03-20T07:40:22.000Z","volume":4600,"label":" ","price":10.7},{"type":"B","date":"2018-03-20T07:40:22.000Z","volume":200,"label":" ","price":10.7},{"type":"B","date":"2018-03-20T07:40:22.000Z","volume":200,"label":" ","price":10.7},{"type":"B","date":"2018-03-20T07:44:17.000Z","volume":5000,"label":" ","price":10.7},{"type":"B","date":"2018-03-20T07:44:58.000Z","volume":1600,"label":" ","price":10.68},{"type":"A","date":"2018-03-20T07:51:10.000Z","volume":9000,"label":" ","price":10.68},{"type":"B","date":"2018-03-20T07:51:15.000Z","volume":200,"label":" ","price":10.66},{"type":"B","date":"2018-03-20T07:59:27.000Z","volume":200,"label":" ","price":10.66},{"type":"B","date":"2018-03-20T07:59:27.000Z","volume":400,"label":" ","price":10.66},{"type":"B","date":"2018-03-20T07:59:27.000Z","volume":200,"label":" ","price":10.66},{"type":"B","date":"2018-03-20T07:59:37.000Z","volume":400,"label":" ","price":10.66},{"type":"U","date":"2018-03-20T08:08:31.000Z","volume":600,"label":"U","price":10.66}]