[{"type":"U","date":"2018-03-29T01:20:00.000Z","volume":5000,"label":"U","price":14.42},{"type":"B","date":"2018-03-29T01:30:26.000Z","volume":500,"label":" ","price":14.8},{"type":"B","date":"2018-03-29T01:30:34.000Z","volume":1000,"label":" ","price":14.52},{"type":"B","date":"2018-03-29T01:31:24.000Z","volume":13500,"label":" ","price":14.5},{"type":"B","date":"2018-03-29T01:31:25.000Z","volume":3000,"label":" ","price":14.42},{"type":"B","date":"2018-03-29T01:36:48.000Z","volume":10000,"label":" ","price":14.5},{"type":"B","date":"2018-03-29T01:36:49.000Z","volume":2500,"label":" ","price":14.46},{"type":"A","date":"2018-03-29T01:38:10.000Z","volume":500,"label":" ","price":14.5},{"type":"A","date":"2018-03-29T01:38:10.000Z","volume":500,"label":" ","price":14.52},{"type":"B","date":"2018-03-29T01:38:37.000Z","volume":4500,"label":" ","price":14.48},{"type":"B","date":"2018-03-29T01:38:37.000Z","volume":500,"label":" ","price":14.48},{"type":"B","date":"2018-03-29T01:38:38.000Z","volume":1000,"label":" ","price":14.48},{"type":"B","date":"2018-03-29T01:41:10.000Z","volume":500,"label":" ","price":14.52},{"type":"B","date":"2018-03-29T01:41:10.000Z","volume":500,"label":" ","price":14.5},{"type":"B","date":"2018-03-29T01:41:11.000Z","volume":500,"label":" ","price":14.5},{"type":"B","date":"2018-03-29T01:41:38.000Z","volume":3500,"label":" ","price":14.5},{"type":"B","date":"2018-03-29T01:41:39.000Z","volume":500,"label":" ","price":14.5},{"type":"B","date":"2018-03-29T01:45:32.000Z","volume":1500,"label":" ","price":14.5},{"type":"B","date":"2018-03-29T01:45:33.000Z","volume":500,"label":" ","price":14.5},{"type":"B","date":"2018-03-29T01:51:01.000Z","volume":1500,"label":" ","price":14.5},{"type":"B","date":"2018-03-29T01:51:23.000Z","volume":2000,"label":" ","price":14.5},{"type":"B","date":"2018-03-29T01:51:24.000Z","volume":500,"label":" ","price":14.46},{"type":"B","date":"2018-03-29T01:52:46.000Z","volume":7000,"label":" ","price":14.46},{"type":"B","date":"2018-03-29T01:52:46.000Z","volume":3000,"label":" ","price":14.46},{"type":"B","date":"2018-03-29T01:52:47.000Z","volume":2000,"label":" ","price":14.46},{"type":"A","date":"2018-03-29T01:57:12.000Z","volume":2000,"label":" ","price":14.46},{"type":"B","date":"2018-03-29T01:57:13.000Z","volume":500,"label":" ","price":14.42},{"type":"B","date":"2018-03-29T01:58:13.000Z","volume":2000,"label":" ","price":14.42},{"type":"B","date":"2018-03-29T01:58:14.000Z","volume":500,"label":" ","price":14.42},{"type":"U","date":"2018-03-29T02:00:02.000Z","volume":500,"label":" ","price":14.48},{"type":"B","date":"2018-03-29T02:08:13.000Z","volume":2000,"label":" ","price":14.38},{"type":"B","date":"2018-03-29T02:08:13.000Z","volume":500,"label":" ","price":14.38},{"type":"B","date":"2018-03-29T02:08:35.000Z","volume":500,"label":" ","price":14.38},{"type":"B","date":"2018-03-29T02:09:43.000Z","volume":7000,"label":" ","price":14.38},{"type":"B","date":"2018-03-29T02:09:44.000Z","volume":1000,"label":" ","price":14.3},{"type":"B","date":"2018-03-29T02:09:44.000Z","volume":1000,"label":" ","price":14.24},{"type":"B","date":"2018-03-29T02:09:44.000Z","volume":1000,"label":"Y","price":14.2},{"type":"A","date":"2018-03-29T02:19:03.000Z","volume":1000,"label":" ","price":14.36},{"type":"A","date":"2018-03-29T02:19:03.000Z","volume":3000,"label":" ","price":14.38},{"type":"A","date":"2018-03-29T02:19:03.000Z","volume":3500,"label":" ","price":14.46},{"type":"B","date":"2018-03-29T02:19:04.000Z","volume":500,"label":" ","price":14.48},{"type":"U","date":"2018-03-29T02:19:12.000Z","volume":500,"label":" ","price":14.62},{"type":"B","date":"2018-03-29T02:24:54.000Z","volume":3000,"label":" ","price":14.48},{"type":"B","date":"2018-03-29T02:24:55.000Z","volume":500,"label":" ","price":14.48},{"type":"B","date":"2018-03-29T02:30:52.000Z","volume":6000,"label":" ","price":14.48},{"type":"B","date":"2018-03-29T02:30:53.000Z","volume":1000,"label":" ","price":14.48},{"type":"B","date":"2018-03-29T02:30:58.000Z","volume":500,"label":" ","price":14.48},{"type":"B","date":"2018-03-29T02:30:59.000Z","volume":500,"label":" ","price":14.48},{"type":"B","date":"2018-03-29T02:34:28.000Z","volume":500,"label":" ","price":14.48},{"type":"B","date":"2018-03-29T02:38:27.000Z","volume":3000,"label":" ","price":14.3},{"type":"B","date":"2018-03-29T02:38:28.000Z","volume":500,"label":" ","price":14.3},{"type":"B","date":"2018-03-29T02:39:13.000Z","volume":6500,"label":" ","price":14.3},{"type":"A","date":"2018-03-29T02:39:13.000Z","volume":1500,"label":" ","price":14.3},{"type":"A","date":"2018-03-29T02:39:14.000Z","volume":1500,"label":" ","price":14.3},{"type":"B","date":"2018-03-29T02:39:14.000Z","volume":500,"label":" ","price":14.24},{"type":"B","date":"2018-03-29T02:39:14.000Z","volume":500,"label":" ","price":14.22},{"type":"B","date":"2018-03-29T02:39:14.000Z","volume":1000,"label":" ","price":14.2},{"type":"A","date":"2018-03-29T02:41:18.000Z","volume":500,"label":" ","price":14.3},{"type":"A","date":"2018-03-29T02:46:28.000Z","volume":4500,"label":" ","price":14.48},{"type":"B","date":"2018-03-29T02:46:45.000Z","volume":500,"label":" ","price":14.46},{"type":"A","date":"2018-03-29T03:01:17.000Z","volume":4000,"label":" ","price":14.46},{"type":"A","date":"2018-03-29T03:03:08.000Z","volume":500,"label":" ","price":14.46},{"type":"A","date":"2018-03-29T03:14:22.000Z","volume":500,"label":" ","price":14.74},{"type":"A","date":"2018-03-29T03:29:22.000Z","volume":500,"label":" ","price":14.76},{"type":"A","date":"2018-03-29T03:44:22.000Z","volume":500,"label":" ","price":14.76},{"type":"A","date":"2018-03-29T03:59:22.000Z","volume":500,"label":" ","price":14.68},{"type":"A","date":"2018-03-29T05:09:56.000Z","volume":3000,"label":" ","price":14.64},{"type":"A","date":"2018-03-29T05:09:56.000Z","volume":10000,"label":"Y","price":14.66},{"type":"A","date":"2018-03-29T05:09:56.000Z","volume":500,"label":" ","price":14.68},{"type":"B","date":"2018-03-29T05:12:23.000Z","volume":500,"label":" ","price":14.68},{"type":"B","date":"2018-03-29T05:15:26.000Z","volume":5000,"label":"Y","price":14.68},{"type":"B","date":"2018-03-29T05:22:51.000Z","volume":500,"label":" ","price":14.68},{"type":"A","date":"2018-03-29T05:29:23.000Z","volume":500,"label":" ","price":14.7},{"type":"B","date":"2018-03-29T05:29:37.000Z","volume":10000,"label":" ","price":14.68},{"type":"B","date":"2018-03-29T05:29:37.000Z","volume":500,"label":" ","price":14.68},{"type":"A","date":"2018-03-29T05:44:23.000Z","volume":500,"label":" ","price":14.7},{"type":"B","date":"2018-03-29T05:46:45.000Z","volume":500,"label":" ","price":14.6},{"type":"B","date":"2018-03-29T05:56:17.000Z","volume":500,"label":" ","price":14.52},{"type":"B","date":"2018-03-29T05:56:17.000Z","volume":500,"label":" ","price":14.5},{"type":"A","date":"2018-03-29T06:14:23.000Z","volume":500,"label":" ","price":14.7},{"type":"A","date":"2018-03-29T06:29:23.000Z","volume":500,"label":" ","price":14.68},{"type":"A","date":"2018-03-29T06:44:23.000Z","volume":500,"label":" ","price":14.68},{"type":"A","date":"2018-03-29T06:59:23.000Z","volume":500,"label":" ","price":14.68},{"type":"A","date":"2018-03-29T07:14:23.000Z","volume":1000,"label":" ","price":14.68},{"type":"A","date":"2018-03-29T07:19:29.000Z","volume":1500,"label":" ","price":14.68},{"type":"A","date":"2018-03-29T07:29:23.000Z","volume":500,"label":" ","price":14.68},{"type":"B","date":"2018-03-29T07:31:11.000Z","volume":5000,"label":" ","price":14.6},{"type":"B","date":"2018-03-29T07:32:07.000Z","volume":5000,"label":" ","price":14.58},{"type":"A","date":"2018-03-29T07:44:43.000Z","volume":1000,"label":" ","price":14.68},{"type":"B","date":"2018-03-29T07:56:25.000Z","volume":1000,"label":" ","price":14.56},{"type":"A","date":"2018-03-29T07:59:13.000Z","volume":1500,"label":" ","price":14.68},{"type":"B","date":"2018-03-29T07:59:17.000Z","volume":500,"label":" ","price":14.56}]