[{"type":"B","date":"2018-03-22T01:33:11.000Z","volume":8000,"label":" ","price":1.04},{"type":"A","date":"2018-03-22T01:38:20.000Z","volume":4000,"label":" ","price":1.04},{"type":"B","date":"2018-03-22T01:42:59.000Z","volume":20000,"label":" ","price":1.04},{"type":"B","date":"2018-03-22T01:45:48.000Z","volume":8000,"label":" ","price":1.04},{"type":"B","date":"2018-03-22T01:49:37.000Z","volume":16000,"label":" ","price":1.04},{"type":"A","date":"2018-03-22T02:12:41.000Z","volume":4000,"label":" ","price":1.04},{"type":"A","date":"2018-03-22T02:13:05.000Z","volume":4000,"label":" ","price":1.04},{"type":"U","date":"2018-03-22T02:24:54.000Z","volume":750,"label":"D","price":1},{"type":"A","date":"2018-03-22T02:25:00.000Z","volume":20000,"label":" ","price":1.04},{"type":"A","date":"2018-03-22T02:25:06.000Z","volume":8000,"label":" ","price":1.04},{"type":"A","date":"2018-03-22T02:25:42.000Z","volume":8000,"label":" ","price":1.04},{"type":"A","date":"2018-03-22T02:31:18.000Z","volume":8000,"label":" ","price":1.04},{"type":"A","date":"2018-03-22T02:31:50.000Z","volume":4000,"label":" ","price":1.04},{"type":"A","date":"2018-03-22T02:39:55.000Z","volume":4000,"label":" ","price":1.04},{"type":"B","date":"2018-03-22T03:01:58.000Z","volume":184000,"label":" ","price":1.03},{"type":"B","date":"2018-03-22T03:02:03.000Z","volume":4000,"label":" ","price":1.03},{"type":"B","date":"2018-03-22T03:11:48.000Z","volume":24000,"label":" ","price":1.03},{"type":"B","date":"2018-03-22T03:11:48.000Z","volume":16000,"label":" ","price":1.02},{"type":"A","date":"2018-03-22T03:13:07.000Z","volume":8000,"label":" ","price":1.03},{"type":"A","date":"2018-03-22T03:13:56.000Z","volume":12000,"label":" ","price":1.03},{"type":"A","date":"2018-03-22T03:14:31.000Z","volume":40000,"label":" ","price":1.03},{"type":"A","date":"2018-03-22T03:14:38.000Z","volume":4000,"label":" ","price":1.03},{"type":"B","date":"2018-03-22T03:20:41.000Z","volume":4000,"label":" ","price":1.02},{"type":"B","date":"2018-03-22T03:24:07.000Z","volume":20000,"label":" ","price":1.02},{"type":"B","date":"2018-03-22T03:28:16.000Z","volume":64000,"label":" ","price":1.02},{"type":"A","date":"2018-03-22T03:34:40.000Z","volume":4000,"label":" ","price":1.03},{"type":"B","date":"2018-03-22T03:48:37.000Z","volume":52000,"label":" ","price":1.02},{"type":"B","date":"2018-03-22T05:07:26.000Z","volume":200000,"label":" ","price":1.02},{"type":"B","date":"2018-03-22T05:12:26.000Z","volume":100000,"label":" ","price":1.02},{"type":"A","date":"2018-03-22T05:17:11.000Z","volume":16000,"label":" ","price":1.03},{"type":"B","date":"2018-03-22T05:41:37.000Z","volume":4000,"label":" ","price":1.02},{"type":"A","date":"2018-03-22T05:45:32.000Z","volume":12000,"label":" ","price":1.03},{"type":"B","date":"2018-03-22T05:45:48.000Z","volume":152000,"label":" ","price":1.02},{"type":"B","date":"2018-03-22T05:45:59.000Z","volume":32000,"label":" ","price":1.02},{"type":"B","date":"2018-03-22T05:50:20.000Z","volume":20000,"label":" ","price":1.02},{"type":"A","date":"2018-03-22T05:55:44.000Z","volume":8000,"label":" ","price":1.03},{"type":"A","date":"2018-03-22T06:03:56.000Z","volume":8000,"label":" ","price":1.03},{"type":"A","date":"2018-03-22T06:13:58.000Z","volume":20000,"label":" ","price":1.03},{"type":"A","date":"2018-03-22T06:14:10.000Z","volume":40000,"label":" ","price":1.03},{"type":"B","date":"2018-03-22T06:14:14.000Z","volume":4000,"label":" ","price":1.02},{"type":"B","date":"2018-03-22T06:14:22.000Z","volume":4000,"label":" ","price":1.02},{"type":"B","date":"2018-03-22T06:42:48.000Z","volume":44000,"label":"Y","price":1.02},{"type":"B","date":"2018-03-22T06:42:48.000Z","volume":36000,"label":" ","price":1.02},{"type":"B","date":"2018-03-22T07:00:30.000Z","volume":44000,"label":" ","price":1.02},{"type":"B","date":"2018-03-22T07:02:52.000Z","volume":16000,"label":"Y","price":1.02},{"type":"B","date":"2018-03-22T07:05:32.000Z","volume":16000,"label":"Y","price":1.02},{"type":"B","date":"2018-03-22T07:05:32.000Z","volume":80000,"label":" ","price":1.02},{"type":"B","date":"2018-03-22T07:06:16.000Z","volume":40000,"label":" ","price":1.02},{"type":"B","date":"2018-03-22T07:59:46.000Z","volume":300000,"label":" ","price":1.02}]