[{"type":"U","date":"2018-03-22T01:04:59.000Z","volume":100000,"label":"P","price":14.474},{"type":"U","date":"2018-03-22T01:04:59.000Z","volume":900000,"label":"P","price":14.475},{"type":"U","date":"2018-03-22T01:04:59.000Z","volume":100000,"label":"P","price":14.499},{"type":"U","date":"2018-03-22T01:04:59.000Z","volume":900000,"label":"P","price":14.5},{"type":"U","date":"2018-03-22T01:04:59.000Z","volume":25400,"label":"P","price":14.499},{"type":"U","date":"2018-03-22T01:04:59.000Z","volume":228600,"label":"P","price":14.5},{"type":"U","date":"2018-03-22T01:20:00.000Z","volume":14000,"label":"U","price":14.6},{"type":"A","date":"2018-03-22T01:30:02.000Z","volume":2000,"label":" ","price":14.6},{"type":"B","date":"2018-03-22T01:30:30.000Z","volume":14000,"label":" ","price":14.58},{"type":"A","date":"2018-03-22T01:30:31.000Z","volume":2000,"label":" ","price":14.6},{"type":"U","date":"2018-03-22T01:30:32.000Z","volume":2000,"label":" ","price":14.58},{"type":"U","date":"2018-03-22T01:30:32.000Z","volume":2000,"label":" ","price":14.58},{"type":"U","date":"2018-03-22T01:30:50.000Z","volume":2000,"label":"X","price":14.56},{"type":"B","date":"2018-03-22T01:31:17.000Z","volume":12000,"label":" ","price":14.56},{"type":"B","date":"2018-03-22T01:31:17.000Z","volume":6000,"label":" ","price":14.54},{"type":"B","date":"2018-03-22T01:31:17.000Z","volume":2000,"label":" ","price":14.52},{"type":"B","date":"2018-03-22T01:31:18.000Z","volume":2000,"label":" ","price":14.5},{"type":"B","date":"2018-03-22T01:31:18.000Z","volume":2000,"label":" ","price":14.5},{"type":"A","date":"2018-03-22T01:31:20.000Z","volume":4000,"label":" ","price":14.56},{"type":"A","date":"2018-03-22T01:31:21.000Z","volume":2000,"label":" ","price":14.56},{"type":"A","date":"2018-03-22T01:31:54.000Z","volume":6000,"label":" ","price":14.56},{"type":"A","date":"2018-03-22T01:31:54.000Z","volume":2000,"label":" ","price":14.56},{"type":"B","date":"2018-03-22T01:32:10.000Z","volume":2000,"label":" ","price":14.48},{"type":"B","date":"2018-03-22T01:32:33.000Z","volume":4000,"label":" ","price":14.48},{"type":"A","date":"2018-03-22T01:32:34.000Z","volume":4000,"label":" ","price":14.58},{"type":"A","date":"2018-03-22T01:32:35.000Z","volume":2000,"label":" ","price":14.56},{"type":"B","date":"2018-03-22T01:32:55.000Z","volume":2000,"label":" ","price":14.5},{"type":"B","date":"2018-03-22T01:33:18.000Z","volume":8000,"label":" ","price":14.5},{"type":"A","date":"2018-03-22T01:33:18.000Z","volume":2000,"label":" ","price":14.58},{"type":"A","date":"2018-03-22T01:33:18.000Z","volume":4000,"label":" ","price":14.58},{"type":"A","date":"2018-03-22T01:33:23.000Z","volume":2000,"label":" ","price":14.58},{"type":"A","date":"2018-03-22T01:33:25.000Z","volume":2000,"label":" ","price":14.58},{"type":"U","date":"2018-03-22T01:33:26.000Z","volume":4000,"label":" ","price":14.56},{"type":"U","date":"2018-03-22T01:33:26.000Z","volume":2000,"label":" ","price":14.56},{"type":"A","date":"2018-03-22T01:33:26.000Z","volume":4000,"label":" ","price":14.58},{"type":"A","date":"2018-03-22T01:33:33.000Z","volume":30000,"label":" ","price":14.58},{"type":"A","date":"2018-03-22T01:33:33.000Z","volume":4000,"label":" ","price":14.6},{"type":"A","date":"2018-03-22T01:33:33.000Z","volume":4000,"label":" ","price":14.6},{"type":"A","date":"2018-03-22T01:33:33.000Z","volume":2000,"label":" ","price":14.6},{"type":"A","date":"2018-03-22T01:33:33.000Z","volume":2000,"label":" ","price":14.6},{"type":"A","date":"2018-03-22T01:33:34.000Z","volume":8000,"label":" ","price":14.6},{"type":"A","date":"2018-03-22T01:33:34.000Z","volume":2000,"label":" ","price":14.6},{"type":"A","date":"2018-03-22T01:33:35.000Z","volume":30000,"label":" ","price":14.6},{"type":"A","date":"2018-03-22T01:33:35.000Z","volume":4000,"label":" ","price":14.62},{"type":"A","date":"2018-03-22T01:33:35.000Z","volume":4000,"label":" ","price":14.62},{"type":"A","date":"2018-03-22T01:33:35.000Z","volume":6000,"label":" ","price":14.62},{"type":"A","date":"2018-03-22T01:33:35.000Z","volume":4000,"label":" ","price":14.62},{"type":"A","date":"2018-03-22T01:33:35.000Z","volume":10000,"label":" ","price":14.62},{"type":"A","date":"2018-03-22T01:33:36.000Z","volume":4000,"label":" ","price":14.64},{"type":"A","date":"2018-03-22T01:33:36.000Z","volume":2000,"label":" ","price":14.64},{"type":"A","date":"2018-03-22T01:33:38.000Z","volume":4000,"label":" ","price":14.66},{"type":"A","date":"2018-03-22T01:33:39.000Z","volume":2000,"label":" ","price":14.66},{"type":"A","date":"2018-03-22T01:33:40.000Z","volume":2000,"label":" ","price":14.66},{"type":"A","date":"2018-03-22T01:33:40.000Z","volume":6000,"label":" ","price":14.66},{"type":"B","date":"2018-03-22T01:34:04.000Z","volume":30000,"label":" ","price":14.62},{"type":"A","date":"2018-03-22T01:34:04.000Z","volume":2000,"label":" ","price":14.66},{"type":"A","date":"2018-03-22T01:34:05.000Z","volume":2000,"label":" ","price":14.66},{"type":"B","date":"2018-03-22T01:34:05.000Z","volume":2000,"label":" ","price":14.64},{"type":"A","date":"2018-03-22T01:34:05.000Z","volume":4000,"label":" ","price":14.66},{"type":"A","date":"2018-03-22T01:34:06.000Z","volume":4000,"label":" ","price":14.66},{"type":"B","date":"2018-03-22T01:34:17.000Z","volume":2000,"label":" ","price":14.64},{"type":"B","date":"2018-03-22T01:34:17.000Z","volume":2000,"label":" ","price":14.64},{"type":"A","date":"2018-03-22T01:34:19.000Z","volume":2000,"label":" ","price":14.66},{"type":"B","date":"2018-03-22T01:35:03.000Z","volume":2000,"label":" ","price":14.64},{"type":"B","date":"2018-03-22T01:35:03.000Z","volume":2000,"label":" ","price":14.64},{"type":"B","date":"2018-03-22T01:35:18.000Z","volume":18000,"label":" ","price":14.64},{"type":"U","date":"2018-03-22T01:35:42.000Z","volume":150,"label":"D","price":14.537},{"type":"B","date":"2018-03-22T01:35:50.000Z","volume":10000,"label":" ","price":14.64},{"type":"B","date":"2018-03-22T01:35:59.000Z","volume":10000,"label":" ","price":14.64},{"type":"B","date":"2018-03-22T01:35:59.000Z","volume":8000,"label":" ","price":14.64},{"type":"B","date":"2018-03-22T01:36:00.000Z","volume":2000,"label":" ","price":14.64},{"type":"B","date":"2018-03-22T01:36:20.000Z","volume":4000,"label":" ","price":14.64},{"type":"B","date":"2018-03-22T01:36:24.000Z","volume":18000,"label":" ","price":14.64},{"type":"B","date":"2018-03-22T01:36:24.000Z","volume":2000,"label":" ","price":14.64},{"type":"B","date":"2018-03-22T01:37:01.000Z","volume":6000,"label":" ","price":14.64},{"type":"A","date":"2018-03-22T01:37:02.000Z","volume":2000,"label":" ","price":14.66},{"type":"A","date":"2018-03-22T01:37:02.000Z","volume":4000,"label":" ","price":14.66},{"type":"B","date":"2018-03-22T01:37:02.000Z","volume":2000,"label":" ","price":14.64},{"type":"B","date":"2018-03-22T01:37:10.000Z","volume":26000,"label":" ","price":14.64},{"type":"B","date":"2018-03-22T01:37:19.000Z","volume":16000,"label":" ","price":14.64},{"type":"B","date":"2018-03-22T01:37:20.000Z","volume":2000,"label":" ","price":14.62},{"type":"A","date":"2018-03-22T01:37:21.000Z","volume":2000,"label":" ","price":14.64},{"type":"B","date":"2018-03-22T01:37:33.000Z","volume":2000,"label":" ","price":14.58},{"type":"B","date":"2018-03-22T01:37:33.000Z","volume":2000,"label":" ","price":14.58},{"type":"B","date":"2018-03-22T01:37:33.000Z","volume":2000,"label":" ","price":14.58},{"type":"B","date":"2018-03-22T01:37:33.000Z","volume":8000,"label":" ","price":14.58},{"type":"B","date":"2018-03-22T01:37:33.000Z","volume":2000,"label":" ","price":14.58},{"type":"A","date":"2018-03-22T01:37:35.000Z","volume":2000,"label":" ","price":14.64},{"type":"B","date":"2018-03-22T01:37:36.000Z","volume":2000,"label":" ","price":14.58},{"type":"B","date":"2018-03-22T01:37:36.000Z","volume":2000,"label":" ","price":14.58},{"type":"B","date":"2018-03-22T01:38:22.000Z","volume":2000,"label":" ","price":14.6},{"type":"B","date":"2018-03-22T01:38:42.000Z","volume":2000,"label":" ","price":14.6},{"type":"B","date":"2018-03-22T01:39:31.000Z","volume":6000,"label":" ","price":14.6},{"type":"A","date":"2018-03-22T01:39:33.000Z","volume":2000,"label":" ","price":14.62},{"type":"B","date":"2018-03-22T01:39:49.000Z","volume":4000,"label":" ","price":14.6},{"type":"B","date":"2018-03-22T01:40:03.000Z","volume":4000,"label":" ","price":14.6},{"type":"B","date":"2018-03-22T01:40:04.000Z","volume":6000,"label":" ","price":14.6},{"type":"B","date":"2018-03-22T01:40:38.000Z","volume":2000,"label":" ","price":14.56},{"type":"B","date":"2018-03-22T01:40:38.000Z","volume":2000,"label":" ","price":14.54},{"type":"B","date":"2018-03-22T01:40:38.000Z","volume":4000,"label":" ","price":14.52},{"type":"B","date":"2018-03-22T01:41:25.000Z","volume":2000,"label":" ","price":14.52},{"type":"B","date":"2018-03-22T01:41:25.000Z","volume":4000,"label":" ","price":14.52},{"type":"B","date":"2018-03-22T01:41:25.000Z","volume":4000,"label":" ","price":14.52},{"type":"A","date":"2018-03-22T01:41:26.000Z","volume":8000,"label":"Y","price":14.52},{"type":"A","date":"2018-03-22T01:41:26.000Z","volume":8000,"label":"Y","price":14.52},{"type":"A","date":"2018-03-22T01:41:26.000Z","volume":4000,"label":" ","price":14.52},{"type":"A","date":"2018-03-22T01:41:26.000Z","volume":6000,"label":" ","price":14.58},{"type":"B","date":"2018-03-22T01:41:26.000Z","volume":8000,"label":" ","price":14.52},{"type":"A","date":"2018-03-22T01:41:27.000Z","volume":6000,"label":" ","price":14.58},{"type":"A","date":"2018-03-22T01:41:36.000Z","volume":8000,"label":" ","price":14.58},{"type":"B","date":"2018-03-22T01:41:36.000Z","volume":2000,"label":" ","price":14.58},{"type":"A","date":"2018-03-22T01:42:44.000Z","volume":2000,"label":" ","price":14.6},{"type":"B","date":"2018-03-22T01:45:04.000Z","volume":58000,"label":" ","price":14.58},{"type":"A","date":"2018-03-22T01:45:06.000Z","volume":2000,"label":" ","price":14.6},{"type":"A","date":"2018-03-22T01:45:08.000Z","volume":4000,"label":" ","price":14.6},{"type":"A","date":"2018-03-22T01:46:04.000Z","volume":4000,"label":" ","price":14.58},{"type":"A","date":"2018-03-22T01:46:07.000Z","volume":2000,"label":" ","price":14.58},{"type":"U","date":"2018-03-22T01:48:33.000Z","volume":2000,"label":"X","price":14.56},{"type":"B","date":"2018-03-22T01:48:33.000Z","volume":4000,"label":" ","price":14.54},{"type":"B","date":"2018-03-22T01:48:34.000Z","volume":4000,"label":" ","price":14.54},{"type":"B","date":"2018-03-22T01:48:34.000Z","volume":2000,"label":" ","price":14.54},{"type":"A","date":"2018-03-22T01:48:36.000Z","volume":2000,"label":" ","price":14.54},{"type":"A","date":"2018-03-22T01:48:44.000Z","volume":4000,"label":" ","price":14.54},{"type":"A","date":"2018-03-22T01:48:45.000Z","volume":4000,"label":" ","price":14.54},{"type":"A","date":"2018-03-22T01:48:45.000Z","volume":2000,"label":" ","price":14.54},{"type":"A","date":"2018-03-22T01:48:46.000Z","volume":2000,"label":" ","price":14.54},{"type":"U","date":"2018-03-22T01:48:46.000Z","volume":2000,"label":"X","price":14.56},{"type":"A","date":"2018-03-22T01:49:09.000Z","volume":2000,"label":" ","price":14.54},{"type":"A","date":"2018-03-22T01:49:55.000Z","volume":2000,"label":" ","price":14.56},{"type":"U","date":"2018-03-22T01:51:48.000Z","volume":2000,"label":" ","price":14.54},{"type":"U","date":"2018-03-22T01:51:48.000Z","volume":2000,"label":" ","price":14.54},{"type":"B","date":"2018-03-22T01:53:03.000Z","volume":6000,"label":" ","price":14.52},{"type":"A","date":"2018-03-22T01:53:04.000Z","volume":4000,"label":" ","price":14.56},{"type":"U","date":"2018-03-22T01:53:04.000Z","volume":2000,"label":"X","price":14.56},{"type":"A","date":"2018-03-22T01:54:00.000Z","volume":2000,"label":" ","price":14.56},{"type":"B","date":"2018-03-22T01:54:18.000Z","volume":6000,"label":" ","price":14.52},{"type":"A","date":"2018-03-22T01:55:37.000Z","volume":2000,"label":" ","price":14.54},{"type":"B","date":"2018-03-22T01:55:45.000Z","volume":4000,"label":" ","price":14.52},{"type":"B","date":"2018-03-22T01:55:48.000Z","volume":6000,"label":" ","price":14.52},{"type":"B","date":"2018-03-22T01:55:48.000Z","volume":6000,"label":" ","price":14.52},{"type":"B","date":"2018-03-22T01:56:49.000Z","volume":10000,"label":" ","price":14.52},{"type":"B","date":"2018-03-22T01:57:10.000Z","volume":10000,"label":" ","price":14.52},{"type":"B","date":"2018-03-22T01:57:11.000Z","volume":2000,"label":" ","price":14.52},{"type":"B","date":"2018-03-22T01:57:58.000Z","volume":20000,"label":" ","price":14.52},{"type":"B","date":"2018-03-22T01:58:16.000Z","volume":2000,"label":" ","price":14.52},{"type":"A","date":"2018-03-22T01:59:17.000Z","volume":2000,"label":" ","price":14.54},{"type":"A","date":"2018-03-22T01:59:18.000Z","volume":2000,"label":" ","price":14.54},{"type":"A","date":"2018-03-22T01:59:27.000Z","volume":2000,"label":" ","price":14.54},{"type":"A","date":"2018-03-22T01:59:50.000Z","volume":2000,"label":" ","price":14.54},{"type":"A","date":"2018-03-22T02:00:11.000Z","volume":2000,"label":" ","price":14.54},{"type":"B","date":"2018-03-22T02:01:03.000Z","volume":4000,"label":" ","price":14.52},{"type":"B","date":"2018-03-22T02:01:03.000Z","volume":4000,"label":" ","price":14.52},{"type":"B","date":"2018-03-22T02:01:03.000Z","volume":2000,"label":" ","price":14.52},{"type":"B","date":"2018-03-22T02:02:00.000Z","volume":4000,"label":" ","price":14.52},{"type":"B","date":"2018-03-22T02:02:07.000Z","volume":10000,"label":" ","price":14.52},{"type":"B","date":"2018-03-22T02:02:08.000Z","volume":4000,"label":" ","price":14.52},{"type":"B","date":"2018-03-22T02:02:11.000Z","volume":2000,"label":" ","price":14.52},{"type":"B","date":"2018-03-22T02:02:18.000Z","volume":6000,"label":" ","price":14.52},{"type":"B","date":"2018-03-22T02:02:18.000Z","volume":2000,"label":" ","price":14.52},{"type":"A","date":"2018-03-22T02:02:40.000Z","volume":20000,"label":" ","price":14.52},{"type":"A","date":"2018-03-22T02:02:40.000Z","volume":4000,"label":" ","price":14.52},{"type":"A","date":"2018-03-22T02:04:38.000Z","volume":4000,"label":" ","price":14.52},{"type":"A","date":"2018-03-22T02:04:40.000Z","volume":4000,"label":" ","price":14.52},{"type":"B","date":"2018-03-22T02:04:44.000Z","volume":10000,"label":" ","price":14.5},{"type":"B","date":"2018-03-22T02:06:17.000Z","volume":2000,"label":" ","price":14.5},{"type":"B","date":"2018-03-22T02:08:04.000Z","volume":2000,"label":" ","price":14.5},{"type":"A","date":"2018-03-22T02:08:15.000Z","volume":2000,"label":" ","price":14.52},{"type":"A","date":"2018-03-22T02:08:16.000Z","volume":2000,"label":" ","price":14.52},{"type":"A","date":"2018-03-22T02:09:02.000Z","volume":2000,"label":" ","price":14.52},{"type":"A","date":"2018-03-22T02:09:40.000Z","volume":2000,"label":" ","price":14.52},{"type":"B","date":"2018-03-22T02:12:28.000Z","volume":6000,"label":" ","price":14.5},{"type":"A","date":"2018-03-22T02:12:29.000Z","volume":2000,"label":" ","price":14.52},{"type":"A","date":"2018-03-22T02:12:35.000Z","volume":2000,"label":" ","price":14.52},{"type":"A","date":"2018-03-22T02:14:33.000Z","volume":2000,"label":" ","price":14.52},{"type":"B","date":"2018-03-22T02:15:18.000Z","volume":6000,"label":" ","price":14.5},{"type":"B","date":"2018-03-22T02:15:18.000Z","volume":6000,"label":" ","price":14.5},{"type":"A","date":"2018-03-22T02:15:20.000Z","volume":4000,"label":" ","price":14.52},{"type":"B","date":"2018-03-22T02:15:20.000Z","volume":2000,"label":" ","price":14.5},{"type":"A","date":"2018-03-22T02:16:40.000Z","volume":2000,"label":" ","price":14.52},{"type":"U","date":"2018-03-22T02:16:56.000Z","volume":1130,"label":"D","price":14.5},{"type":"B","date":"2018-03-22T02:17:31.000Z","volume":20000,"label":" ","price":14.5},{"type":"A","date":"2018-03-22T02:17:32.000Z","volume":6000,"label":" ","price":14.52},{"type":"A","date":"2018-03-22T02:18:12.000Z","volume":2000,"label":" ","price":14.52},{"type":"B","date":"2018-03-22T02:19:03.000Z","volume":4000,"label":" ","price":14.5},{"type":"B","date":"2018-03-22T02:19:03.000Z","volume":2000,"label":" ","price":14.5},{"type":"B","date":"2018-03-22T02:19:30.000Z","volume":16000,"label":" ","price":14.5},{"type":"A","date":"2018-03-22T02:19:31.000Z","volume":6000,"label":" ","price":14.52},{"type":"B","date":"2018-03-22T02:21:06.000Z","volume":2000,"label":" ","price":14.5},{"type":"B","date":"2018-03-22T02:21:18.000Z","volume":4000,"label":" ","price":14.5},{"type":"B","date":"2018-03-22T02:21:33.000Z","volume":2000,"label":" ","price":14.5},{"type":"B","date":"2018-03-22T02:21:50.000Z","volume":10000,"label":" ","price":14.5},{"type":"B","date":"2018-03-22T02:21:52.000Z","volume":2000,"label":" ","price":14.5},{"type":"B","date":"2018-03-22T02:22:48.000Z","volume":4000,"label":" ","price":14.5},{"type":"B","date":"2018-03-22T02:23:01.000Z","volume":20000,"label":" ","price":14.5},{"type":"B","date":"2018-03-22T02:23:04.000Z","volume":4000,"label":" ","price":14.5},{"type":"A","date":"2018-03-22T02:23:06.000Z","volume":4000,"label":" ","price":14.52},{"type":"B","date":"2018-03-22T02:24:04.000Z","volume":2000,"label":" ","price":14.5},{"type":"A","date":"2018-03-22T02:24:12.000Z","volume":58000,"label":" ","price":14.52},{"type":"A","date":"2018-03-22T02:24:12.000Z","volume":26000,"label":" ","price":14.52},{"type":"A","date":"2018-03-22T02:24:12.000Z","volume":62000,"label":" ","price":14.52},{"type":"A","date":"2018-03-22T02:24:12.000Z","volume":8000,"label":" ","price":14.54},{"type":"A","date":"2018-03-22T02:24:14.000Z","volume":4000,"label":" ","price":14.54},{"type":"A","date":"2018-03-22T02:24:22.000Z","volume":2000,"label":"Y","price":14.54},{"type":"A","date":"2018-03-22T02:24:22.000Z","volume":44000,"label":" ","price":14.54},{"type":"A","date":"2018-03-22T02:24:24.000Z","volume":14000,"label":" ","price":14.54},{"type":"A","date":"2018-03-22T02:24:24.000Z","volume":8000,"label":" ","price":14.54},{"type":"A","date":"2018-03-22T02:24:24.000Z","volume":12000,"label":" ","price":14.56},{"type":"B","date":"2018-03-22T02:24:24.000Z","volume":2000,"label":" ","price":14.54},{"type":"A","date":"2018-03-22T02:24:25.000Z","volume":12000,"label":" ","price":14.56},{"type":"A","date":"2018-03-22T02:24:25.000Z","volume":6000,"label":" ","price":14.56},{"type":"A","date":"2018-03-22T02:24:41.000Z","volume":2000,"label":" ","price":14.58},{"type":"U","date":"2018-03-22T02:25:10.000Z","volume":2000,"label":"X","price":14.57},{"type":"A","date":"2018-03-22T02:25:51.000Z","volume":8000,"label":" ","price":14.58},{"type":"A","date":"2018-03-22T02:26:11.000Z","volume":2000,"label":" ","price":14.58},{"type":"A","date":"2018-03-22T02:26:21.000Z","volume":8000,"label":" ","price":14.58},{"type":"B","date":"2018-03-22T02:26:22.000Z","volume":2000,"label":" ","price":14.58},{"type":"A","date":"2018-03-22T02:26:29.000Z","volume":10000,"label":" ","price":14.6},{"type":"B","date":"2018-03-22T02:27:40.000Z","volume":10000,"label":" ","price":14.58},{"type":"A","date":"2018-03-22T02:27:40.000Z","volume":16000,"label":" ","price":14.6},{"type":"A","date":"2018-03-22T02:29:01.000Z","volume":2000,"label":" ","price":14.6},{"type":"A","date":"2018-03-22T02:29:54.000Z","volume":2000,"label":" ","price":14.6},{"type":"A","date":"2018-03-22T02:30:21.000Z","volume":4000,"label":" ","price":14.6},{"type":"B","date":"2018-03-22T02:30:25.000Z","volume":50000,"label":" ","price":14.58},{"type":"A","date":"2018-03-22T02:30:30.000Z","volume":6000,"label":" ","price":14.6},{"type":"B","date":"2018-03-22T02:30:42.000Z","volume":6000,"label":" ","price":14.58},{"type":"U","date":"2018-03-22T02:30:58.000Z","volume":2000,"label":"X","price":14.58},{"type":"B","date":"2018-03-22T02:31:17.000Z","volume":6000,"label":" ","price":14.58},{"type":"B","date":"2018-03-22T02:31:17.000Z","volume":4000,"label":"Y","price":14.58},{"type":"B","date":"2018-03-22T02:31:17.000Z","volume":54000,"label":" ","price":14.58},{"type":"A","date":"2018-03-22T02:31:17.000Z","volume":2000,"label":" ","price":14.58},{"type":"B","date":"2018-03-22T02:32:53.000Z","volume":10000,"label":" ","price":14.56},{"type":"U","date":"2018-03-22T02:33:03.000Z","volume":2000,"label":"X","price":14.57},{"type":"U","date":"2018-03-22T02:33:03.000Z","volume":2000,"label":"X","price":14.57},{"type":"B","date":"2018-03-22T02:33:03.000Z","volume":2000,"label":" ","price":14.56},{"type":"B","date":"2018-03-22T02:33:03.000Z","volume":6000,"label":" ","price":14.56},{"type":"B","date":"2018-03-22T02:33:03.000Z","volume":4000,"label":" ","price":14.56},{"type":"B","date":"2018-03-22T02:33:03.000Z","volume":6000,"label":" ","price":14.56},{"type":"B","date":"2018-03-22T02:33:03.000Z","volume":4000,"label":" ","price":14.56},{"type":"A","date":"2018-03-22T02:33:10.000Z","volume":2000,"label":" ","price":14.56},{"type":"A","date":"2018-03-22T02:34:01.000Z","volume":2000,"label":" ","price":14.56},{"type":"B","date":"2018-03-22T02:34:54.000Z","volume":6000,"label":" ","price":14.54},{"type":"A","date":"2018-03-22T02:35:01.000Z","volume":2000,"label":" ","price":14.56},{"type":"B","date":"2018-03-22T02:36:46.000Z","volume":76000,"label":" ","price":14.54},{"type":"U","date":"2018-03-22T02:36:48.000Z","volume":4000,"label":"X","price":14.53},{"type":"B","date":"2018-03-22T02:36:56.000Z","volume":30000,"label":" ","price":14.52},{"type":"B","date":"2018-03-22T02:36:56.000Z","volume":18000,"label":" ","price":14.52},{"type":"B","date":"2018-03-22T02:36:56.000Z","volume":4000,"label":" ","price":14.52},{"type":"A","date":"2018-03-22T02:36:56.000Z","volume":4000,"label":" ","price":14.54},{"type":"A","date":"2018-03-22T02:37:05.000Z","volume":2000,"label":" ","price":14.54},{"type":"B","date":"2018-03-22T02:37:39.000Z","volume":6000,"label":" ","price":14.5},{"type":"B","date":"2018-03-22T02:37:40.000Z","volume":10000,"label":" ","price":14.5},{"type":"A","date":"2018-03-22T02:37:42.000Z","volume":2000,"label":" ","price":14.54},{"type":"B","date":"2018-03-22T02:38:54.000Z","volume":2000,"label":" ","price":14.5},{"type":"B","date":"2018-03-22T02:39:10.000Z","volume":18000,"label":" ","price":14.52},{"type":"A","date":"2018-03-22T02:39:10.000Z","volume":8000,"label":" ","price":14.54},{"type":"A","date":"2018-03-22T02:39:11.000Z","volume":2000,"label":" ","price":14.54},{"type":"B","date":"2018-03-22T02:39:11.000Z","volume":12000,"label":" ","price":14.52},{"type":"A","date":"2018-03-22T02:39:12.000Z","volume":4000,"label":" ","price":14.54},{"type":"A","date":"2018-03-22T02:39:13.000Z","volume":2000,"label":" ","price":14.54},{"type":"B","date":"2018-03-22T02:39:14.000Z","volume":2000,"label":" ","price":14.52},{"type":"U","date":"2018-03-22T02:39:18.000Z","volume":2000,"label":"X","price":14.53},{"type":"U","date":"2018-03-22T02:39:18.000Z","volume":2000,"label":"X","price":14.53},{"type":"B","date":"2018-03-22T02:39:29.000Z","volume":8000,"label":" ","price":14.52},{"type":"B","date":"2018-03-22T02:39:31.000Z","volume":60000,"label":" ","price":14.52},{"type":"B","date":"2018-03-22T02:39:32.000Z","volume":2000,"label":" ","price":14.52},{"type":"U","date":"2018-03-22T02:40:58.000Z","volume":2000,"label":"X","price":14.52},{"type":"B","date":"2018-03-22T02:41:15.000Z","volume":6000,"label":" ","price":14.52},{"type":"B","date":"2018-03-22T02:41:28.000Z","volume":2000,"label":" ","price":14.52},{"type":"B","date":"2018-03-22T02:41:30.000Z","volume":4000,"label":" ","price":14.52},{"type":"B","date":"2018-03-22T02:42:05.000Z","volume":2000,"label":" ","price":14.52},{"type":"B","date":"2018-03-22T02:42:21.000Z","volume":4000,"label":" ","price":14.52},{"type":"B","date":"2018-03-22T02:42:21.000Z","volume":22000,"label":" ","price":14.52},{"type":"U","date":"2018-03-22T02:42:33.000Z","volume":2000,"label":"X","price":14.51},{"type":"B","date":"2018-03-22T02:43:22.000Z","volume":6000,"label":" ","price":14.5},{"type":"A","date":"2018-03-22T02:43:45.000Z","volume":2000,"label":"Y","price":14.52},{"type":"B","date":"2018-03-22T02:44:43.000Z","volume":18000,"label":" ","price":14.5},{"type":"A","date":"2018-03-22T02:44:44.000Z","volume":8000,"label":" ","price":14.52},{"type":"B","date":"2018-03-22T02:45:23.000Z","volume":80000,"label":" ","price":14.5},{"type":"B","date":"2018-03-22T02:45:23.000Z","volume":2000,"label":" ","price":14.5},{"type":"B","date":"2018-03-22T02:45:24.000Z","volume":6000,"label":" ","price":14.5},{"type":"A","date":"2018-03-22T02:45:30.000Z","volume":2000,"label":"Y","price":14.52},{"type":"A","date":"2018-03-22T02:45:30.000Z","volume":10000,"label":" ","price":14.52},{"type":"B","date":"2018-03-22T02:46:20.000Z","volume":50000,"label":" ","price":14.5},{"type":"B","date":"2018-03-22T02:46:20.000Z","volume":4000,"label":" ","price":14.5},{"type":"A","date":"2018-03-22T02:46:21.000Z","volume":12000,"label":" ","price":14.5},{"type":"A","date":"2018-03-22T02:46:22.000Z","volume":4000,"label":" ","price":14.5},{"type":"A","date":"2018-03-22T02:46:24.000Z","volume":4000,"label":" ","price":14.5},{"type":"A","date":"2018-03-22T02:46:26.000Z","volume":2000,"label":"Y","price":14.5},{"type":"A","date":"2018-03-22T02:46:26.000Z","volume":2000,"label":" ","price":14.5},{"type":"A","date":"2018-03-22T02:46:26.000Z","volume":10000,"label":" ","price":14.52},{"type":"U","date":"2018-03-22T02:46:26.000Z","volume":2000,"label":"X","price":14.51},{"type":"A","date":"2018-03-22T02:46:26.000Z","volume":4000,"label":" ","price":14.52},{"type":"B","date":"2018-03-22T02:46:34.000Z","volume":6000,"label":" ","price":14.5},{"type":"B","date":"2018-03-22T02:46:59.000Z","volume":2000,"label":" ","price":14.5},{"type":"A","date":"2018-03-22T02:47:01.000Z","volume":8000,"label":" ","price":14.52},{"type":"U","date":"2018-03-22T02:47:01.000Z","volume":2000,"label":"X","price":14.51},{"type":"U","date":"2018-03-22T02:47:25.000Z","volume":2000,"label":"X","price":14.51},{"type":"B","date":"2018-03-22T02:48:13.000Z","volume":102000,"label":" ","price":14.5},{"type":"B","date":"2018-03-22T02:48:13.000Z","volume":2000,"label":" ","price":14.5},{"type":"B","date":"2018-03-22T02:48:13.000Z","volume":92000,"label":" ","price":14.5},{"type":"A","date":"2018-03-22T02:48:14.000Z","volume":12000,"label":" ","price":14.5},{"type":"A","date":"2018-03-22T02:48:17.000Z","volume":2000,"label":" ","price":14.5},{"type":"A","date":"2018-03-22T02:48:18.000Z","volume":4000,"label":" ","price":14.5},{"type":"A","date":"2018-03-22T02:48:19.000Z","volume":4000,"label":" ","price":14.5},{"type":"B","date":"2018-03-22T02:48:19.000Z","volume":2000,"label":" ","price":14.5},{"type":"A","date":"2018-03-22T02:48:21.000Z","volume":20000,"label":" ","price":14.54},{"type":"A","date":"2018-03-22T02:48:31.000Z","volume":14000,"label":" ","price":14.54},{"type":"A","date":"2018-03-22T02:51:12.000Z","volume":8000,"label":" ","price":14.52},{"type":"B","date":"2018-03-22T02:51:14.000Z","volume":10000,"label":" ","price":14.5},{"type":"B","date":"2018-03-22T02:51:42.000Z","volume":10000,"label":" ","price":14.5},{"type":"B","date":"2018-03-22T02:51:45.000Z","volume":2000,"label":" ","price":14.5},{"type":"B","date":"2018-03-22T02:52:28.000Z","volume":4000,"label":" ","price":14.5},{"type":"B","date":"2018-03-22T02:52:38.000Z","volume":4000,"label":" ","price":14.5},{"type":"A","date":"2018-03-22T02:54:02.000Z","volume":6000,"label":" ","price":14.52},{"type":"U","date":"2018-03-22T02:54:02.000Z","volume":2000,"label":"X","price":14.51},{"type":"A","date":"2018-03-22T02:54:12.000Z","volume":2000,"label":" ","price":14.52},{"type":"A","date":"2018-03-22T02:54:36.000Z","volume":8000,"label":" ","price":14.52},{"type":"B","date":"2018-03-22T02:54:57.000Z","volume":6000,"label":" ","price":14.5},{"type":"B","date":"2018-03-22T02:54:57.000Z","volume":2000,"label":" ","price":14.5},{"type":"A","date":"2018-03-22T02:57:00.000Z","volume":4000,"label":" ","price":14.52},{"type":"A","date":"2018-03-22T02:57:00.000Z","volume":2000,"label":" ","price":14.52},{"type":"A","date":"2018-03-22T02:57:02.000Z","volume":14000,"label":" ","price":14.52},{"type":"A","date":"2018-03-22T02:57:21.000Z","volume":4000,"label":" ","price":14.54},{"type":"A","date":"2018-03-22T02:58:57.000Z","volume":4000,"label":" ","price":14.54},{"type":"A","date":"2018-03-22T02:59:10.000Z","volume":2000,"label":" ","price":14.54},{"type":"B","date":"2018-03-22T02:59:52.000Z","volume":10000,"label":" ","price":14.5},{"type":"A","date":"2018-03-22T02:59:53.000Z","volume":4000,"label":" ","price":14.54},{"type":"B","date":"2018-03-22T02:59:54.000Z","volume":2000,"label":" ","price":14.52},{"type":"A","date":"2018-03-22T02:59:55.000Z","volume":2000,"label":" ","price":14.54},{"type":"A","date":"2018-03-22T03:01:10.000Z","volume":2000,"label":" ","price":14.56},{"type":"U","date":"2018-03-22T03:01:18.000Z","volume":2000,"label":"X","price":14.55},{"type":"A","date":"2018-03-22T03:03:31.000Z","volume":2000,"label":" ","price":14.56},{"type":"B","date":"2018-03-22T03:03:54.000Z","volume":2000,"label":" ","price":14.54},{"type":"B","date":"2018-03-22T03:04:01.000Z","volume":4000,"label":" ","price":14.54},{"type":"A","date":"2018-03-22T03:04:02.000Z","volume":4000,"label":" ","price":14.56},{"type":"B","date":"2018-03-22T03:04:36.000Z","volume":4000,"label":" ","price":14.54},{"type":"B","date":"2018-03-22T03:04:52.000Z","volume":120000,"label":" ","price":14.54},{"type":"B","date":"2018-03-22T03:04:52.000Z","volume":2000,"label":" ","price":14.54},{"type":"B","date":"2018-03-22T03:04:57.000Z","volume":38000,"label":" ","price":14.52},{"type":"U","date":"2018-03-22T03:04:57.000Z","volume":14000,"label":" ","price":14.52},{"type":"A","date":"2018-03-22T03:04:58.000Z","volume":4000,"label":" ","price":14.52},{"type":"U","date":"2018-03-22T03:05:03.000Z","volume":2000,"label":"X","price":14.51},{"type":"A","date":"2018-03-22T03:07:06.000Z","volume":50000,"label":" ","price":14.52},{"type":"A","date":"2018-03-22T03:07:06.000Z","volume":8000,"label":" ","price":14.52},{"type":"B","date":"2018-03-22T03:07:54.000Z","volume":8000,"label":" ","price":14.5},{"type":"A","date":"2018-03-22T03:08:10.000Z","volume":10000,"label":" ","price":14.52},{"type":"A","date":"2018-03-22T03:08:11.000Z","volume":2000,"label":" ","price":14.52},{"type":"U","date":"2018-03-22T03:08:55.000Z","volume":2000,"label":"X","price":14.51},{"type":"A","date":"2018-03-22T03:08:57.000Z","volume":4000,"label":" ","price":14.52},{"type":"B","date":"2018-03-22T03:09:06.000Z","volume":4000,"label":" ","price":14.5},{"type":"A","date":"2018-03-22T03:09:43.000Z","volume":6000,"label":" ","price":14.52},{"type":"U","date":"2018-03-22T03:10:55.000Z","volume":2000,"label":"X","price":14.5},{"type":"B","date":"2018-03-22T03:10:58.000Z","volume":10000,"label":" ","price":14.5},{"type":"B","date":"2018-03-22T03:10:58.000Z","volume":2000,"label":" ","price":14.5},{"type":"B","date":"2018-03-22T03:11:39.000Z","volume":4000,"label":" ","price":14.5},{"type":"A","date":"2018-03-22T03:11:43.000Z","volume":2000,"label":" ","price":14.52},{"type":"B","date":"2018-03-22T03:12:01.000Z","volume":2000,"label":" ","price":14.5},{"type":"B","date":"2018-03-22T03:12:10.000Z","volume":4000,"label":" ","price":14.5},{"type":"B","date":"2018-03-22T03:12:31.000Z","volume":2000,"label":" ","price":14.5},{"type":"B","date":"2018-03-22T03:12:31.000Z","volume":2000,"label":" ","price":14.5},{"type":"B","date":"2018-03-22T03:12:31.000Z","volume":4000,"label":" ","price":14.5},{"type":"B","date":"2018-03-22T03:12:31.000Z","volume":2000,"label":" ","price":14.5},{"type":"B","date":"2018-03-22T03:12:31.000Z","volume":6000,"label":" ","price":14.5},{"type":"B","date":"2018-03-22T03:12:32.000Z","volume":2000,"label":" ","price":14.5},{"type":"A","date":"2018-03-22T03:12:32.000Z","volume":4000,"label":" ","price":14.52},{"type":"B","date":"2018-03-22T03:12:50.000Z","volume":4000,"label":" ","price":14.5},{"type":"B","date":"2018-03-22T03:13:23.000Z","volume":8000,"label":" ","price":14.5},{"type":"A","date":"2018-03-22T03:13:24.000Z","volume":6000,"label":" ","price":14.52},{"type":"B","date":"2018-03-22T03:13:24.000Z","volume":2000,"label":" ","price":14.5},{"type":"B","date":"2018-03-22T03:14:32.000Z","volume":2000,"label":" ","price":14.5},{"type":"B","date":"2018-03-22T03:15:46.000Z","volume":10000,"label":" ","price":14.5},{"type":"B","date":"2018-03-22T03:15:56.000Z","volume":18000,"label":" ","price":14.5},{"type":"B","date":"2018-03-22T03:16:03.000Z","volume":34000,"label":" ","price":14.5},{"type":"A","date":"2018-03-22T03:16:04.000Z","volume":16000,"label":" ","price":14.52},{"type":"B","date":"2018-03-22T03:16:47.000Z","volume":2000,"label":" ","price":14.5},{"type":"B","date":"2018-03-22T03:16:48.000Z","volume":2000,"label":" ","price":14.5},{"type":"B","date":"2018-03-22T03:16:48.000Z","volume":4000,"label":" ","price":14.5},{"type":"A","date":"2018-03-22T03:17:02.000Z","volume":18000,"label":" ","price":14.5},{"type":"A","date":"2018-03-22T03:17:04.000Z","volume":6000,"label":" ","price":14.5},{"type":"U","date":"2018-03-22T03:17:25.000Z","volume":2000,"label":"X","price":14.49},{"type":"U","date":"2018-03-22T03:17:25.000Z","volume":2000,"label":"X","price":14.49},{"type":"A","date":"2018-03-22T03:18:47.000Z","volume":10000,"label":" ","price":14.5},{"type":"A","date":"2018-03-22T03:18:47.000Z","volume":2000,"label":" ","price":14.5},{"type":"A","date":"2018-03-22T03:18:48.000Z","volume":4000,"label":" ","price":14.5},{"type":"A","date":"2018-03-22T03:18:51.000Z","volume":2000,"label":" ","price":14.5},{"type":"A","date":"2018-03-22T03:19:34.000Z","volume":2000,"label":" ","price":14.5},{"type":"A","date":"2018-03-22T03:19:46.000Z","volume":2000,"label":" ","price":14.5},{"type":"A","date":"2018-03-22T03:19:46.000Z","volume":4000,"label":" ","price":14.5},{"type":"A","date":"2018-03-22T03:19:55.000Z","volume":4000,"label":" ","price":14.5},{"type":"A","date":"2018-03-22T03:19:55.000Z","volume":2000,"label":" ","price":14.5},{"type":"B","date":"2018-03-22T03:21:44.000Z","volume":2000,"label":" ","price":14.48},{"type":"B","date":"2018-03-22T03:21:44.000Z","volume":2000,"label":" ","price":14.48},{"type":"A","date":"2018-03-22T03:22:25.000Z","volume":6000,"label":" ","price":14.5},{"type":"A","date":"2018-03-22T03:22:26.000Z","volume":6000,"label":" ","price":14.5},{"type":"A","date":"2018-03-22T03:22:32.000Z","volume":4000,"label":" ","price":14.5},{"type":"B","date":"2018-03-22T03:23:15.000Z","volume":2000,"label":" ","price":14.48},{"type":"B","date":"2018-03-22T03:23:19.000Z","volume":4000,"label":" ","price":14.48},{"type":"A","date":"2018-03-22T03:23:55.000Z","volume":4000,"label":" ","price":14.5},{"type":"B","date":"2018-03-22T03:24:57.000Z","volume":4000,"label":" ","price":14.48},{"type":"A","date":"2018-03-22T03:25:20.000Z","volume":2000,"label":" ","price":14.5},{"type":"B","date":"2018-03-22T03:25:24.000Z","volume":6000,"label":" ","price":14.48},{"type":"B","date":"2018-03-22T03:25:35.000Z","volume":2000,"label":" ","price":14.48},{"type":"B","date":"2018-03-22T03:25:54.000Z","volume":2000,"label":" ","price":14.48},{"type":"B","date":"2018-03-22T03:25:55.000Z","volume":2000,"label":" ","price":14.48},{"type":"B","date":"2018-03-22T03:26:14.000Z","volume":2000,"label":" ","price":14.48},{"type":"B","date":"2018-03-22T03:26:33.000Z","volume":2000,"label":" ","price":14.48},{"type":"A","date":"2018-03-22T03:26:34.000Z","volume":4000,"label":" ","price":14.5},{"type":"A","date":"2018-03-22T03:27:26.000Z","volume":4000,"label":" ","price":14.5},{"type":"B","date":"2018-03-22T03:28:08.000Z","volume":4000,"label":" ","price":14.48},{"type":"B","date":"2018-03-22T03:28:30.000Z","volume":6000,"label":" ","price":14.48},{"type":"A","date":"2018-03-22T03:28:32.000Z","volume":6000,"label":" ","price":14.5},{"type":"B","date":"2018-03-22T03:29:01.000Z","volume":4000,"label":" ","price":14.48},{"type":"B","date":"2018-03-22T03:29:14.000Z","volume":2000,"label":" ","price":14.48},{"type":"A","date":"2018-03-22T03:29:17.000Z","volume":4000,"label":" ","price":14.5},{"type":"A","date":"2018-03-22T03:30:36.000Z","volume":2000,"label":" ","price":14.5},{"type":"U","date":"2018-03-22T03:30:54.000Z","volume":2000,"label":"X","price":14.49},{"type":"A","date":"2018-03-22T03:31:23.000Z","volume":4000,"label":" ","price":14.5},{"type":"A","date":"2018-03-22T03:31:24.000Z","volume":4000,"label":" ","price":14.5},{"type":"A","date":"2018-03-22T03:31:28.000Z","volume":2000,"label":" ","price":14.5},{"type":"A","date":"2018-03-22T03:31:31.000Z","volume":2000,"label":" ","price":14.5},{"type":"A","date":"2018-03-22T03:31:31.000Z","volume":58000,"label":" ","price":14.5},{"type":"U","date":"2018-03-22T03:31:31.000Z","volume":4000,"label":" ","price":14.5},{"type":"B","date":"2018-03-22T03:31:31.000Z","volume":2000,"label":" ","price":14.5},{"type":"A","date":"2018-03-22T03:31:31.000Z","volume":2000,"label":" ","price":14.5},{"type":"B","date":"2018-03-22T03:31:31.000Z","volume":2000,"label":" ","price":14.5},{"type":"B","date":"2018-03-22T03:31:31.000Z","volume":2000,"label":" ","price":14.5},{"type":"A","date":"2018-03-22T03:31:40.000Z","volume":8000,"label":" ","price":14.52},{"type":"A","date":"2018-03-22T03:32:46.000Z","volume":2000,"label":" ","price":14.52},{"type":"A","date":"2018-03-22T03:32:49.000Z","volume":2000,"label":" ","price":14.52},{"type":"A","date":"2018-03-22T03:33:18.000Z","volume":6000,"label":" ","price":14.52},{"type":"A","date":"2018-03-22T03:33:20.000Z","volume":2000,"label":" ","price":14.52},{"type":"A","date":"2018-03-22T03:33:31.000Z","volume":58000,"label":" ","price":14.52},{"type":"A","date":"2018-03-22T03:33:31.000Z","volume":2000,"label":" ","price":14.52},{"type":"A","date":"2018-03-22T03:33:31.000Z","volume":4000,"label":" ","price":14.52},{"type":"A","date":"2018-03-22T03:33:32.000Z","volume":4000,"label":" ","price":14.52},{"type":"A","date":"2018-03-22T03:33:33.000Z","volume":2000,"label":" ","price":14.52},{"type":"A","date":"2018-03-22T03:33:35.000Z","volume":10000,"label":" ","price":14.54},{"type":"A","date":"2018-03-22T03:33:36.000Z","volume":4000,"label":" ","price":14.54},{"type":"A","date":"2018-03-22T03:34:14.000Z","volume":4000,"label":" ","price":14.54},{"type":"A","date":"2018-03-22T03:34:19.000Z","volume":2000,"label":" ","price":14.54},{"type":"A","date":"2018-03-22T03:34:51.000Z","volume":4000,"label":" ","price":14.54},{"type":"B","date":"2018-03-22T03:35:12.000Z","volume":10000,"label":" ","price":14.52},{"type":"A","date":"2018-03-22T03:35:41.000Z","volume":2000,"label":" ","price":14.54},{"type":"A","date":"2018-03-22T03:36:07.000Z","volume":2000,"label":" ","price":14.54},{"type":"A","date":"2018-03-22T03:38:01.000Z","volume":4000,"label":" ","price":14.54},{"type":"A","date":"2018-03-22T03:38:29.000Z","volume":10000,"label":" ","price":14.54},{"type":"A","date":"2018-03-22T03:38:37.000Z","volume":6000,"label":" ","price":14.54},{"type":"A","date":"2018-03-22T03:38:37.000Z","volume":2000,"label":" ","price":14.54},{"type":"A","date":"2018-03-22T03:38:38.000Z","volume":4000,"label":" ","price":14.54},{"type":"A","date":"2018-03-22T03:38:54.000Z","volume":6000,"label":" ","price":14.54},{"type":"A","date":"2018-03-22T03:39:26.000Z","volume":2000,"label":" ","price":14.54},{"type":"A","date":"2018-03-22T03:41:20.000Z","volume":4000,"label":" ","price":14.54},{"type":"B","date":"2018-03-22T03:41:44.000Z","volume":140000,"label":" ","price":14.52},{"type":"B","date":"2018-03-22T03:44:38.000Z","volume":6000,"label":" ","price":14.52},{"type":"A","date":"2018-03-22T03:45:46.000Z","volume":6000,"label":" ","price":14.54},{"type":"B","date":"2018-03-22T03:46:18.000Z","volume":4000,"label":" ","price":14.52},{"type":"B","date":"2018-03-22T03:46:18.000Z","volume":4000,"label":" ","price":14.52},{"type":"B","date":"2018-03-22T03:47:16.000Z","volume":4000,"label":" ","price":14.52},{"type":"B","date":"2018-03-22T03:47:46.000Z","volume":2000,"label":" ","price":14.52},{"type":"A","date":"2018-03-22T03:47:46.000Z","volume":2000,"label":" ","price":14.54},{"type":"A","date":"2018-03-22T03:47:58.000Z","volume":6000,"label":" ","price":14.54},{"type":"A","date":"2018-03-22T03:49:20.000Z","volume":2000,"label":" ","price":14.54},{"type":"A","date":"2018-03-22T03:50:19.000Z","volume":6000,"label":" ","price":14.54},{"type":"U","date":"2018-03-22T03:50:59.000Z","volume":2000,"label":"X","price":14.52},{"type":"A","date":"2018-03-22T03:51:09.000Z","volume":4000,"label":" ","price":14.54},{"type":"B","date":"2018-03-22T03:51:20.000Z","volume":2000,"label":" ","price":14.52},{"type":"A","date":"2018-03-22T03:51:22.000Z","volume":4000,"label":" ","price":14.54},{"type":"B","date":"2018-03-22T03:51:33.000Z","volume":4000,"label":" ","price":14.52},{"type":"B","date":"2018-03-22T03:51:33.000Z","volume":4000,"label":" ","price":14.52},{"type":"A","date":"2018-03-22T03:53:35.000Z","volume":6000,"label":" ","price":14.54},{"type":"B","date":"2018-03-22T03:54:33.000Z","volume":2000,"label":" ","price":14.52},{"type":"B","date":"2018-03-22T03:54:33.000Z","volume":2000,"label":" ","price":14.52},{"type":"B","date":"2018-03-22T03:55:48.000Z","volume":2000,"label":" ","price":14.52},{"type":"B","date":"2018-03-22T03:55:48.000Z","volume":4000,"label":" ","price":14.52},{"type":"A","date":"2018-03-22T03:55:48.000Z","volume":2000,"label":" ","price":14.54},{"type":"A","date":"2018-03-22T03:57:20.000Z","volume":2000,"label":" ","price":14.54},{"type":"B","date":"2018-03-22T03:57:33.000Z","volume":4000,"label":" ","price":14.52},{"type":"A","date":"2018-03-22T03:58:32.000Z","volume":6000,"label":" ","price":14.54},{"type":"A","date":"2018-03-22T03:58:32.000Z","volume":4000,"label":" ","price":14.54},{"type":"A","date":"2018-03-22T03:58:32.000Z","volume":6000,"label":" ","price":14.54},{"type":"B","date":"2018-03-22T03:58:59.000Z","volume":2000,"label":" ","price":14.52},{"type":"A","date":"2018-03-22T03:59:15.000Z","volume":2000,"label":" ","price":14.54},{"type":"A","date":"2018-03-22T03:59:21.000Z","volume":4000,"label":" ","price":14.54},{"type":"A","date":"2018-03-22T03:59:26.000Z","volume":4000,"label":" ","price":14.54},{"type":"B","date":"2018-03-22T03:59:32.000Z","volume":4000,"label":" ","price":14.52},{"type":"B","date":"2018-03-22T03:59:55.000Z","volume":2000,"label":" ","price":14.52},{"type":"B","date":"2018-03-22T05:00:00.000Z","volume":2000,"label":" ","price":14.52},{"type":"A","date":"2018-03-22T05:00:00.000Z","volume":2000,"label":" ","price":14.54},{"type":"A","date":"2018-03-22T05:00:00.000Z","volume":2000,"label":" ","price":14.54},{"type":"B","date":"2018-03-22T05:00:05.000Z","volume":8000,"label":" ","price":14.52},{"type":"A","date":"2018-03-22T05:00:09.000Z","volume":20000,"label":" ","price":14.54},{"type":"A","date":"2018-03-22T05:00:10.000Z","volume":4000,"label":" ","price":14.54},{"type":"A","date":"2018-03-22T05:00:11.000Z","volume":4000,"label":" ","price":14.54},{"type":"A","date":"2018-03-22T05:00:13.000Z","volume":4000,"label":" ","price":14.54},{"type":"A","date":"2018-03-22T05:00:30.000Z","volume":2000,"label":" ","price":14.54},{"type":"A","date":"2018-03-22T05:01:00.000Z","volume":2000,"label":" ","price":14.54},{"type":"A","date":"2018-03-22T05:01:25.000Z","volume":2000,"label":" ","price":14.54},{"type":"U","date":"2018-03-22T05:01:44.000Z","volume":4000,"label":"X","price":14.52},{"type":"U","date":"2018-03-22T05:01:50.000Z","volume":8000,"label":"X","price":14.52},{"type":"A","date":"2018-03-22T05:02:05.000Z","volume":4000,"label":" ","price":14.54},{"type":"B","date":"2018-03-22T05:02:11.000Z","volume":42000,"label":" ","price":14.52},{"type":"A","date":"2018-03-22T05:02:12.000Z","volume":8000,"label":" ","price":14.54},{"type":"A","date":"2018-03-22T05:02:13.000Z","volume":6000,"label":" ","price":14.54},{"type":"B","date":"2018-03-22T05:02:14.000Z","volume":2000,"label":" ","price":14.52},{"type":"B","date":"2018-03-22T05:02:32.000Z","volume":14000,"label":" ","price":14.52},{"type":"A","date":"2018-03-22T05:02:32.000Z","volume":4000,"label":" ","price":14.54},{"type":"A","date":"2018-03-22T05:02:53.000Z","volume":4000,"label":" ","price":14.54},{"type":"A","date":"2018-03-22T05:02:53.000Z","volume":40000,"label":" ","price":14.54},{"type":"A","date":"2018-03-22T05:02:53.000Z","volume":6000,"label":" ","price":14.54},{"type":"A","date":"2018-03-22T05:02:54.000Z","volume":4000,"label":" ","price":14.54},{"type":"B","date":"2018-03-22T05:03:05.000Z","volume":4000,"label":" ","price":14.52},{"type":"A","date":"2018-03-22T05:04:40.000Z","volume":2000,"label":" ","price":14.54},{"type":"B","date":"2018-03-22T05:04:47.000Z","volume":2000,"label":" ","price":14.52},{"type":"B","date":"2018-03-22T05:04:47.000Z","volume":2000,"label":" ","price":14.52},{"type":"A","date":"2018-03-22T05:05:42.000Z","volume":4000,"label":" ","price":14.54},{"type":"A","date":"2018-03-22T05:06:12.000Z","volume":6000,"label":" ","price":14.54},{"type":"A","date":"2018-03-22T05:06:14.000Z","volume":4000,"label":" ","price":14.54},{"type":"A","date":"2018-03-22T05:06:26.000Z","volume":8000,"label":" ","price":14.54},{"type":"A","date":"2018-03-22T05:07:18.000Z","volume":4000,"label":" ","price":14.56},{"type":"A","date":"2018-03-22T05:08:22.000Z","volume":2000,"label":" ","price":14.56},{"type":"B","date":"2018-03-22T05:08:36.000Z","volume":2000,"label":" ","price":14.54},{"type":"A","date":"2018-03-22T05:09:19.000Z","volume":2000,"label":" ","price":14.56},{"type":"B","date":"2018-03-22T05:09:19.000Z","volume":4000,"label":" ","price":14.54},{"type":"A","date":"2018-03-22T05:09:57.000Z","volume":2000,"label":" ","price":14.56},{"type":"B","date":"2018-03-22T05:10:10.000Z","volume":2000,"label":" ","price":14.54},{"type":"A","date":"2018-03-22T05:10:27.000Z","volume":2000,"label":" ","price":14.56},{"type":"B","date":"2018-03-22T05:10:52.000Z","volume":2000,"label":" ","price":14.54},{"type":"A","date":"2018-03-22T05:11:12.000Z","volume":2000,"label":" ","price":14.56},{"type":"U","date":"2018-03-22T05:12:04.000Z","volume":4000,"label":"X","price":14.54},{"type":"U","date":"2018-03-22T05:12:07.000Z","volume":2000,"label":"X","price":14.54},{"type":"B","date":"2018-03-22T05:13:19.000Z","volume":32000,"label":" ","price":14.54},{"type":"B","date":"2018-03-22T05:13:44.000Z","volume":4000,"label":" ","price":14.54},{"type":"A","date":"2018-03-22T05:14:35.000Z","volume":2000,"label":" ","price":14.56},{"type":"A","date":"2018-03-22T05:14:43.000Z","volume":2000,"label":" ","price":14.56},{"type":"B","date":"2018-03-22T05:14:47.000Z","volume":4000,"label":" ","price":14.54},{"type":"B","date":"2018-03-22T05:14:47.000Z","volume":4000,"label":" ","price":14.54},{"type":"A","date":"2018-03-22T05:15:12.000Z","volume":2000,"label":" ","price":14.56},{"type":"B","date":"2018-03-22T05:15:26.000Z","volume":2000,"label":" ","price":14.54},{"type":"B","date":"2018-03-22T05:15:50.000Z","volume":6000,"label":" ","price":14.54},{"type":"B","date":"2018-03-22T05:15:50.000Z","volume":2000,"label":" ","price":14.54},{"type":"B","date":"2018-03-22T05:15:50.000Z","volume":92000,"label":" ","price":14.54},{"type":"B","date":"2018-03-22T05:15:50.000Z","volume":26000,"label":" ","price":14.54},{"type":"A","date":"2018-03-22T05:15:50.000Z","volume":12000,"label":" ","price":14.54},{"type":"B","date":"2018-03-22T05:15:51.000Z","volume":18000,"label":" ","price":14.52},{"type":"A","date":"2018-03-22T05:15:51.000Z","volume":4000,"label":" ","price":14.54},{"type":"B","date":"2018-03-22T05:15:53.000Z","volume":2000,"label":" ","price":14.52},{"type":"B","date":"2018-03-22T05:16:14.000Z","volume":32000,"label":" ","price":14.52},{"type":"B","date":"2018-03-22T05:16:14.000Z","volume":8000,"label":" ","price":14.52},{"type":"B","date":"2018-03-22T05:16:14.000Z","volume":6000,"label":" ","price":14.52},{"type":"B","date":"2018-03-22T05:16:14.000Z","volume":14000,"label":" ","price":14.52},{"type":"B","date":"2018-03-22T05:16:14.000Z","volume":90000,"label":" ","price":14.52},{"type":"A","date":"2018-03-22T05:16:14.000Z","volume":16000,"label":" ","price":14.52},{"type":"A","date":"2018-03-22T05:16:15.000Z","volume":20000,"label":" ","price":14.52},{"type":"A","date":"2018-03-22T05:16:16.000Z","volume":2000,"label":"Y","price":14.52},{"type":"A","date":"2018-03-22T05:16:16.000Z","volume":2000,"label":" ","price":14.52},{"type":"B","date":"2018-03-22T05:19:56.000Z","volume":2000,"label":" ","price":14.5},{"type":"A","date":"2018-03-22T05:20:15.000Z","volume":12000,"label":" ","price":14.52},{"type":"A","date":"2018-03-22T05:20:16.000Z","volume":4000,"label":" ","price":14.52},{"type":"A","date":"2018-03-22T05:24:02.000Z","volume":2000,"label":" ","price":14.52},{"type":"A","date":"2018-03-22T05:24:24.000Z","volume":2000,"label":" ","price":14.52},{"type":"B","date":"2018-03-22T05:24:56.000Z","volume":2000,"label":" ","price":14.5},{"type":"B","date":"2018-03-22T05:25:02.000Z","volume":4000,"label":" ","price":14.5},{"type":"B","date":"2018-03-22T05:26:02.000Z","volume":4000,"label":" ","price":14.5},{"type":"A","date":"2018-03-22T05:26:02.000Z","volume":4000,"label":" ","price":14.52},{"type":"A","date":"2018-03-22T05:26:50.000Z","volume":4000,"label":" ","price":14.52},{"type":"A","date":"2018-03-22T05:27:21.000Z","volume":2000,"label":" ","price":14.52},{"type":"A","date":"2018-03-22T05:27:25.000Z","volume":2000,"label":" ","price":14.52},{"type":"B","date":"2018-03-22T05:28:32.000Z","volume":4000,"label":" ","price":14.5},{"type":"A","date":"2018-03-22T05:28:54.000Z","volume":6000,"label":" ","price":14.52},{"type":"B","date":"2018-03-22T05:29:08.000Z","volume":2000,"label":" ","price":14.5},{"type":"A","date":"2018-03-22T05:29:10.000Z","volume":4000,"label":" ","price":14.52},{"type":"A","date":"2018-03-22T05:30:16.000Z","volume":2000,"label":" ","price":14.52},{"type":"A","date":"2018-03-22T05:31:24.000Z","volume":2000,"label":" ","price":14.52},{"type":"A","date":"2018-03-22T05:31:27.000Z","volume":2000,"label":" ","price":14.52},{"type":"U","date":"2018-03-22T05:31:45.000Z","volume":2000,"label":"X","price":14.5},{"type":"A","date":"2018-03-22T05:32:09.000Z","volume":6000,"label":" ","price":14.52},{"type":"A","date":"2018-03-22T05:32:51.000Z","volume":6000,"label":" ","price":14.52},{"type":"A","date":"2018-03-22T05:32:52.000Z","volume":2000,"label":" ","price":14.52},{"type":"U","date":"2018-03-22T05:32:52.000Z","volume":2000,"label":"X","price":14.52},{"type":"A","date":"2018-03-22T05:33:10.000Z","volume":2000,"label":" ","price":14.52},{"type":"A","date":"2018-03-22T05:33:28.000Z","volume":2000,"label":" ","price":14.52},{"type":"A","date":"2018-03-22T05:35:25.000Z","volume":2000,"label":" ","price":14.52},{"type":"A","date":"2018-03-22T05:35:41.000Z","volume":6000,"label":" ","price":14.52},{"type":"A","date":"2018-03-22T05:36:20.000Z","volume":2000,"label":" ","price":14.52},{"type":"A","date":"2018-03-22T05:36:22.000Z","volume":4000,"label":" ","price":14.52},{"type":"A","date":"2018-03-22T05:38:55.000Z","volume":2000,"label":" ","price":14.52},{"type":"A","date":"2018-03-22T05:39:25.000Z","volume":2000,"label":" ","price":14.52},{"type":"B","date":"2018-03-22T05:39:26.000Z","volume":2000,"label":" ","price":14.5},{"type":"A","date":"2018-03-22T05:39:29.000Z","volume":2000,"label":" ","price":14.52},{"type":"A","date":"2018-03-22T05:39:43.000Z","volume":2000,"label":" ","price":14.52},{"type":"A","date":"2018-03-22T05:39:44.000Z","volume":2000,"label":" ","price":14.52},{"type":"U","date":"2018-03-22T05:39:44.000Z","volume":2000,"label":"X","price":14.52},{"type":"A","date":"2018-03-22T05:40:06.000Z","volume":2000,"label":" ","price":14.52},{"type":"B","date":"2018-03-22T05:40:17.000Z","volume":4000,"label":" ","price":14.5},{"type":"A","date":"2018-03-22T05:40:18.000Z","volume":6000,"label":" ","price":14.52},{"type":"A","date":"2018-03-22T05:40:32.000Z","volume":2000,"label":" ","price":14.52},{"type":"A","date":"2018-03-22T05:40:32.000Z","volume":32000,"label":" ","price":14.52},{"type":"B","date":"2018-03-22T05:40:32.000Z","volume":4000,"label":" ","price":14.52},{"type":"B","date":"2018-03-22T05:40:32.000Z","volume":4000,"label":" ","price":14.52},{"type":"B","date":"2018-03-22T05:40:32.000Z","volume":2000,"label":" ","price":14.52},{"type":"A","date":"2018-03-22T05:40:32.000Z","volume":8000,"label":" ","price":14.54},{"type":"U","date":"2018-03-22T05:40:32.000Z","volume":2000,"label":"X","price":14.54},{"type":"A","date":"2018-03-22T05:40:58.000Z","volume":6000,"label":" ","price":14.54},{"type":"A","date":"2018-03-22T05:41:04.000Z","volume":2000,"label":" ","price":14.54},{"type":"A","date":"2018-03-22T05:42:00.000Z","volume":198000,"label":" ","price":14.54},{"type":"A","date":"2018-03-22T05:42:00.000Z","volume":4000,"label":" ","price":14.56},{"type":"A","date":"2018-03-22T05:42:02.000Z","volume":38000,"label":" ","price":14.56},{"type":"A","date":"2018-03-22T05:42:03.000Z","volume":16000,"label":" ","price":14.56},{"type":"A","date":"2018-03-22T05:42:15.000Z","volume":2000,"label":" ","price":14.56},{"type":"A","date":"2018-03-22T05:42:18.000Z","volume":2000,"label":" ","price":14.56},{"type":"A","date":"2018-03-22T05:42:18.000Z","volume":8000,"label":" ","price":14.56},{"type":"A","date":"2018-03-22T05:42:55.000Z","volume":2000,"label":" ","price":14.56},{"type":"A","date":"2018-03-22T05:43:07.000Z","volume":2000,"label":" ","price":14.56},{"type":"A","date":"2018-03-22T05:43:25.000Z","volume":2000,"label":" ","price":14.56},{"type":"A","date":"2018-03-22T05:43:38.000Z","volume":4000,"label":" ","price":14.56},{"type":"B","date":"2018-03-22T05:43:51.000Z","volume":4000,"label":" ","price":14.54},{"type":"A","date":"2018-03-22T05:43:51.000Z","volume":6000,"label":" ","price":14.56},{"type":"A","date":"2018-03-22T05:44:34.000Z","volume":2000,"label":" ","price":14.56},{"type":"A","date":"2018-03-22T05:45:07.000Z","volume":2000,"label":" ","price":14.56},{"type":"A","date":"2018-03-22T05:45:25.000Z","volume":2000,"label":" ","price":14.56},{"type":"A","date":"2018-03-22T05:45:49.000Z","volume":2000,"label":" ","price":14.56},{"type":"A","date":"2018-03-22T05:46:50.000Z","volume":6000,"label":" ","price":14.56},{"type":"A","date":"2018-03-22T05:47:59.000Z","volume":2000,"label":" ","price":14.56},{"type":"A","date":"2018-03-22T05:49:20.000Z","volume":6000,"label":" ","price":14.56},{"type":"A","date":"2018-03-22T05:49:22.000Z","volume":4000,"label":" ","price":14.56},{"type":"A","date":"2018-03-22T05:50:30.000Z","volume":2000,"label":" ","price":14.56},{"type":"A","date":"2018-03-22T05:50:44.000Z","volume":4000,"label":" ","price":14.56},{"type":"A","date":"2018-03-22T05:51:25.000Z","volume":2000,"label":" ","price":14.56},{"type":"A","date":"2018-03-22T05:51:26.000Z","volume":4000,"label":" ","price":14.56},{"type":"A","date":"2018-03-22T05:51:28.000Z","volume":40000,"label":" ","price":14.56},{"type":"A","date":"2018-03-22T05:51:28.000Z","volume":2000,"label":" ","price":14.56},{"type":"A","date":"2018-03-22T05:51:28.000Z","volume":6000,"label":" ","price":14.56},{"type":"U","date":"2018-03-22T05:51:28.000Z","volume":2000,"label":"Y","price":14.56},{"type":"B","date":"2018-03-22T05:51:33.000Z","volume":32000,"label":" ","price":14.56},{"type":"U","date":"2018-03-22T05:51:45.000Z","volume":2000,"label":"X","price":14.56},{"type":"A","date":"2018-03-22T05:52:10.000Z","volume":6000,"label":" ","price":14.58},{"type":"A","date":"2018-03-22T05:52:36.000Z","volume":2000,"label":" ","price":14.58},{"type":"B","date":"2018-03-22T05:53:03.000Z","volume":10000,"label":" ","price":14.56},{"type":"A","date":"2018-03-22T05:54:31.000Z","volume":2000,"label":" ","price":14.58},{"type":"A","date":"2018-03-22T05:54:31.000Z","volume":6000,"label":" ","price":14.58},{"type":"A","date":"2018-03-22T05:55:26.000Z","volume":4000,"label":" ","price":14.58},{"type":"A","date":"2018-03-22T05:55:32.000Z","volume":2000,"label":" ","price":14.58},{"type":"A","date":"2018-03-22T05:56:11.000Z","volume":2000,"label":" ","price":14.58},{"type":"A","date":"2018-03-22T05:57:00.000Z","volume":8000,"label":" ","price":14.58},{"type":"A","date":"2018-03-22T05:57:07.000Z","volume":2000,"label":" ","price":14.58},{"type":"A","date":"2018-03-22T05:57:29.000Z","volume":2000,"label":" ","price":14.58},{"type":"B","date":"2018-03-22T05:58:47.000Z","volume":4000,"label":" ","price":14.56},{"type":"B","date":"2018-03-22T05:58:47.000Z","volume":4000,"label":" ","price":14.56},{"type":"A","date":"2018-03-22T05:59:01.000Z","volume":2000,"label":" ","price":14.58},{"type":"A","date":"2018-03-22T05:59:18.000Z","volume":2000,"label":" ","price":14.58},{"type":"A","date":"2018-03-22T06:00:00.000Z","volume":2000,"label":" ","price":14.58},{"type":"B","date":"2018-03-22T06:01:32.000Z","volume":4000,"label":" ","price":14.56},{"type":"B","date":"2018-03-22T06:01:32.000Z","volume":4000,"label":" ","price":14.56},{"type":"A","date":"2018-03-22T06:01:34.000Z","volume":4000,"label":" ","price":14.58},{"type":"A","date":"2018-03-22T06:03:03.000Z","volume":2000,"label":" ","price":14.58},{"type":"A","date":"2018-03-22T06:03:03.000Z","volume":2000,"label":" ","price":14.58},{"type":"A","date":"2018-03-22T06:03:16.000Z","volume":8000,"label":" ","price":14.58},{"type":"A","date":"2018-03-22T06:03:20.000Z","volume":2000,"label":" ","price":14.58},{"type":"A","date":"2018-03-22T06:03:25.000Z","volume":2000,"label":" ","price":14.58},{"type":"A","date":"2018-03-22T06:03:26.000Z","volume":4000,"label":" ","price":14.58},{"type":"A","date":"2018-03-22T06:04:05.000Z","volume":8000,"label":" ","price":14.58},{"type":"A","date":"2018-03-22T06:05:22.000Z","volume":8000,"label":" ","price":14.58},{"type":"A","date":"2018-03-22T06:05:22.000Z","volume":2000,"label":" ","price":14.58},{"type":"B","date":"2018-03-22T06:05:47.000Z","volume":4000,"label":" ","price":14.56},{"type":"B","date":"2018-03-22T06:05:47.000Z","volume":4000,"label":" ","price":14.56},{"type":"B","date":"2018-03-22T06:05:47.000Z","volume":4000,"label":" ","price":14.56},{"type":"B","date":"2018-03-22T06:06:26.000Z","volume":2000,"label":" ","price":14.56},{"type":"B","date":"2018-03-22T06:07:11.000Z","volume":204000,"label":" ","price":14.56},{"type":"A","date":"2018-03-22T06:07:12.000Z","volume":14000,"label":" ","price":14.56},{"type":"A","date":"2018-03-22T06:07:13.000Z","volume":16000,"label":" ","price":14.56},{"type":"A","date":"2018-03-22T06:07:17.000Z","volume":8000,"label":" ","price":14.56},{"type":"B","date":"2018-03-22T06:07:50.000Z","volume":4000,"label":" ","price":14.54},{"type":"B","date":"2018-03-22T06:08:02.000Z","volume":4000,"label":" ","price":14.54},{"type":"B","date":"2018-03-22T06:10:02.000Z","volume":4000,"label":" ","price":14.54},{"type":"B","date":"2018-03-22T06:10:02.000Z","volume":4000,"label":" ","price":14.54},{"type":"A","date":"2018-03-22T06:10:05.000Z","volume":2000,"label":" ","price":14.56},{"type":"B","date":"2018-03-22T06:13:17.000Z","volume":4000,"label":" ","price":14.54},{"type":"B","date":"2018-03-22T06:13:17.000Z","volume":4000,"label":" ","price":14.54},{"type":"A","date":"2018-03-22T06:13:37.000Z","volume":8000,"label":" ","price":14.56},{"type":"B","date":"2018-03-22T06:13:42.000Z","volume":2000,"label":" ","price":14.54},{"type":"B","date":"2018-03-22T06:15:26.000Z","volume":2000,"label":" ","price":14.54},{"type":"B","date":"2018-03-22T06:16:38.000Z","volume":6000,"label":" ","price":14.54},{"type":"A","date":"2018-03-22T06:16:38.000Z","volume":8000,"label":" ","price":14.56},{"type":"A","date":"2018-03-22T06:16:40.000Z","volume":4000,"label":" ","price":14.56},{"type":"B","date":"2018-03-22T06:17:12.000Z","volume":10000,"label":" ","price":14.54},{"type":"A","date":"2018-03-22T06:17:14.000Z","volume":4000,"label":" ","price":14.56},{"type":"B","date":"2018-03-22T06:18:02.000Z","volume":6000,"label":" ","price":14.54},{"type":"B","date":"2018-03-22T06:18:02.000Z","volume":4000,"label":" ","price":14.54},{"type":"A","date":"2018-03-22T06:18:04.000Z","volume":4000,"label":" ","price":14.56},{"type":"A","date":"2018-03-22T06:19:18.000Z","volume":12000,"label":" ","price":14.56},{"type":"A","date":"2018-03-22T06:19:18.000Z","volume":4000,"label":" ","price":14.56},{"type":"A","date":"2018-03-22T06:19:25.000Z","volume":2000,"label":" ","price":14.56},{"type":"A","date":"2018-03-22T06:19:26.000Z","volume":4000,"label":" ","price":14.56},{"type":"U","date":"2018-03-22T06:21:49.000Z","volume":2000,"label":"X","price":14.54},{"type":"A","date":"2018-03-22T06:22:06.000Z","volume":2000,"label":" ","price":14.56},{"type":"A","date":"2018-03-22T06:22:12.000Z","volume":4000,"label":" ","price":14.56},{"type":"A","date":"2018-03-22T06:22:12.000Z","volume":2000,"label":" ","price":14.56},{"type":"A","date":"2018-03-22T06:22:37.000Z","volume":2000,"label":" ","price":14.56},{"type":"A","date":"2018-03-22T06:22:38.000Z","volume":4000,"label":" ","price":14.56},{"type":"A","date":"2018-03-22T06:23:06.000Z","volume":2000,"label":"Y","price":14.56},{"type":"A","date":"2018-03-22T06:23:06.000Z","volume":4000,"label":" ","price":14.56},{"type":"A","date":"2018-03-22T06:23:26.000Z","volume":2000,"label":" ","price":14.56},{"type":"A","date":"2018-03-22T06:24:21.000Z","volume":2000,"label":" ","price":14.56},{"type":"A","date":"2018-03-22T06:25:02.000Z","volume":10000,"label":" ","price":14.56},{"type":"A","date":"2018-03-22T06:25:02.000Z","volume":2000,"label":" ","price":14.56},{"type":"A","date":"2018-03-22T06:25:02.000Z","volume":12000,"label":" ","price":14.58},{"type":"U","date":"2018-03-22T06:25:02.000Z","volume":2000,"label":"Y","price":14.56},{"type":"A","date":"2018-03-22T06:25:04.000Z","volume":4000,"label":" ","price":14.58},{"type":"U","date":"2018-03-22T06:25:04.000Z","volume":2000,"label":"X","price":14.58},{"type":"A","date":"2018-03-22T06:25:05.000Z","volume":4000,"label":" ","price":14.58},{"type":"B","date":"2018-03-22T06:25:23.000Z","volume":2000,"label":" ","price":14.56},{"type":"B","date":"2018-03-22T06:25:25.000Z","volume":40000,"label":" ","price":14.56},{"type":"B","date":"2018-03-22T06:25:25.000Z","volume":14000,"label":" ","price":14.56},{"type":"B","date":"2018-03-22T06:25:48.000Z","volume":4000,"label":" ","price":14.56},{"type":"A","date":"2018-03-22T06:27:34.000Z","volume":12000,"label":" ","price":14.58},{"type":"A","date":"2018-03-22T06:28:17.000Z","volume":2000,"label":" ","price":14.58},{"type":"A","date":"2018-03-22T06:28:21.000Z","volume":4000,"label":" ","price":14.58},{"type":"B","date":"2018-03-22T06:29:02.000Z","volume":2000,"label":" ","price":14.56},{"type":"B","date":"2018-03-22T06:30:06.000Z","volume":2000,"label":" ","price":14.56},{"type":"A","date":"2018-03-22T06:30:12.000Z","volume":2000,"label":" ","price":14.58},{"type":"A","date":"2018-03-22T06:30:36.000Z","volume":14000,"label":" ","price":14.58},{"type":"A","date":"2018-03-22T06:30:38.000Z","volume":4000,"label":" ","price":14.58},{"type":"A","date":"2018-03-22T06:31:03.000Z","volume":16000,"label":" ","price":14.58},{"type":"A","date":"2018-03-22T06:31:04.000Z","volume":4000,"label":" ","price":14.58},{"type":"A","date":"2018-03-22T06:31:07.000Z","volume":2000,"label":" ","price":14.58},{"type":"B","date":"2018-03-22T06:32:05.000Z","volume":2000,"label":" ","price":14.56},{"type":"B","date":"2018-03-22T06:32:45.000Z","volume":2000,"label":" ","price":14.56},{"type":"A","date":"2018-03-22T06:33:26.000Z","volume":6000,"label":" ","price":14.58},{"type":"A","date":"2018-03-22T06:33:28.000Z","volume":4000,"label":" ","price":14.58},{"type":"B","date":"2018-03-22T06:34:01.000Z","volume":2000,"label":" ","price":14.56},{"type":"B","date":"2018-03-22T06:35:02.000Z","volume":4000,"label":" ","price":14.56},{"type":"B","date":"2018-03-22T06:35:02.000Z","volume":4000,"label":" ","price":14.56},{"type":"B","date":"2018-03-22T06:35:02.000Z","volume":4000,"label":" ","price":14.56},{"type":"A","date":"2018-03-22T06:35:25.000Z","volume":2000,"label":" ","price":14.58},{"type":"A","date":"2018-03-22T06:36:11.000Z","volume":12000,"label":" ","price":14.58},{"type":"B","date":"2018-03-22T06:37:25.000Z","volume":2000,"label":" ","price":14.56},{"type":"B","date":"2018-03-22T06:37:38.000Z","volume":134000,"label":" ","price":14.56},{"type":"B","date":"2018-03-22T06:37:38.000Z","volume":36000,"label":" ","price":14.56},{"type":"B","date":"2018-03-22T06:39:17.000Z","volume":4000,"label":" ","price":14.54},{"type":"B","date":"2018-03-22T06:39:17.000Z","volume":4000,"label":" ","price":14.54},{"type":"B","date":"2018-03-22T06:39:49.000Z","volume":8000,"label":" ","price":14.54},{"type":"B","date":"2018-03-22T06:40:04.000Z","volume":2000,"label":" ","price":14.54},{"type":"A","date":"2018-03-22T06:41:30.000Z","volume":2000,"label":" ","price":14.56},{"type":"A","date":"2018-03-22T06:43:09.000Z","volume":2000,"label":" ","price":14.56},{"type":"A","date":"2018-03-22T06:43:10.000Z","volume":4000,"label":" ","price":14.56},{"type":"B","date":"2018-03-22T06:43:47.000Z","volume":4000,"label":" ","price":14.54},{"type":"B","date":"2018-03-22T06:43:47.000Z","volume":4000,"label":" ","price":14.54},{"type":"A","date":"2018-03-22T06:44:43.000Z","volume":10000,"label":" ","price":14.56},{"type":"A","date":"2018-03-22T06:44:44.000Z","volume":4000,"label":" ","price":14.56},{"type":"B","date":"2018-03-22T06:45:34.000Z","volume":2000,"label":" ","price":14.54},{"type":"A","date":"2018-03-22T06:46:48.000Z","volume":10000,"label":" ","price":14.56},{"type":"B","date":"2018-03-22T06:48:02.000Z","volume":4000,"label":" ","price":14.54},{"type":"B","date":"2018-03-22T06:48:02.000Z","volume":6000,"label":" ","price":14.54},{"type":"A","date":"2018-03-22T06:49:06.000Z","volume":10000,"label":" ","price":14.56},{"type":"A","date":"2018-03-22T06:49:41.000Z","volume":6000,"label":" ","price":14.56},{"type":"A","date":"2018-03-22T06:49:41.000Z","volume":2000,"label":"Y","price":14.56},{"type":"A","date":"2018-03-22T06:49:41.000Z","volume":8000,"label":" ","price":14.56},{"type":"A","date":"2018-03-22T06:49:42.000Z","volume":4000,"label":" ","price":14.56},{"type":"U","date":"2018-03-22T06:49:45.000Z","volume":4000,"label":"X","price":14.56},{"type":"A","date":"2018-03-22T06:50:28.000Z","volume":6000,"label":" ","price":14.56},{"type":"A","date":"2018-03-22T06:50:28.000Z","volume":2000,"label":" ","price":14.56},{"type":"U","date":"2018-03-22T06:50:57.000Z","volume":2000,"label":"X","price":14.54},{"type":"A","date":"2018-03-22T06:51:02.000Z","volume":20000,"label":" ","price":14.56},{"type":"A","date":"2018-03-22T06:51:02.000Z","volume":4000,"label":" ","price":14.56},{"type":"A","date":"2018-03-22T06:51:04.000Z","volume":6000,"label":" ","price":14.56},{"type":"A","date":"2018-03-22T06:51:05.000Z","volume":4000,"label":" ","price":14.56},{"type":"A","date":"2018-03-22T06:51:06.000Z","volume":2000,"label":" ","price":14.56},{"type":"A","date":"2018-03-22T06:51:06.000Z","volume":2000,"label":" ","price":14.56},{"type":"A","date":"2018-03-22T06:51:08.000Z","volume":2000,"label":" ","price":14.56},{"type":"A","date":"2018-03-22T06:52:27.000Z","volume":12000,"label":" ","price":14.56},{"type":"A","date":"2018-03-22T06:52:27.000Z","volume":2000,"label":"Y","price":14.56},{"type":"A","date":"2018-03-22T06:52:28.000Z","volume":6000,"label":" ","price":14.56},{"type":"A","date":"2018-03-22T06:52:31.000Z","volume":2000,"label":" ","price":14.56},{"type":"A","date":"2018-03-22T06:52:31.000Z","volume":6000,"label":" ","price":14.56},{"type":"A","date":"2018-03-22T06:52:41.000Z","volume":24000,"label":" ","price":14.56},{"type":"A","date":"2018-03-22T06:52:41.000Z","volume":2000,"label":" ","price":14.56},{"type":"U","date":"2018-03-22T06:52:41.000Z","volume":2000,"label":" ","price":14.56},{"type":"U","date":"2018-03-22T06:52:41.000Z","volume":8000,"label":" ","price":14.56},{"type":"U","date":"2018-03-22T06:52:41.000Z","volume":6000,"label":" ","price":14.56},{"type":"B","date":"2018-03-22T06:53:22.000Z","volume":2000,"label":" ","price":14.56},{"type":"A","date":"2018-03-22T06:54:15.000Z","volume":2000,"label":" ","price":14.58},{"type":"A","date":"2018-03-22T06:54:54.000Z","volume":6000,"label":" ","price":14.58},{"type":"A","date":"2018-03-22T06:54:59.000Z","volume":6000,"label":" ","price":14.58},{"type":"A","date":"2018-03-22T06:54:59.000Z","volume":10000,"label":" ","price":14.58},{"type":"A","date":"2018-03-22T06:55:00.000Z","volume":6000,"label":" ","price":14.58},{"type":"A","date":"2018-03-22T06:55:12.000Z","volume":2000,"label":" ","price":14.58},{"type":"A","date":"2018-03-22T06:55:42.000Z","volume":2000,"label":" ","price":14.58},{"type":"B","date":"2018-03-22T06:56:51.000Z","volume":82000,"label":" ","price":14.56},{"type":"A","date":"2018-03-22T06:58:03.000Z","volume":4000,"label":" ","price":14.58},{"type":"A","date":"2018-03-22T06:58:53.000Z","volume":2000,"label":" ","price":14.58},{"type":"A","date":"2018-03-22T07:00:22.000Z","volume":8000,"label":" ","price":14.58},{"type":"A","date":"2018-03-22T07:00:24.000Z","volume":4000,"label":" ","price":14.58},{"type":"A","date":"2018-03-22T07:00:52.000Z","volume":4000,"label":" ","price":14.58},{"type":"B","date":"2018-03-22T07:01:32.000Z","volume":6000,"label":" ","price":14.56},{"type":"B","date":"2018-03-22T07:01:32.000Z","volume":4000,"label":" ","price":14.56},{"type":"A","date":"2018-03-22T07:03:12.000Z","volume":2000,"label":" ","price":14.58},{"type":"A","date":"2018-03-22T07:03:20.000Z","volume":12000,"label":" ","price":14.58},{"type":"A","date":"2018-03-22T07:03:24.000Z","volume":4000,"label":" ","price":14.58},{"type":"A","date":"2018-03-22T07:03:33.000Z","volume":24000,"label":" ","price":14.58},{"type":"A","date":"2018-03-22T07:03:57.000Z","volume":2000,"label":" ","price":14.58},{"type":"B","date":"2018-03-22T07:04:31.000Z","volume":4000,"label":" ","price":14.56},{"type":"A","date":"2018-03-22T07:04:33.000Z","volume":6000,"label":" ","price":14.58},{"type":"A","date":"2018-03-22T07:04:47.000Z","volume":2000,"label":" ","price":14.58},{"type":"B","date":"2018-03-22T07:05:47.000Z","volume":8000,"label":" ","price":14.56},{"type":"A","date":"2018-03-22T07:06:06.000Z","volume":12000,"label":" ","price":14.58},{"type":"B","date":"2018-03-22T07:06:32.000Z","volume":4000,"label":" ","price":14.56},{"type":"B","date":"2018-03-22T07:06:32.000Z","volume":4000,"label":" ","price":14.56},{"type":"B","date":"2018-03-22T07:06:32.000Z","volume":4000,"label":" ","price":14.56},{"type":"A","date":"2018-03-22T07:08:57.000Z","volume":2000,"label":" ","price":14.58},{"type":"A","date":"2018-03-22T07:08:57.000Z","volume":12000,"label":" ","price":14.58},{"type":"B","date":"2018-03-22T07:09:58.000Z","volume":40000,"label":" ","price":14.56},{"type":"B","date":"2018-03-22T07:09:58.000Z","volume":48000,"label":" ","price":14.56},{"type":"B","date":"2018-03-22T07:09:59.000Z","volume":20000,"label":" ","price":14.56},{"type":"B","date":"2018-03-22T07:09:59.000Z","volume":60000,"label":" ","price":14.56},{"type":"B","date":"2018-03-22T07:09:59.000Z","volume":8000,"label":" ","price":14.56},{"type":"B","date":"2018-03-22T07:09:59.000Z","volume":6000,"label":" ","price":14.56},{"type":"B","date":"2018-03-22T07:10:02.000Z","volume":4000,"label":" ","price":14.54},{"type":"B","date":"2018-03-22T07:10:02.000Z","volume":6000,"label":" ","price":14.54},{"type":"B","date":"2018-03-22T07:10:02.000Z","volume":4000,"label":" ","price":14.54},{"type":"B","date":"2018-03-22T07:10:02.000Z","volume":2000,"label":" ","price":14.54},{"type":"B","date":"2018-03-22T07:10:34.000Z","volume":6000,"label":" ","price":14.54},{"type":"A","date":"2018-03-22T07:11:24.000Z","volume":2000,"label":" ","price":14.56},{"type":"A","date":"2018-03-22T07:11:33.000Z","volume":4000,"label":" ","price":14.56},{"type":"B","date":"2018-03-22T07:12:19.000Z","volume":4000,"label":" ","price":14.54},{"type":"B","date":"2018-03-22T07:13:10.000Z","volume":2000,"label":" ","price":14.54},{"type":"B","date":"2018-03-22T07:13:40.000Z","volume":2000,"label":" ","price":14.54},{"type":"B","date":"2018-03-22T07:13:40.000Z","volume":2000,"label":" ","price":14.54},{"type":"B","date":"2018-03-22T07:13:41.000Z","volume":6000,"label":" ","price":14.54},{"type":"B","date":"2018-03-22T07:13:51.000Z","volume":12000,"label":" ","price":14.54},{"type":"B","date":"2018-03-22T07:13:53.000Z","volume":2000,"label":" ","price":14.54},{"type":"A","date":"2018-03-22T07:14:08.000Z","volume":4000,"label":" ","price":14.56},{"type":"B","date":"2018-03-22T07:14:19.000Z","volume":2000,"label":" ","price":14.54},{"type":"A","date":"2018-03-22T07:14:30.000Z","volume":2000,"label":" ","price":14.56},{"type":"B","date":"2018-03-22T07:14:45.000Z","volume":2000,"label":" ","price":14.54},{"type":"B","date":"2018-03-22T07:15:11.000Z","volume":2000,"label":" ","price":14.54},{"type":"B","date":"2018-03-22T07:15:24.000Z","volume":2000,"label":" ","price":14.54},{"type":"B","date":"2018-03-22T07:15:37.000Z","volume":2000,"label":" ","price":14.54},{"type":"B","date":"2018-03-22T07:15:50.000Z","volume":2000,"label":" ","price":14.54},{"type":"B","date":"2018-03-22T07:16:29.000Z","volume":2000,"label":" ","price":14.54},{"type":"B","date":"2018-03-22T07:16:42.000Z","volume":2000,"label":" ","price":14.54},{"type":"B","date":"2018-03-22T07:16:47.000Z","volume":4000,"label":" ","price":14.54},{"type":"A","date":"2018-03-22T07:17:00.000Z","volume":12000,"label":" ","price":14.56},{"type":"B","date":"2018-03-22T07:17:08.000Z","volume":2000,"label":" ","price":14.54},{"type":"B","date":"2018-03-22T07:17:21.000Z","volume":2000,"label":" ","price":14.54},{"type":"B","date":"2018-03-22T07:17:34.000Z","volume":2000,"label":" ","price":14.54},{"type":"B","date":"2018-03-22T07:18:00.000Z","volume":2000,"label":" ","price":14.54},{"type":"B","date":"2018-03-22T07:18:13.000Z","volume":2000,"label":" ","price":14.54},{"type":"B","date":"2018-03-22T07:18:52.000Z","volume":2000,"label":" ","price":14.54},{"type":"B","date":"2018-03-22T07:19:18.000Z","volume":2000,"label":" ","price":14.54},{"type":"B","date":"2018-03-22T07:19:18.000Z","volume":2000,"label":" ","price":14.54},{"type":"B","date":"2018-03-22T07:19:32.000Z","volume":4000,"label":" ","price":14.54},{"type":"B","date":"2018-03-22T07:19:36.000Z","volume":4000,"label":" ","price":14.54},{"type":"A","date":"2018-03-22T07:19:55.000Z","volume":14000,"label":" ","price":14.56},{"type":"B","date":"2018-03-22T07:19:57.000Z","volume":2000,"label":" ","price":14.54},{"type":"B","date":"2018-03-22T07:20:11.000Z","volume":2000,"label":" ","price":14.54},{"type":"B","date":"2018-03-22T07:20:23.000Z","volume":4000,"label":" ","price":14.54},{"type":"B","date":"2018-03-22T07:20:34.000Z","volume":4000,"label":" ","price":14.54},{"type":"B","date":"2018-03-22T07:20:35.000Z","volume":4000,"label":" ","price":14.54},{"type":"B","date":"2018-03-22T07:20:36.000Z","volume":2000,"label":" ","price":14.54},{"type":"B","date":"2018-03-22T07:20:37.000Z","volume":22000,"label":" ","price":14.54},{"type":"U","date":"2018-03-22T07:20:37.000Z","volume":2000,"label":" ","price":14.54},{"type":"B","date":"2018-03-22T07:20:49.000Z","volume":2000,"label":" ","price":14.52},{"type":"B","date":"2018-03-22T07:21:15.000Z","volume":2000,"label":" ","price":14.52},{"type":"B","date":"2018-03-22T07:21:34.000Z","volume":4000,"label":" ","price":14.52},{"type":"B","date":"2018-03-22T07:22:04.000Z","volume":4000,"label":" ","price":14.52},{"type":"B","date":"2018-03-22T07:22:07.000Z","volume":4000,"label":" ","price":14.52},{"type":"B","date":"2018-03-22T07:22:20.000Z","volume":2000,"label":" ","price":14.52},{"type":"A","date":"2018-03-22T07:22:20.000Z","volume":4000,"label":" ","price":14.54},{"type":"B","date":"2018-03-22T07:22:46.000Z","volume":2000,"label":" ","price":14.52},{"type":"B","date":"2018-03-22T07:22:52.000Z","volume":2000,"label":" ","price":14.52},{"type":"B","date":"2018-03-22T07:22:59.000Z","volume":2000,"label":" ","price":14.52},{"type":"B","date":"2018-03-22T07:23:19.000Z","volume":4000,"label":" ","price":14.52},{"type":"B","date":"2018-03-22T07:23:51.000Z","volume":4000,"label":" ","price":14.52},{"type":"B","date":"2018-03-22T07:24:11.000Z","volume":2000,"label":" ","price":14.52},{"type":"B","date":"2018-03-22T07:24:17.000Z","volume":2000,"label":" ","price":14.52},{"type":"A","date":"2018-03-22T07:24:24.000Z","volume":2000,"label":" ","price":14.54},{"type":"B","date":"2018-03-22T07:24:43.000Z","volume":2000,"label":" ","price":14.52},{"type":"A","date":"2018-03-22T07:24:58.000Z","volume":12000,"label":" ","price":14.54},{"type":"B","date":"2018-03-22T07:25:09.000Z","volume":2000,"label":" ","price":14.52},{"type":"B","date":"2018-03-22T07:25:22.000Z","volume":2000,"label":" ","price":14.52},{"type":"B","date":"2018-03-22T07:26:00.000Z","volume":4000,"label":" ","price":14.52},{"type":"B","date":"2018-03-22T07:26:27.000Z","volume":2000,"label":" ","price":14.52},{"type":"B","date":"2018-03-22T07:27:00.000Z","volume":2000,"label":" ","price":14.52},{"type":"B","date":"2018-03-22T07:27:02.000Z","volume":6000,"label":" ","price":14.52},{"type":"B","date":"2018-03-22T07:27:02.000Z","volume":4000,"label":" ","price":14.52},{"type":"B","date":"2018-03-22T07:27:18.000Z","volume":6000,"label":" ","price":14.52},{"type":"B","date":"2018-03-22T07:27:30.000Z","volume":4000,"label":" ","price":14.52},{"type":"B","date":"2018-03-22T07:27:34.000Z","volume":6000,"label":" ","price":14.52},{"type":"B","date":"2018-03-22T07:27:45.000Z","volume":2000,"label":" ","price":14.52},{"type":"A","date":"2018-03-22T07:27:57.000Z","volume":12000,"label":" ","price":14.54},{"type":"B","date":"2018-03-22T07:28:56.000Z","volume":2000,"label":" ","price":14.52},{"type":"B","date":"2018-03-22T07:29:55.000Z","volume":2000,"label":" ","price":14.52},{"type":"A","date":"2018-03-22T07:30:20.000Z","volume":10000,"label":" ","price":14.54},{"type":"B","date":"2018-03-22T07:30:22.000Z","volume":10000,"label":" ","price":14.52},{"type":"B","date":"2018-03-22T07:30:30.000Z","volume":4000,"label":" ","price":14.52},{"type":"A","date":"2018-03-22T07:30:44.000Z","volume":22000,"label":" ","price":14.54},{"type":"B","date":"2018-03-22T07:30:48.000Z","volume":4000,"label":" ","price":14.52},{"type":"B","date":"2018-03-22T07:31:00.000Z","volume":2000,"label":" ","price":14.52},{"type":"B","date":"2018-03-22T07:31:26.000Z","volume":2000,"label":" ","price":14.52},{"type":"B","date":"2018-03-22T07:32:18.000Z","volume":4000,"label":" ","price":14.52},{"type":"B","date":"2018-03-22T07:32:28.000Z","volume":10000,"label":" ","price":14.52},{"type":"B","date":"2018-03-22T07:32:30.000Z","volume":2000,"label":" ","price":14.52},{"type":"B","date":"2018-03-22T07:32:44.000Z","volume":2000,"label":" ","price":14.52},{"type":"A","date":"2018-03-22T07:32:50.000Z","volume":6000,"label":" ","price":14.54},{"type":"A","date":"2018-03-22T07:33:20.000Z","volume":20000,"label":" ","price":14.54},{"type":"B","date":"2018-03-22T07:34:00.000Z","volume":2000,"label":" ","price":14.52},{"type":"B","date":"2018-03-22T07:34:24.000Z","volume":10000,"label":" ","price":14.52},{"type":"B","date":"2018-03-22T07:34:27.000Z","volume":2000,"label":"Y","price":14.52},{"type":"B","date":"2018-03-22T07:34:27.000Z","volume":80000,"label":" ","price":14.52},{"type":"B","date":"2018-03-22T07:34:27.000Z","volume":4000,"label":" ","price":14.52},{"type":"B","date":"2018-03-22T07:34:28.000Z","volume":2000,"label":" ","price":14.5},{"type":"B","date":"2018-03-22T07:34:29.000Z","volume":10000,"label":" ","price":14.5},{"type":"B","date":"2018-03-22T07:34:29.000Z","volume":24000,"label":" ","price":14.5},{"type":"B","date":"2018-03-22T07:35:02.000Z","volume":6000,"label":" ","price":14.5},{"type":"B","date":"2018-03-22T07:35:02.000Z","volume":6000,"label":" ","price":14.5},{"type":"B","date":"2018-03-22T07:35:02.000Z","volume":6000,"label":" ","price":14.5},{"type":"B","date":"2018-03-22T07:35:03.000Z","volume":12000,"label":" ","price":14.5},{"type":"B","date":"2018-03-22T07:35:07.000Z","volume":2000,"label":" ","price":14.48},{"type":"A","date":"2018-03-22T07:35:17.000Z","volume":10000,"label":" ","price":14.5},{"type":"B","date":"2018-03-22T07:35:18.000Z","volume":6000,"label":" ","price":14.5},{"type":"A","date":"2018-03-22T07:35:52.000Z","volume":4000,"label":" ","price":14.52},{"type":"B","date":"2018-03-22T07:35:59.000Z","volume":2000,"label":" ","price":14.5},{"type":"B","date":"2018-03-22T07:36:11.000Z","volume":2000,"label":" ","price":14.5},{"type":"B","date":"2018-03-22T07:36:38.000Z","volume":2000,"label":" ","price":14.5},{"type":"A","date":"2018-03-22T07:36:45.000Z","volume":2000,"label":"Y","price":14.52},{"type":"B","date":"2018-03-22T07:37:00.000Z","volume":2000,"label":" ","price":14.5},{"type":"B","date":"2018-03-22T07:37:30.000Z","volume":4000,"label":" ","price":14.5},{"type":"B","date":"2018-03-22T07:37:56.000Z","volume":2000,"label":" ","price":14.5},{"type":"B","date":"2018-03-22T07:37:56.000Z","volume":2000,"label":" ","price":14.5},{"type":"B","date":"2018-03-22T07:38:02.000Z","volume":58000,"label":" ","price":14.5},{"type":"B","date":"2018-03-22T07:38:04.000Z","volume":2000,"label":" ","price":14.44},{"type":"A","date":"2018-03-22T07:38:06.000Z","volume":4000,"label":" ","price":14.48},{"type":"A","date":"2018-03-22T07:38:50.000Z","volume":12000,"label":" ","price":14.5},{"type":"B","date":"2018-03-22T07:39:00.000Z","volume":2000,"label":" ","price":14.48},{"type":"B","date":"2018-03-22T07:39:31.000Z","volume":6000,"label":" ","price":14.48},{"type":"A","date":"2018-03-22T07:41:20.000Z","volume":24000,"label":" ","price":14.5},{"type":"A","date":"2018-03-22T07:41:20.000Z","volume":4000,"label":"Y","price":14.5},{"type":"A","date":"2018-03-22T07:41:20.000Z","volume":2000,"label":" ","price":14.5},{"type":"B","date":"2018-03-22T07:41:20.000Z","volume":6000,"label":" ","price":14.5},{"type":"A","date":"2018-03-22T07:41:20.000Z","volume":8000,"label":" ","price":14.5},{"type":"B","date":"2018-03-22T07:41:43.000Z","volume":4000,"label":" ","price":14.48},{"type":"B","date":"2018-03-22T07:42:26.000Z","volume":2000,"label":" ","price":14.48},{"type":"B","date":"2018-03-22T07:43:34.000Z","volume":4000,"label":" ","price":14.48},{"type":"B","date":"2018-03-22T07:43:47.000Z","volume":10000,"label":" ","price":14.48},{"type":"B","date":"2018-03-22T07:43:47.000Z","volume":8000,"label":" ","price":14.48},{"type":"B","date":"2018-03-22T07:44:06.000Z","volume":22000,"label":" ","price":14.48},{"type":"B","date":"2018-03-22T07:44:06.000Z","volume":2000,"label":" ","price":14.48},{"type":"B","date":"2018-03-22T07:44:06.000Z","volume":2000,"label":" ","price":14.48},{"type":"A","date":"2018-03-22T07:44:11.000Z","volume":18000,"label":" ","price":14.5},{"type":"A","date":"2018-03-22T07:44:18.000Z","volume":2000,"label":" ","price":14.48},{"type":"A","date":"2018-03-22T07:44:19.000Z","volume":2000,"label":" ","price":14.5},{"type":"B","date":"2018-03-22T07:44:32.000Z","volume":10000,"label":" ","price":14.48},{"type":"B","date":"2018-03-22T07:44:32.000Z","volume":6000,"label":"Y","price":14.48},{"type":"B","date":"2018-03-22T07:44:32.000Z","volume":20000,"label":" ","price":14.48},{"type":"B","date":"2018-03-22T07:45:19.000Z","volume":2000,"label":" ","price":14.44},{"type":"B","date":"2018-03-22T07:47:00.000Z","volume":2000,"label":" ","price":14.44},{"type":"A","date":"2018-03-22T07:47:05.000Z","volume":10000,"label":" ","price":14.46},{"type":"A","date":"2018-03-22T07:47:12.000Z","volume":10000,"label":" ","price":14.46},{"type":"A","date":"2018-03-22T07:48:19.000Z","volume":6000,"label":" ","price":14.48},{"type":"B","date":"2018-03-22T07:49:25.000Z","volume":70000,"label":" ","price":14.46},{"type":"B","date":"2018-03-22T07:49:47.000Z","volume":16000,"label":" ","price":14.44},{"type":"A","date":"2018-03-22T07:49:47.000Z","volume":4000,"label":" ","price":14.44},{"type":"A","date":"2018-03-22T07:49:47.000Z","volume":10000,"label":" ","price":14.44},{"type":"A","date":"2018-03-22T07:50:03.000Z","volume":12000,"label":" ","price":14.46},{"type":"B","date":"2018-03-22T07:50:13.000Z","volume":10000,"label":" ","price":14.44},{"type":"B","date":"2018-03-22T07:50:25.000Z","volume":2000,"label":" ","price":14.44},{"type":"B","date":"2018-03-22T07:50:33.000Z","volume":4000,"label":" ","price":14.44},{"type":"A","date":"2018-03-22T07:50:36.000Z","volume":10000,"label":"Y","price":14.44},{"type":"A","date":"2018-03-22T07:50:36.000Z","volume":8000,"label":" ","price":14.44},{"type":"B","date":"2018-03-22T07:51:12.000Z","volume":2000,"label":" ","price":14.44},{"type":"B","date":"2018-03-22T07:51:17.000Z","volume":10000,"label":" ","price":14.44},{"type":"B","date":"2018-03-22T07:51:17.000Z","volume":2000,"label":" ","price":14.42},{"type":"B","date":"2018-03-22T07:51:59.000Z","volume":2000,"label":" ","price":14.42},{"type":"A","date":"2018-03-22T07:52:56.000Z","volume":20000,"label":" ","price":14.44},{"type":"A","date":"2018-03-22T07:52:56.000Z","volume":2000,"label":" ","price":14.46},{"type":"A","date":"2018-03-22T07:53:55.000Z","volume":12000,"label":" ","price":14.46},{"type":"A","date":"2018-03-22T07:53:57.000Z","volume":8000,"label":" ","price":14.44},{"type":"B","date":"2018-03-22T07:54:05.000Z","volume":2000,"label":" ","price":14.42},{"type":"A","date":"2018-03-22T07:54:05.000Z","volume":2000,"label":" ","price":14.44},{"type":"A","date":"2018-03-22T07:54:29.000Z","volume":6000,"label":" ","price":14.46},{"type":"A","date":"2018-03-22T07:54:39.000Z","volume":2000,"label":"Y","price":14.44},{"type":"A","date":"2018-03-22T07:54:39.000Z","volume":10000,"label":" ","price":14.44},{"type":"A","date":"2018-03-22T07:55:06.000Z","volume":12000,"label":" ","price":14.46},{"type":"A","date":"2018-03-22T07:55:31.000Z","volume":2000,"label":" ","price":14.46},{"type":"B","date":"2018-03-22T07:55:35.000Z","volume":20000,"label":" ","price":14.44},{"type":"B","date":"2018-03-22T07:55:49.000Z","volume":8000,"label":" ","price":14.44},{"type":"A","date":"2018-03-22T07:55:51.000Z","volume":2000,"label":" ","price":14.46},{"type":"B","date":"2018-03-22T07:56:02.000Z","volume":2000,"label":" ","price":14.44},{"type":"A","date":"2018-03-22T07:56:06.000Z","volume":4000,"label":" ","price":14.46},{"type":"A","date":"2018-03-22T07:56:13.000Z","volume":2000,"label":" ","price":14.46},{"type":"A","date":"2018-03-22T07:56:49.000Z","volume":88000,"label":" ","price":14.46},{"type":"A","date":"2018-03-22T07:56:49.000Z","volume":12000,"label":" ","price":14.46},{"type":"A","date":"2018-03-22T07:56:49.000Z","volume":4000,"label":" ","price":14.46},{"type":"A","date":"2018-03-22T07:56:49.000Z","volume":6000,"label":" ","price":14.48},{"type":"A","date":"2018-03-22T07:56:59.000Z","volume":2000,"label":" ","price":14.48},{"type":"A","date":"2018-03-22T07:57:03.000Z","volume":4000,"label":" ","price":14.48},{"type":"A","date":"2018-03-22T07:57:20.000Z","volume":10000,"label":" ","price":14.48},{"type":"A","date":"2018-03-22T07:57:30.000Z","volume":4000,"label":" ","price":14.48},{"type":"A","date":"2018-03-22T07:57:54.000Z","volume":12000,"label":" ","price":14.48},{"type":"B","date":"2018-03-22T07:57:54.000Z","volume":46000,"label":" ","price":14.46},{"type":"B","date":"2018-03-22T07:57:55.000Z","volume":12000,"label":" ","price":14.46},{"type":"B","date":"2018-03-22T07:57:56.000Z","volume":2000,"label":" ","price":14.44},{"type":"A","date":"2018-03-22T07:57:59.000Z","volume":4000,"label":"Y","price":14.44},{"type":"A","date":"2018-03-22T07:58:05.000Z","volume":26000,"label":" ","price":14.46},{"type":"B","date":"2018-03-22T07:58:05.000Z","volume":4000,"label":" ","price":14.46},{"type":"B","date":"2018-03-22T07:58:27.000Z","volume":70000,"label":" ","price":14.46},{"type":"B","date":"2018-03-22T07:58:27.000Z","volume":8000,"label":" ","price":14.46},{"type":"A","date":"2018-03-22T07:58:29.000Z","volume":8000,"label":" ","price":14.46},{"type":"A","date":"2018-03-22T07:59:00.000Z","volume":6000,"label":" ","price":14.46},{"type":"A","date":"2018-03-22T07:59:00.000Z","volume":2000,"label":" ","price":14.48},{"type":"A","date":"2018-03-22T07:59:02.000Z","volume":2000,"label":"Y","price":14.46},{"type":"A","date":"2018-03-22T07:59:02.000Z","volume":2000,"label":"Y","price":14.46},{"type":"A","date":"2018-03-22T07:59:02.000Z","volume":2000,"label":" ","price":14.46},{"type":"A","date":"2018-03-22T07:59:02.000Z","volume":2000,"label":" ","price":14.46},{"type":"A","date":"2018-03-22T07:59:02.000Z","volume":2000,"label":" ","price":14.46},{"type":"A","date":"2018-03-22T07:59:06.000Z","volume":2000,"label":" ","price":14.46},{"type":"A","date":"2018-03-22T07:59:06.000Z","volume":2000,"label":" ","price":14.46},{"type":"A","date":"2018-03-22T07:59:07.000Z","volume":2000,"label":" ","price":14.48},{"type":"A","date":"2018-03-22T07:59:08.000Z","volume":2000,"label":" ","price":14.48},{"type":"A","date":"2018-03-22T07:59:08.000Z","volume":2000,"label":" ","price":14.48},{"type":"A","date":"2018-03-22T07:59:12.000Z","volume":2000,"label":" ","price":14.48},{"type":"A","date":"2018-03-22T07:59:15.000Z","volume":8000,"label":" ","price":14.48},{"type":"B","date":"2018-03-22T07:59:17.000Z","volume":4000,"label":" ","price":14.46},{"type":"B","date":"2018-03-22T07:59:24.000Z","volume":98000,"label":" ","price":14.46},{"type":"A","date":"2018-03-22T07:59:27.000Z","volume":6000,"label":" ","price":14.46},{"type":"A","date":"2018-03-22T07:59:30.000Z","volume":8000,"label":" ","price":14.46},{"type":"A","date":"2018-03-22T07:59:33.000Z","volume":14000,"label":"Y","price":14.44},{"type":"A","date":"2018-03-22T07:59:33.000Z","volume":2000,"label":" ","price":14.44},{"type":"B","date":"2018-03-22T07:59:33.000Z","volume":2000,"label":"Y","price":14.44},{"type":"A","date":"2018-03-22T07:59:37.000Z","volume":2000,"label":"Y","price":14.46},{"type":"A","date":"2018-03-22T07:59:37.000Z","volume":4000,"label":" ","price":14.46},{"type":"A","date":"2018-03-22T07:59:37.000Z","volume":2000,"label":" ","price":14.48},{"type":"A","date":"2018-03-22T07:59:45.000Z","volume":6000,"label":" ","price":14.48},{"type":"B","date":"2018-03-22T07:59:47.000Z","volume":2000,"label":" ","price":14.44},{"type":"U","date":"2018-03-22T08:08:15.000Z","volume":582000,"label":"U","price":14.48}]