[{"type":"U","date":"2018-04-20T01:20:00.000Z","volume":12000,"label":"U","price":6.25},{"type":"U","date":"2018-04-20T01:30:28.000Z","volume":2000,"label":" ","price":6.23},{"type":"B","date":"2018-04-20T01:30:59.000Z","volume":22000,"label":" ","price":6.21},{"type":"B","date":"2018-04-20T01:30:59.000Z","volume":178000,"label":" ","price":6.2},{"type":"B","date":"2018-04-20T01:31:03.000Z","volume":2000,"label":" ","price":6.22},{"type":"B","date":"2018-04-20T01:31:05.000Z","volume":6000,"label":" ","price":6.22},{"type":"A","date":"2018-04-20T01:31:33.000Z","volume":12000,"label":" ","price":6.25},{"type":"A","date":"2018-04-20T01:31:33.000Z","volume":90000,"label":" ","price":6.25},{"type":"A","date":"2018-04-20T01:31:47.000Z","volume":2000,"label":" ","price":6.26},{"type":"A","date":"2018-04-20T01:31:47.000Z","volume":2000,"label":" ","price":6.27},{"type":"A","date":"2018-04-20T01:32:03.000Z","volume":42000,"label":" ","price":6.28},{"type":"A","date":"2018-04-20T01:32:06.000Z","volume":2000,"label":" ","price":6.29},{"type":"B","date":"2018-04-20T01:32:16.000Z","volume":20000,"label":" ","price":6.28},{"type":"U","date":"2018-04-20T01:32:18.000Z","volume":10000,"label":" ","price":6.29},{"type":"A","date":"2018-04-20T01:32:20.000Z","volume":40000,"label":" ","price":6.29},{"type":"A","date":"2018-04-20T01:32:51.000Z","volume":4000,"label":" ","price":6.3},{"type":"B","date":"2018-04-20T01:32:51.000Z","volume":18000,"label":" ","price":6.29},{"type":"B","date":"2018-04-20T01:32:51.000Z","volume":20000,"label":" ","price":6.29},{"type":"B","date":"2018-04-20T01:32:54.000Z","volume":18000,"label":" ","price":6.29},{"type":"B","date":"2018-04-20T01:32:59.000Z","volume":18000,"label":" ","price":6.28},{"type":"A","date":"2018-04-20T01:34:57.000Z","volume":2000,"label":" ","price":6.29},{"type":"U","date":"2018-04-20T01:35:20.000Z","volume":30000,"label":" ","price":6.28},{"type":"B","date":"2018-04-20T01:35:21.000Z","volume":20000,"label":" ","price":6.28},{"type":"A","date":"2018-04-20T01:35:27.000Z","volume":4000,"label":" ","price":6.29},{"type":"A","date":"2018-04-20T01:36:49.000Z","volume":4000,"label":" ","price":6.29},{"type":"U","date":"2018-04-20T01:38:02.000Z","volume":8000,"label":"X","price":6.29},{"type":"A","date":"2018-04-20T01:38:14.000Z","volume":2000,"label":" ","price":6.29},{"type":"B","date":"2018-04-20T01:39:42.000Z","volume":10000,"label":" ","price":6.27},{"type":"U","date":"2018-04-20T01:39:45.000Z","volume":10000,"label":" ","price":6.28},{"type":"A","date":"2018-04-20T01:39:52.000Z","volume":10000,"label":" ","price":6.29},{"type":"A","date":"2018-04-20T01:39:58.000Z","volume":70000,"label":" ","price":6.29},{"type":"U","date":"2018-04-20T01:40:11.000Z","volume":2000,"label":"X","price":6.29},{"type":"A","date":"2018-04-20T01:40:28.000Z","volume":100000,"label":" ","price":6.3},{"type":"U","date":"2018-04-20T01:40:28.000Z","volume":14000,"label":"X","price":6.29},{"type":"A","date":"2018-04-20T01:40:31.000Z","volume":6000,"label":" ","price":6.3},{"type":"U","date":"2018-04-20T01:40:53.000Z","volume":4000,"label":"X","price":6.294},{"type":"U","date":"2018-04-20T01:43:54.000Z","volume":12000,"label":"X","price":6.295},{"type":"A","date":"2018-04-20T01:44:02.000Z","volume":10000,"label":"Y","price":6.3},{"type":"A","date":"2018-04-20T01:44:07.000Z","volume":676000,"label":" ","price":6.3},{"type":"A","date":"2018-04-20T01:44:07.000Z","volume":40000,"label":" ","price":6.31},{"type":"U","date":"2018-04-20T01:44:12.000Z","volume":22000,"label":" ","price":6.32},{"type":"B","date":"2018-04-20T01:44:12.000Z","volume":36000,"label":" ","price":6.31},{"type":"B","date":"2018-04-20T01:44:12.000Z","volume":74000,"label":" ","price":6.3},{"type":"B","date":"2018-04-20T01:44:12.000Z","volume":356000,"label":" ","price":6.3},{"type":"U","date":"2018-04-20T01:44:30.000Z","volume":22000,"label":"X","price":6.32},{"type":"U","date":"2018-04-20T01:44:30.000Z","volume":8000,"label":"X","price":6.32},{"type":"U","date":"2018-04-20T01:44:31.000Z","volume":10000,"label":"X","price":6.32},{"type":"U","date":"2018-04-20T01:44:31.000Z","volume":8000,"label":"X","price":6.32},{"type":"U","date":"2018-04-20T01:44:31.000Z","volume":8000,"label":"X","price":6.32},{"type":"U","date":"2018-04-20T01:44:31.000Z","volume":8000,"label":"X","price":6.32},{"type":"B","date":"2018-04-20T01:44:34.000Z","volume":6000,"label":" ","price":6.32},{"type":"B","date":"2018-04-20T01:44:38.000Z","volume":28000,"label":" ","price":6.32},{"type":"B","date":"2018-04-20T01:45:11.000Z","volume":6000,"label":" ","price":6.31},{"type":"B","date":"2018-04-20T01:45:11.000Z","volume":12000,"label":" ","price":6.31},{"type":"A","date":"2018-04-20T01:45:26.000Z","volume":2000,"label":" ","price":6.32},{"type":"A","date":"2018-04-20T01:45:26.000Z","volume":28000,"label":" ","price":6.32},{"type":"U","date":"2018-04-20T01:46:15.000Z","volume":2000,"label":"X","price":6.318},{"type":"B","date":"2018-04-20T01:46:52.000Z","volume":20000,"label":" ","price":6.31},{"type":"B","date":"2018-04-20T01:46:58.000Z","volume":8000,"label":" ","price":6.31},{"type":"B","date":"2018-04-20T01:46:58.000Z","volume":92000,"label":" ","price":6.3},{"type":"A","date":"2018-04-20T01:46:58.000Z","volume":2000,"label":" ","price":6.3},{"type":"A","date":"2018-04-20T01:46:58.000Z","volume":2000,"label":" ","price":6.3},{"type":"A","date":"2018-04-20T01:47:02.000Z","volume":34000,"label":" ","price":6.3},{"type":"B","date":"2018-04-20T01:48:47.000Z","volume":10000,"label":" ","price":6.3},{"type":"A","date":"2018-04-20T01:49:01.000Z","volume":10000,"label":"Y","price":6.31},{"type":"A","date":"2018-04-20T01:49:09.000Z","volume":14000,"label":" ","price":6.31},{"type":"B","date":"2018-04-20T01:49:30.000Z","volume":20000,"label":" ","price":6.3},{"type":"B","date":"2018-04-20T01:50:44.000Z","volume":4000,"label":"Y","price":6.3},{"type":"B","date":"2018-04-20T01:50:44.000Z","volume":8000,"label":" ","price":6.3},{"type":"A","date":"2018-04-20T01:50:56.000Z","volume":2000,"label":" ","price":6.32},{"type":"U","date":"2018-04-20T01:51:15.000Z","volume":2000,"label":"X","price":6.302},{"type":"U","date":"2018-04-20T01:51:16.000Z","volume":1595,"label":"D","price":6.29},{"type":"A","date":"2018-04-20T01:51:28.000Z","volume":2000,"label":"Y","price":6.32},{"type":"A","date":"2018-04-20T01:52:25.000Z","volume":2000,"label":" ","price":6.32},{"type":"B","date":"2018-04-20T01:54:01.000Z","volume":2000,"label":" ","price":6.3},{"type":"U","date":"2018-04-20T01:54:35.000Z","volume":12000,"label":"X","price":6.31},{"type":"A","date":"2018-04-20T01:54:35.000Z","volume":4000,"label":"Y","price":6.32},{"type":"B","date":"2018-04-20T01:54:55.000Z","volume":8000,"label":"Y","price":6.3},{"type":"B","date":"2018-04-20T01:54:55.000Z","volume":22000,"label":" ","price":6.3},{"type":"U","date":"2018-04-20T01:55:15.000Z","volume":4000,"label":" ","price":6.3},{"type":"U","date":"2018-04-20T01:55:15.000Z","volume":4000,"label":" ","price":6.3},{"type":"A","date":"2018-04-20T01:56:01.000Z","volume":28000,"label":" ","price":6.32},{"type":"A","date":"2018-04-20T01:56:34.000Z","volume":2000,"label":" ","price":6.33},{"type":"A","date":"2018-04-20T01:57:12.000Z","volume":8000,"label":" ","price":6.33},{"type":"A","date":"2018-04-20T01:57:22.000Z","volume":100000,"label":" ","price":6.34},{"type":"A","date":"2018-04-20T01:57:22.000Z","volume":12000,"label":" ","price":6.34},{"type":"U","date":"2018-04-20T02:00:19.000Z","volume":14000,"label":"X","price":6.34},{"type":"U","date":"2018-04-20T02:00:19.000Z","volume":8000,"label":"X","price":6.34},{"type":"A","date":"2018-04-20T02:00:55.000Z","volume":40000,"label":" ","price":6.35},{"type":"A","date":"2018-04-20T02:00:55.000Z","volume":8000,"label":" ","price":6.35},{"type":"U","date":"2018-04-20T02:00:59.000Z","volume":4000,"label":"X","price":6.34},{"type":"B","date":"2018-04-20T02:00:59.000Z","volume":2000,"label":" ","price":6.34},{"type":"B","date":"2018-04-20T02:01:06.000Z","volume":2000,"label":" ","price":6.34},{"type":"U","date":"2018-04-20T02:01:30.000Z","volume":2000,"label":"X","price":6.349},{"type":"U","date":"2018-04-20T02:02:52.000Z","volume":12000,"label":"X","price":6.35},{"type":"B","date":"2018-04-20T02:03:04.000Z","volume":2000,"label":" ","price":6.34},{"type":"B","date":"2018-04-20T02:04:23.000Z","volume":22000,"label":" ","price":6.34},{"type":"A","date":"2018-04-20T02:04:23.000Z","volume":4000,"label":" ","price":6.34},{"type":"A","date":"2018-04-20T02:04:23.000Z","volume":4000,"label":" ","price":6.34},{"type":"A","date":"2018-04-20T02:04:23.000Z","volume":2000,"label":" ","price":6.34},{"type":"A","date":"2018-04-20T02:04:23.000Z","volume":12000,"label":" ","price":6.34},{"type":"A","date":"2018-04-20T02:04:24.000Z","volume":6000,"label":" ","price":6.34},{"type":"B","date":"2018-04-20T02:05:17.000Z","volume":6000,"label":" ","price":6.33},{"type":"A","date":"2018-04-20T02:06:34.000Z","volume":2000,"label":" ","price":6.35},{"type":"U","date":"2018-04-20T02:07:57.000Z","volume":8000,"label":"X","price":6.34},{"type":"A","date":"2018-04-20T02:07:58.000Z","volume":2000,"label":"Y","price":6.35},{"type":"A","date":"2018-04-20T02:07:58.000Z","volume":8000,"label":" ","price":6.35},{"type":"U","date":"2018-04-20T02:08:16.000Z","volume":2000,"label":"X","price":6.35},{"type":"A","date":"2018-04-20T02:09:31.000Z","volume":16000,"label":" ","price":6.35},{"type":"A","date":"2018-04-20T02:09:32.000Z","volume":2000,"label":" ","price":6.35},{"type":"U","date":"2018-04-20T02:09:39.000Z","volume":2000,"label":"X","price":6.34},{"type":"U","date":"2018-04-20T02:09:46.000Z","volume":2000,"label":"X","price":6.34},{"type":"A","date":"2018-04-20T02:09:50.000Z","volume":2000,"label":" ","price":6.35},{"type":"A","date":"2018-04-20T02:10:32.000Z","volume":2000,"label":" ","price":6.35},{"type":"A","date":"2018-04-20T02:10:33.000Z","volume":12000,"label":" ","price":6.35},{"type":"A","date":"2018-04-20T02:10:34.000Z","volume":2000,"label":" ","price":6.35},{"type":"U","date":"2018-04-20T02:11:21.000Z","volume":2000,"label":"X","price":6.34},{"type":"U","date":"2018-04-20T02:11:22.000Z","volume":8000,"label":"X","price":6.34},{"type":"U","date":"2018-04-20T02:11:32.000Z","volume":8000,"label":"X","price":6.34},{"type":"A","date":"2018-04-20T02:11:32.000Z","volume":2000,"label":"Y","price":6.35},{"type":"B","date":"2018-04-20T02:12:05.000Z","volume":72000,"label":" ","price":6.33},{"type":"A","date":"2018-04-20T02:12:05.000Z","volume":8000,"label":" ","price":6.35},{"type":"U","date":"2018-04-20T02:12:05.000Z","volume":2000,"label":"X","price":6.34},{"type":"A","date":"2018-04-20T02:13:34.000Z","volume":6000,"label":" ","price":6.36},{"type":"A","date":"2018-04-20T02:13:34.000Z","volume":4000,"label":" ","price":6.36},{"type":"B","date":"2018-04-20T02:13:35.000Z","volume":2000,"label":"Y","price":6.35},{"type":"B","date":"2018-04-20T02:13:35.000Z","volume":2000,"label":" ","price":6.35},{"type":"U","date":"2018-04-20T02:13:35.000Z","volume":8000,"label":"X","price":6.355},{"type":"A","date":"2018-04-20T02:13:35.000Z","volume":8000,"label":" ","price":6.36},{"type":"A","date":"2018-04-20T02:13:36.000Z","volume":36000,"label":" ","price":6.36},{"type":"U","date":"2018-04-20T02:13:36.000Z","volume":2000,"label":" ","price":6.36},{"type":"A","date":"2018-04-20T02:13:37.000Z","volume":24000,"label":" ","price":6.38},{"type":"U","date":"2018-04-20T02:14:52.000Z","volume":2000,"label":"X","price":6.365},{"type":"U","date":"2018-04-20T02:14:55.000Z","volume":2000,"label":"X","price":6.365},{"type":"B","date":"2018-04-20T02:14:58.000Z","volume":30000,"label":" ","price":6.35},{"type":"A","date":"2018-04-20T02:14:58.000Z","volume":12000,"label":" ","price":6.38},{"type":"A","date":"2018-04-20T02:16:34.000Z","volume":6000,"label":" ","price":6.38},{"type":"B","date":"2018-04-20T02:16:54.000Z","volume":6000,"label":" ","price":6.35},{"type":"A","date":"2018-04-20T02:16:55.000Z","volume":6000,"label":" ","price":6.38},{"type":"B","date":"2018-04-20T02:16:59.000Z","volume":14000,"label":" ","price":6.35},{"type":"A","date":"2018-04-20T02:17:00.000Z","volume":8000,"label":" ","price":6.38},{"type":"U","date":"2018-04-20T02:17:07.000Z","volume":2000,"label":"X","price":6.365},{"type":"U","date":"2018-04-20T02:19:25.000Z","volume":12000,"label":"X","price":6.365},{"type":"U","date":"2018-04-20T02:21:14.000Z","volume":2000,"label":"X","price":6.365},{"type":"A","date":"2018-04-20T02:21:53.000Z","volume":6000,"label":" ","price":6.38},{"type":"B","date":"2018-04-20T02:22:24.000Z","volume":38000,"label":" ","price":6.35},{"type":"B","date":"2018-04-20T02:22:24.000Z","volume":6000,"label":"Y","price":6.35},{"type":"B","date":"2018-04-20T02:22:24.000Z","volume":10000,"label":" ","price":6.35},{"type":"A","date":"2018-04-20T02:22:24.000Z","volume":14000,"label":" ","price":6.37},{"type":"A","date":"2018-04-20T02:22:24.000Z","volume":12000,"label":" ","price":6.38},{"type":"A","date":"2018-04-20T02:22:24.000Z","volume":4000,"label":" ","price":6.38},{"type":"B","date":"2018-04-20T02:22:29.000Z","volume":4000,"label":" ","price":6.35},{"type":"B","date":"2018-04-20T02:22:37.000Z","volume":2000,"label":"Y","price":6.35},{"type":"B","date":"2018-04-20T02:22:38.000Z","volume":10000,"label":" ","price":6.35},{"type":"B","date":"2018-04-20T02:22:38.000Z","volume":6000,"label":" ","price":6.34},{"type":"B","date":"2018-04-20T02:22:42.000Z","volume":30000,"label":" ","price":6.34},{"type":"A","date":"2018-04-20T02:22:43.000Z","volume":2000,"label":"Y","price":6.37},{"type":"A","date":"2018-04-20T02:22:43.000Z","volume":16000,"label":" ","price":6.37},{"type":"B","date":"2018-04-20T02:22:44.000Z","volume":10000,"label":" ","price":6.34},{"type":"B","date":"2018-04-20T02:22:45.000Z","volume":2000,"label":"Y","price":6.34},{"type":"B","date":"2018-04-20T02:22:45.000Z","volume":4000,"label":" ","price":6.34},{"type":"B","date":"2018-04-20T02:22:52.000Z","volume":4000,"label":" ","price":6.34},{"type":"B","date":"2018-04-20T02:22:56.000Z","volume":10000,"label":" ","price":6.34},{"type":"B","date":"2018-04-20T02:22:56.000Z","volume":6000,"label":" ","price":6.33},{"type":"A","date":"2018-04-20T02:22:57.000Z","volume":44000,"label":" ","price":6.36},{"type":"A","date":"2018-04-20T02:22:57.000Z","volume":26000,"label":" ","price":6.36},{"type":"A","date":"2018-04-20T02:22:57.000Z","volume":10000,"label":" ","price":6.37},{"type":"A","date":"2018-04-20T02:22:57.000Z","volume":6000,"label":" ","price":6.36},{"type":"B","date":"2018-04-20T02:24:21.000Z","volume":14000,"label":" ","price":6.34},{"type":"A","date":"2018-04-20T02:24:40.000Z","volume":2000,"label":" ","price":6.36},{"type":"U","date":"2018-04-20T02:25:15.000Z","volume":2000,"label":"X","price":6.35},{"type":"B","date":"2018-04-20T02:25:15.000Z","volume":4000,"label":" ","price":6.34},{"type":"A","date":"2018-04-20T02:25:27.000Z","volume":70000,"label":" ","price":6.36},{"type":"A","date":"2018-04-20T02:25:27.000Z","volume":130000,"label":" ","price":6.37},{"type":"A","date":"2018-04-20T02:25:28.000Z","volume":4000,"label":" ","price":6.36},{"type":"A","date":"2018-04-20T02:25:28.000Z","volume":16000,"label":" ","price":6.37},{"type":"A","date":"2018-04-20T02:25:28.000Z","volume":110000,"label":" ","price":6.38},{"type":"B","date":"2018-04-20T02:25:30.000Z","volume":2000,"label":"Y","price":6.34},{"type":"B","date":"2018-04-20T02:25:30.000Z","volume":24000,"label":" ","price":6.34},{"type":"B","date":"2018-04-20T02:25:35.000Z","volume":8000,"label":" ","price":6.33},{"type":"U","date":"2018-04-20T02:25:35.000Z","volume":8000,"label":"X","price":6.355},{"type":"U","date":"2018-04-20T02:25:41.000Z","volume":6000,"label":"X","price":6.355},{"type":"U","date":"2018-04-20T02:25:46.000Z","volume":4000,"label":"X","price":6.355},{"type":"U","date":"2018-04-20T02:28:01.000Z","volume":8000,"label":"X","price":6.36},{"type":"U","date":"2018-04-20T02:28:28.000Z","volume":2000,"label":"X","price":6.36},{"type":"B","date":"2018-04-20T02:28:28.000Z","volume":4000,"label":" ","price":6.34},{"type":"U","date":"2018-04-20T02:29:07.000Z","volume":4000,"label":"X","price":6.366},{"type":"B","date":"2018-04-20T02:29:45.000Z","volume":68000,"label":" ","price":6.35},{"type":"B","date":"2018-04-20T02:29:45.000Z","volume":6000,"label":" ","price":6.35},{"type":"A","date":"2018-04-20T02:29:45.000Z","volume":66000,"label":" ","price":6.38},{"type":"U","date":"2018-04-20T02:29:45.000Z","volume":2000,"label":"X","price":6.36},{"type":"A","date":"2018-04-20T02:29:47.000Z","volume":2000,"label":" ","price":6.35},{"type":"A","date":"2018-04-20T02:29:49.000Z","volume":6000,"label":" ","price":6.35},{"type":"B","date":"2018-04-20T02:29:49.000Z","volume":4000,"label":" ","price":6.34},{"type":"B","date":"2018-04-20T02:29:54.000Z","volume":20000,"label":" ","price":6.34},{"type":"A","date":"2018-04-20T02:29:56.000Z","volume":4000,"label":" ","price":6.38},{"type":"A","date":"2018-04-20T02:29:57.000Z","volume":26000,"label":" ","price":6.38},{"type":"A","date":"2018-04-20T02:29:57.000Z","volume":42000,"label":" ","price":6.38},{"type":"B","date":"2018-04-20T02:30:00.000Z","volume":6000,"label":" ","price":6.34},{"type":"A","date":"2018-04-20T02:30:30.000Z","volume":2000,"label":" ","price":6.38},{"type":"B","date":"2018-04-20T02:32:41.000Z","volume":2000,"label":" ","price":6.35},{"type":"U","date":"2018-04-20T02:33:32.000Z","volume":4000,"label":"X","price":6.36},{"type":"B","date":"2018-04-20T02:33:32.000Z","volume":2000,"label":" ","price":6.35},{"type":"U","date":"2018-04-20T02:33:32.000Z","volume":10000,"label":"X","price":6.36},{"type":"U","date":"2018-04-20T02:33:40.000Z","volume":2000,"label":"X","price":6.36},{"type":"B","date":"2018-04-20T02:33:41.000Z","volume":18000,"label":" ","price":6.35},{"type":"A","date":"2018-04-20T02:36:09.000Z","volume":78000,"label":" ","price":6.35},{"type":"A","date":"2018-04-20T02:36:09.000Z","volume":14000,"label":" ","price":6.35},{"type":"A","date":"2018-04-20T02:36:10.000Z","volume":28000,"label":" ","price":6.36},{"type":"A","date":"2018-04-20T02:36:10.000Z","volume":32000,"label":" ","price":6.37},{"type":"A","date":"2018-04-20T02:36:10.000Z","volume":14000,"label":" ","price":6.38},{"type":"U","date":"2018-04-20T02:37:07.000Z","volume":2000,"label":"X","price":6.357},{"type":"A","date":"2018-04-20T02:38:10.000Z","volume":26000,"label":" ","price":6.37},{"type":"A","date":"2018-04-20T02:38:10.000Z","volume":4000,"label":" ","price":6.37},{"type":"U","date":"2018-04-20T02:38:54.000Z","volume":8000,"label":"X","price":6.36},{"type":"U","date":"2018-04-20T02:40:06.000Z","volume":4000,"label":" ","price":6.36},{"type":"U","date":"2018-04-20T02:41:43.000Z","volume":4000,"label":"X","price":6.36},{"type":"B","date":"2018-04-20T02:41:43.000Z","volume":2000,"label":" ","price":6.35},{"type":"U","date":"2018-04-20T02:41:52.000Z","volume":8000,"label":"X","price":6.355},{"type":"A","date":"2018-04-20T02:42:26.000Z","volume":26000,"label":" ","price":6.36},{"type":"A","date":"2018-04-20T02:42:26.000Z","volume":6000,"label":" ","price":6.36},{"type":"B","date":"2018-04-20T02:42:26.000Z","volume":2000,"label":" ","price":6.36},{"type":"B","date":"2018-04-20T02:42:31.000Z","volume":16000,"label":"Y","price":6.36},{"type":"B","date":"2018-04-20T02:42:31.000Z","volume":34000,"label":" ","price":6.36},{"type":"A","date":"2018-04-20T02:42:31.000Z","volume":8000,"label":" ","price":6.36},{"type":"A","date":"2018-04-20T02:42:31.000Z","volume":2000,"label":" ","price":6.36},{"type":"A","date":"2018-04-20T02:42:31.000Z","volume":2000,"label":" ","price":6.36},{"type":"A","date":"2018-04-20T02:42:31.000Z","volume":2000,"label":" ","price":6.36},{"type":"B","date":"2018-04-20T02:42:38.000Z","volume":4000,"label":" ","price":6.35},{"type":"A","date":"2018-04-20T02:42:38.000Z","volume":38000,"label":" ","price":6.36},{"type":"A","date":"2018-04-20T02:44:28.000Z","volume":4000,"label":"Y","price":6.36},{"type":"B","date":"2018-04-20T02:44:53.000Z","volume":2000,"label":" ","price":6.35},{"type":"B","date":"2018-04-20T02:44:58.000Z","volume":44000,"label":" ","price":6.35},{"type":"A","date":"2018-04-20T02:44:58.000Z","volume":4000,"label":" ","price":6.35},{"type":"A","date":"2018-04-20T02:44:58.000Z","volume":4000,"label":" ","price":6.35},{"type":"A","date":"2018-04-20T02:44:58.000Z","volume":2000,"label":" ","price":6.35},{"type":"B","date":"2018-04-20T02:44:58.000Z","volume":6000,"label":" ","price":6.34},{"type":"B","date":"2018-04-20T02:45:00.000Z","volume":14000,"label":" ","price":6.34},{"type":"B","date":"2018-04-20T02:45:00.000Z","volume":14000,"label":" ","price":6.34},{"type":"A","date":"2018-04-20T02:45:30.000Z","volume":44000,"label":" ","price":6.35},{"type":"A","date":"2018-04-20T02:45:31.000Z","volume":6000,"label":" ","price":6.35},{"type":"U","date":"2018-04-20T02:47:07.000Z","volume":2000,"label":"X","price":6.355},{"type":"U","date":"2018-04-20T02:47:33.000Z","volume":8000,"label":"X","price":6.34},{"type":"U","date":"2018-04-20T02:47:54.000Z","volume":2000,"label":"X","price":6.34},{"type":"U","date":"2018-04-20T02:50:12.000Z","volume":12000,"label":"X","price":6.34},{"type":"B","date":"2018-04-20T02:50:13.000Z","volume":50000,"label":" ","price":6.33},{"type":"B","date":"2018-04-20T02:50:13.000Z","volume":18000,"label":" ","price":6.33},{"type":"B","date":"2018-04-20T02:50:14.000Z","volume":2000,"label":" ","price":6.33},{"type":"B","date":"2018-04-20T02:50:16.000Z","volume":2000,"label":" ","price":6.32},{"type":"B","date":"2018-04-20T02:51:12.000Z","volume":20000,"label":" ","price":6.32},{"type":"B","date":"2018-04-20T02:51:12.000Z","volume":4000,"label":" ","price":6.32},{"type":"A","date":"2018-04-20T02:53:09.000Z","volume":4000,"label":" ","price":6.33},{"type":"B","date":"2018-04-20T02:55:53.000Z","volume":52000,"label":" ","price":6.31},{"type":"B","date":"2018-04-20T02:55:53.000Z","volume":4000,"label":"Y","price":6.31},{"type":"B","date":"2018-04-20T02:55:53.000Z","volume":94000,"label":" ","price":6.31},{"type":"U","date":"2018-04-20T02:55:53.000Z","volume":4000,"label":" ","price":6.31},{"type":"U","date":"2018-04-20T02:55:53.000Z","volume":2000,"label":"X","price":6.31},{"type":"U","date":"2018-04-20T02:55:53.000Z","volume":4000,"label":" ","price":6.31},{"type":"B","date":"2018-04-20T02:55:53.000Z","volume":2000,"label":"Y","price":6.31},{"type":"A","date":"2018-04-20T02:55:55.000Z","volume":6000,"label":" ","price":6.32},{"type":"B","date":"2018-04-20T02:56:19.000Z","volume":2000,"label":" ","price":6.3},{"type":"B","date":"2018-04-20T02:57:11.000Z","volume":24000,"label":" ","price":6.3},{"type":"B","date":"2018-04-20T02:57:26.000Z","volume":10000,"label":" ","price":6.3},{"type":"A","date":"2018-04-20T02:58:12.000Z","volume":62000,"label":" ","price":6.31},{"type":"A","date":"2018-04-20T02:58:12.000Z","volume":8000,"label":" ","price":6.31},{"type":"A","date":"2018-04-20T02:58:33.000Z","volume":10000,"label":" ","price":6.32},{"type":"A","date":"2018-04-20T02:58:33.000Z","volume":2000,"label":" ","price":6.32},{"type":"A","date":"2018-04-20T02:58:33.000Z","volume":4000,"label":" ","price":6.32},{"type":"U","date":"2018-04-20T02:58:36.000Z","volume":12000,"label":"X","price":6.325},{"type":"U","date":"2018-04-20T02:59:54.000Z","volume":2000,"label":"X","price":6.325},{"type":"B","date":"2018-04-20T03:00:53.000Z","volume":4000,"label":" ","price":6.32},{"type":"A","date":"2018-04-20T03:01:08.000Z","volume":4000,"label":" ","price":6.33},{"type":"A","date":"2018-04-20T03:01:08.000Z","volume":32000,"label":" ","price":6.33},{"type":"B","date":"2018-04-20T03:01:09.000Z","volume":34000,"label":" ","price":6.34},{"type":"B","date":"2018-04-20T03:01:09.000Z","volume":12000,"label":" ","price":6.34},{"type":"B","date":"2018-04-20T03:01:12.000Z","volume":44000,"label":" ","price":6.33},{"type":"U","date":"2018-04-20T03:01:13.000Z","volume":2000,"label":"X","price":6.34},{"type":"B","date":"2018-04-20T03:02:37.000Z","volume":16000,"label":" ","price":6.32},{"type":"B","date":"2018-04-20T03:02:37.000Z","volume":14000,"label":" ","price":6.31},{"type":"A","date":"2018-04-20T03:02:37.000Z","volume":2000,"label":" ","price":6.32},{"type":"B","date":"2018-04-20T03:02:37.000Z","volume":6000,"label":" ","price":6.3},{"type":"U","date":"2018-04-20T03:03:46.000Z","volume":2000,"label":"X","price":6.31},{"type":"A","date":"2018-04-20T03:03:46.000Z","volume":4000,"label":"Y","price":6.32},{"type":"B","date":"2018-04-20T03:06:15.000Z","volume":26000,"label":" ","price":6.31},{"type":"A","date":"2018-04-20T03:06:20.000Z","volume":2000,"label":" ","price":6.31},{"type":"A","date":"2018-04-20T03:06:21.000Z","volume":18000,"label":" ","price":6.31},{"type":"B","date":"2018-04-20T03:06:21.000Z","volume":6000,"label":" ","price":6.3},{"type":"U","date":"2018-04-20T03:06:27.000Z","volume":2000,"label":"X","price":6.31},{"type":"A","date":"2018-04-20T03:06:28.000Z","volume":8000,"label":" ","price":6.31},{"type":"B","date":"2018-04-20T03:06:28.000Z","volume":4000,"label":" ","price":6.31},{"type":"A","date":"2018-04-20T03:06:53.000Z","volume":2000,"label":"Y","price":6.32},{"type":"B","date":"2018-04-20T03:07:48.000Z","volume":40000,"label":" ","price":6.31},{"type":"U","date":"2018-04-20T03:08:07.000Z","volume":2000,"label":"X","price":6.319},{"type":"A","date":"2018-04-20T03:08:55.000Z","volume":2000,"label":" ","price":6.31},{"type":"A","date":"2018-04-20T03:09:05.000Z","volume":18000,"label":" ","price":6.31},{"type":"B","date":"2018-04-20T03:09:19.000Z","volume":6000,"label":" ","price":6.32},{"type":"B","date":"2018-04-20T03:09:19.000Z","volume":6000,"label":" ","price":6.32},{"type":"B","date":"2018-04-20T03:09:34.000Z","volume":28000,"label":" ","price":6.31},{"type":"U","date":"2018-04-20T03:09:34.000Z","volume":2000,"label":" ","price":6.31},{"type":"A","date":"2018-04-20T03:10:33.000Z","volume":12000,"label":" ","price":6.32},{"type":"A","date":"2018-04-20T03:12:08.000Z","volume":2000,"label":" ","price":6.33},{"type":"A","date":"2018-04-20T03:12:38.000Z","volume":6000,"label":"Y","price":6.33},{"type":"A","date":"2018-04-20T03:12:39.000Z","volume":2000,"label":" ","price":6.33},{"type":"U","date":"2018-04-20T03:15:58.000Z","volume":8000,"label":"X","price":6.315},{"type":"U","date":"2018-04-20T03:17:07.000Z","volume":2000,"label":"X","price":6.33},{"type":"A","date":"2018-04-20T03:17:10.000Z","volume":14000,"label":" ","price":6.32},{"type":"A","date":"2018-04-20T03:17:11.000Z","volume":2000,"label":" ","price":6.33},{"type":"A","date":"2018-04-20T03:18:07.000Z","volume":2000,"label":" ","price":6.32},{"type":"A","date":"2018-04-20T03:18:09.000Z","volume":2000,"label":" ","price":6.32},{"type":"U","date":"2018-04-20T03:19:31.000Z","volume":8000,"label":"X","price":6.315},{"type":"B","date":"2018-04-20T03:20:58.000Z","volume":10000,"label":" ","price":6.31},{"type":"A","date":"2018-04-20T03:20:59.000Z","volume":2000,"label":" ","price":6.32},{"type":"A","date":"2018-04-20T03:21:24.000Z","volume":6000,"label":" ","price":6.32},{"type":"A","date":"2018-04-20T03:21:26.000Z","volume":2000,"label":" ","price":6.32},{"type":"A","date":"2018-04-20T03:21:35.000Z","volume":22000,"label":"Y","price":6.32},{"type":"A","date":"2018-04-20T03:21:35.000Z","volume":66000,"label":" ","price":6.32},{"type":"A","date":"2018-04-20T03:21:35.000Z","volume":22000,"label":" ","price":6.32},{"type":"A","date":"2018-04-20T03:21:35.000Z","volume":4000,"label":" ","price":6.32},{"type":"B","date":"2018-04-20T03:21:49.000Z","volume":38000,"label":" ","price":6.32},{"type":"A","date":"2018-04-20T03:22:29.000Z","volume":2000,"label":" ","price":6.32},{"type":"A","date":"2018-04-20T03:22:30.000Z","volume":18000,"label":" ","price":6.32},{"type":"A","date":"2018-04-20T03:22:30.000Z","volume":4000,"label":" ","price":6.33},{"type":"A","date":"2018-04-20T03:24:07.000Z","volume":4000,"label":"Y","price":6.33},{"type":"A","date":"2018-04-20T03:24:08.000Z","volume":2000,"label":" ","price":6.33},{"type":"U","date":"2018-04-20T03:24:58.000Z","volume":4000,"label":"X","price":6.32},{"type":"B","date":"2018-04-20T03:24:58.000Z","volume":2000,"label":" ","price":6.31},{"type":"A","date":"2018-04-20T03:26:47.000Z","volume":4000,"label":"Y","price":6.33},{"type":"U","date":"2018-04-20T03:26:48.000Z","volume":4000,"label":"X","price":6.32},{"type":"A","date":"2018-04-20T03:26:48.000Z","volume":2000,"label":" ","price":6.33},{"type":"B","date":"2018-04-20T03:26:48.000Z","volume":4000,"label":"Y","price":6.32},{"type":"B","date":"2018-04-20T03:26:48.000Z","volume":2000,"label":" ","price":6.32},{"type":"B","date":"2018-04-20T03:26:49.000Z","volume":6000,"label":" ","price":6.32},{"type":"A","date":"2018-04-20T03:26:49.000Z","volume":2000,"label":" ","price":6.33},{"type":"B","date":"2018-04-20T03:26:50.000Z","volume":26000,"label":" ","price":6.32},{"type":"A","date":"2018-04-20T03:26:50.000Z","volume":4000,"label":" ","price":6.32},{"type":"A","date":"2018-04-20T03:26:50.000Z","volume":6000,"label":" ","price":6.33},{"type":"A","date":"2018-04-20T03:26:51.000Z","volume":2000,"label":" ","price":6.33},{"type":"U","date":"2018-04-20T03:29:07.000Z","volume":2000,"label":"X","price":6.323},{"type":"B","date":"2018-04-20T03:29:27.000Z","volume":6000,"label":" ","price":6.31},{"type":"A","date":"2018-04-20T03:29:28.000Z","volume":2000,"label":" ","price":6.32},{"type":"B","date":"2018-04-20T03:31:12.000Z","volume":58000,"label":" ","price":6.31},{"type":"B","date":"2018-04-20T03:31:12.000Z","volume":18000,"label":" ","price":6.31},{"type":"B","date":"2018-04-20T03:31:13.000Z","volume":4000,"label":" ","price":6.31},{"type":"B","date":"2018-04-20T03:31:13.000Z","volume":2000,"label":" ","price":6.31},{"type":"U","date":"2018-04-20T03:31:44.000Z","volume":4000,"label":" ","price":6.31},{"type":"B","date":"2018-04-20T03:31:45.000Z","volume":2000,"label":" ","price":6.31},{"type":"A","date":"2018-04-20T03:31:45.000Z","volume":2000,"label":" ","price":6.32},{"type":"B","date":"2018-04-20T03:31:48.000Z","volume":2000,"label":" ","price":6.31},{"type":"B","date":"2018-04-20T03:34:53.000Z","volume":2000,"label":"Y","price":6.3},{"type":"B","date":"2018-04-20T03:34:53.000Z","volume":616000,"label":" ","price":6.3},{"type":"A","date":"2018-04-20T03:34:53.000Z","volume":6000,"label":"Y","price":6.32},{"type":"A","date":"2018-04-20T03:34:53.000Z","volume":30000,"label":" ","price":6.32},{"type":"A","date":"2018-04-20T03:34:55.000Z","volume":2000,"label":" ","price":6.32},{"type":"B","date":"2018-04-20T03:34:57.000Z","volume":36000,"label":" ","price":6.3},{"type":"B","date":"2018-04-20T03:35:02.000Z","volume":20000,"label":" ","price":6.3},{"type":"B","date":"2018-04-20T03:35:02.000Z","volume":8000,"label":" ","price":6.29},{"type":"A","date":"2018-04-20T03:35:02.000Z","volume":2000,"label":" ","price":6.3},{"type":"B","date":"2018-04-20T03:35:21.000Z","volume":2000,"label":" ","price":6.28},{"type":"B","date":"2018-04-20T03:35:51.000Z","volume":50000,"label":" ","price":6.28},{"type":"B","date":"2018-04-20T03:35:54.000Z","volume":8000,"label":" ","price":6.27},{"type":"B","date":"2018-04-20T03:35:54.000Z","volume":16000,"label":" ","price":6.27},{"type":"B","date":"2018-04-20T03:35:54.000Z","volume":4000,"label":" ","price":6.27},{"type":"B","date":"2018-04-20T03:36:12.000Z","volume":4000,"label":" ","price":6.27},{"type":"B","date":"2018-04-20T03:36:15.000Z","volume":2000,"label":" ","price":6.27},{"type":"A","date":"2018-04-20T03:36:23.000Z","volume":10000,"label":" ","price":6.28},{"type":"B","date":"2018-04-20T03:36:39.000Z","volume":6000,"label":" ","price":6.26},{"type":"A","date":"2018-04-20T03:36:48.000Z","volume":14000,"label":" ","price":6.28},{"type":"A","date":"2018-04-20T03:36:51.000Z","volume":6000,"label":" ","price":6.3},{"type":"A","date":"2018-04-20T03:37:01.000Z","volume":2000,"label":" ","price":6.3},{"type":"A","date":"2018-04-20T03:40:22.000Z","volume":10000,"label":" ","price":6.3},{"type":"B","date":"2018-04-20T03:42:33.000Z","volume":2000,"label":" ","price":6.29},{"type":"B","date":"2018-04-20T03:42:36.000Z","volume":20000,"label":" ","price":6.29},{"type":"B","date":"2018-04-20T03:42:39.000Z","volume":4000,"label":" ","price":6.29},{"type":"B","date":"2018-04-20T03:42:43.000Z","volume":10000,"label":" ","price":6.29},{"type":"B","date":"2018-04-20T03:42:45.000Z","volume":2000,"label":" ","price":6.29},{"type":"U","date":"2018-04-20T03:44:07.000Z","volume":2000,"label":"X","price":6.297},{"type":"B","date":"2018-04-20T03:44:33.000Z","volume":6000,"label":" ","price":6.29},{"type":"B","date":"2018-04-20T03:44:37.000Z","volume":2000,"label":" ","price":6.29},{"type":"B","date":"2018-04-20T03:44:41.000Z","volume":2000,"label":" ","price":6.29},{"type":"B","date":"2018-04-20T03:46:13.000Z","volume":10000,"label":" ","price":6.29},{"type":"B","date":"2018-04-20T03:46:16.000Z","volume":6000,"label":" ","price":6.29},{"type":"B","date":"2018-04-20T03:46:18.000Z","volume":2000,"label":" ","price":6.29},{"type":"B","date":"2018-04-20T03:47:53.000Z","volume":6000,"label":" ","price":6.29},{"type":"B","date":"2018-04-20T03:47:57.000Z","volume":4000,"label":" ","price":6.29},{"type":"A","date":"2018-04-20T03:49:00.000Z","volume":2000,"label":" ","price":6.3},{"type":"B","date":"2018-04-20T03:49:13.000Z","volume":2000,"label":" ","price":6.29},{"type":"B","date":"2018-04-20T03:49:13.000Z","volume":2000,"label":" ","price":6.29},{"type":"B","date":"2018-04-20T03:49:15.000Z","volume":2000,"label":" ","price":6.29},{"type":"B","date":"2018-04-20T03:49:18.000Z","volume":2000,"label":" ","price":6.29},{"type":"B","date":"2018-04-20T03:49:21.000Z","volume":2000,"label":" ","price":6.29},{"type":"B","date":"2018-04-20T03:49:21.000Z","volume":30000,"label":" ","price":6.28},{"type":"U","date":"2018-04-20T03:52:53.000Z","volume":4000,"label":" ","price":6.29},{"type":"U","date":"2018-04-20T03:54:07.000Z","volume":2000,"label":"X","price":6.29},{"type":"A","date":"2018-04-20T03:57:11.000Z","volume":2000,"label":"Y","price":6.3},{"type":"A","date":"2018-04-20T05:00:00.000Z","volume":2000,"label":" ","price":6.29},{"type":"B","date":"2018-04-20T05:00:08.000Z","volume":102000,"label":" ","price":6.29},{"type":"B","date":"2018-04-20T05:00:12.000Z","volume":8000,"label":" ","price":6.29},{"type":"B","date":"2018-04-20T05:00:15.000Z","volume":2000,"label":" ","price":6.29},{"type":"B","date":"2018-04-20T05:00:17.000Z","volume":2000,"label":" ","price":6.29},{"type":"A","date":"2018-04-20T05:01:05.000Z","volume":2000,"label":" ","price":6.3},{"type":"A","date":"2018-04-20T05:01:55.000Z","volume":2000,"label":" ","price":6.3},{"type":"B","date":"2018-04-20T05:01:55.000Z","volume":2000,"label":" ","price":6.29},{"type":"U","date":"2018-04-20T05:02:08.000Z","volume":28000,"label":"X","price":6.295},{"type":"B","date":"2018-04-20T05:03:17.000Z","volume":40000,"label":" ","price":6.29},{"type":"B","date":"2018-04-20T05:03:18.000Z","volume":8000,"label":" ","price":6.29},{"type":"B","date":"2018-04-20T05:03:23.000Z","volume":2000,"label":" ","price":6.29},{"type":"B","date":"2018-04-20T05:04:23.000Z","volume":8000,"label":" ","price":6.29},{"type":"B","date":"2018-04-20T05:04:59.000Z","volume":44000,"label":" ","price":6.28},{"type":"A","date":"2018-04-20T05:04:59.000Z","volume":4000,"label":" ","price":6.28},{"type":"A","date":"2018-04-20T05:04:59.000Z","volume":4000,"label":" ","price":6.28},{"type":"U","date":"2018-04-20T05:06:34.000Z","volume":1606,"label":"D","price":6.2},{"type":"A","date":"2018-04-20T05:07:34.000Z","volume":2000,"label":"Y","price":6.3},{"type":"A","date":"2018-04-20T05:08:17.000Z","volume":2000,"label":" ","price":6.29},{"type":"B","date":"2018-04-20T05:09:05.000Z","volume":40000,"label":" ","price":6.28},{"type":"B","date":"2018-04-20T05:09:07.000Z","volume":2000,"label":" ","price":6.28},{"type":"A","date":"2018-04-20T05:09:42.000Z","volume":6000,"label":" ","price":6.28},{"type":"B","date":"2018-04-20T05:09:45.000Z","volume":64000,"label":" ","price":6.27},{"type":"B","date":"2018-04-20T05:09:45.000Z","volume":16000,"label":" ","price":6.27},{"type":"U","date":"2018-04-20T05:10:07.000Z","volume":2000,"label":"X","price":6.283},{"type":"A","date":"2018-04-20T05:10:32.000Z","volume":2000,"label":" ","price":6.28},{"type":"B","date":"2018-04-20T05:11:11.000Z","volume":6000,"label":" ","price":6.26},{"type":"B","date":"2018-04-20T05:11:28.000Z","volume":82000,"label":" ","price":6.26},{"type":"B","date":"2018-04-20T05:11:30.000Z","volume":36000,"label":" ","price":6.26},{"type":"B","date":"2018-04-20T05:12:17.000Z","volume":148000,"label":" ","price":6.25},{"type":"A","date":"2018-04-20T05:13:04.000Z","volume":2000,"label":" ","price":6.26},{"type":"A","date":"2018-04-20T05:13:06.000Z","volume":2000,"label":" ","price":6.26},{"type":"U","date":"2018-04-20T05:13:40.000Z","volume":6000,"label":" ","price":6.25},{"type":"B","date":"2018-04-20T05:13:41.000Z","volume":44000,"label":" ","price":6.25},{"type":"B","date":"2018-04-20T05:13:41.000Z","volume":4000,"label":" ","price":6.25},{"type":"B","date":"2018-04-20T05:15:35.000Z","volume":36000,"label":" ","price":6.24},{"type":"B","date":"2018-04-20T05:15:35.000Z","volume":4000,"label":" ","price":6.24},{"type":"B","date":"2018-04-20T05:15:35.000Z","volume":4000,"label":" ","price":6.24},{"type":"A","date":"2018-04-20T05:15:53.000Z","volume":2000,"label":" ","price":6.25},{"type":"B","date":"2018-04-20T05:16:34.000Z","volume":2000,"label":" ","price":6.23},{"type":"B","date":"2018-04-20T05:18:00.000Z","volume":2000,"label":" ","price":6.23},{"type":"B","date":"2018-04-20T05:18:21.000Z","volume":2000,"label":" ","price":6.23},{"type":"A","date":"2018-04-20T05:18:31.000Z","volume":4000,"label":" ","price":6.25},{"type":"A","date":"2018-04-20T05:18:48.000Z","volume":8000,"label":" ","price":6.25},{"type":"A","date":"2018-04-20T05:18:49.000Z","volume":42000,"label":" ","price":6.25},{"type":"A","date":"2018-04-20T05:18:49.000Z","volume":28000,"label":" ","price":6.25},{"type":"U","date":"2018-04-20T05:20:07.000Z","volume":2000,"label":"X","price":6.252},{"type":"A","date":"2018-04-20T05:20:56.000Z","volume":6000,"label":" ","price":6.25},{"type":"A","date":"2018-04-20T05:23:27.000Z","volume":8000,"label":" ","price":6.25},{"type":"A","date":"2018-04-20T05:23:27.000Z","volume":2000,"label":"Y","price":6.25},{"type":"A","date":"2018-04-20T05:23:27.000Z","volume":90000,"label":" ","price":6.25},{"type":"A","date":"2018-04-20T05:23:43.000Z","volume":4000,"label":" ","price":6.26},{"type":"A","date":"2018-04-20T05:23:47.000Z","volume":2000,"label":" ","price":6.26},{"type":"A","date":"2018-04-20T05:25:06.000Z","volume":2000,"label":" ","price":6.26},{"type":"A","date":"2018-04-20T05:25:16.000Z","volume":10000,"label":" ","price":6.26},{"type":"A","date":"2018-04-20T05:27:12.000Z","volume":4000,"label":" ","price":6.26},{"type":"B","date":"2018-04-20T05:28:15.000Z","volume":2000,"label":" ","price":6.25},{"type":"A","date":"2018-04-20T05:28:31.000Z","volume":6000,"label":" ","price":6.26},{"type":"A","date":"2018-04-20T05:28:38.000Z","volume":2000,"label":" ","price":6.26},{"type":"A","date":"2018-04-20T05:29:12.000Z","volume":2000,"label":" ","price":6.26},{"type":"A","date":"2018-04-20T05:29:12.000Z","volume":8000,"label":" ","price":6.26},{"type":"A","date":"2018-04-20T05:30:40.000Z","volume":14000,"label":" ","price":6.26},{"type":"A","date":"2018-04-20T05:33:07.000Z","volume":6000,"label":" ","price":6.27},{"type":"B","date":"2018-04-20T05:33:37.000Z","volume":10000,"label":" ","price":6.25},{"type":"B","date":"2018-04-20T05:33:44.000Z","volume":2000,"label":"Y","price":6.25},{"type":"B","date":"2018-04-20T05:33:44.000Z","volume":48000,"label":" ","price":6.25},{"type":"A","date":"2018-04-20T05:34:01.000Z","volume":4000,"label":" ","price":6.25},{"type":"A","date":"2018-04-20T05:34:01.000Z","volume":14000,"label":" ","price":6.25},{"type":"U","date":"2018-04-20T05:34:07.000Z","volume":2000,"label":"X","price":6.254},{"type":"A","date":"2018-04-20T05:34:47.000Z","volume":2000,"label":" ","price":6.28},{"type":"A","date":"2018-04-20T05:37:08.000Z","volume":2000,"label":" ","price":6.28},{"type":"A","date":"2018-04-20T05:38:07.000Z","volume":6000,"label":" ","price":6.28},{"type":"A","date":"2018-04-20T05:40:33.000Z","volume":4000,"label":" ","price":6.27},{"type":"U","date":"2018-04-20T05:42:04.000Z","volume":2000,"label":"X","price":6.26},{"type":"U","date":"2018-04-20T05:42:07.000Z","volume":2000,"label":"X","price":6.26},{"type":"U","date":"2018-04-20T05:42:15.000Z","volume":4000,"label":"X","price":6.26},{"type":"B","date":"2018-04-20T05:43:01.000Z","volume":14000,"label":" ","price":6.25},{"type":"B","date":"2018-04-20T05:43:01.000Z","volume":36000,"label":" ","price":6.24},{"type":"A","date":"2018-04-20T05:43:02.000Z","volume":12000,"label":" ","price":6.24},{"type":"A","date":"2018-04-20T05:43:21.000Z","volume":4000,"label":" ","price":6.26},{"type":"U","date":"2018-04-20T05:44:28.000Z","volume":2000,"label":"X","price":6.249},{"type":"B","date":"2018-04-20T05:44:43.000Z","volume":14000,"label":" ","price":6.24},{"type":"B","date":"2018-04-20T05:45:22.000Z","volume":8000,"label":" ","price":6.24},{"type":"B","date":"2018-04-20T05:45:40.000Z","volume":66000,"label":" ","price":6.23},{"type":"B","date":"2018-04-20T05:45:40.000Z","volume":14000,"label":" ","price":6.23},{"type":"A","date":"2018-04-20T05:45:40.000Z","volume":10000,"label":" ","price":6.23},{"type":"A","date":"2018-04-20T05:47:43.000Z","volume":6000,"label":" ","price":6.23},{"type":"A","date":"2018-04-20T05:47:49.000Z","volume":58000,"label":" ","price":6.23},{"type":"A","date":"2018-04-20T05:47:49.000Z","volume":36000,"label":" ","price":6.23},{"type":"B","date":"2018-04-20T05:47:57.000Z","volume":4000,"label":" ","price":6.23},{"type":"B","date":"2018-04-20T05:47:58.000Z","volume":2000,"label":" ","price":6.23},{"type":"A","date":"2018-04-20T05:49:10.000Z","volume":2000,"label":" ","price":6.24},{"type":"A","date":"2018-04-20T05:49:14.000Z","volume":2000,"label":" ","price":6.24},{"type":"A","date":"2018-04-20T05:51:09.000Z","volume":8000,"label":" ","price":6.24},{"type":"A","date":"2018-04-20T05:51:09.000Z","volume":2000,"label":" ","price":6.24},{"type":"A","date":"2018-04-20T05:51:17.000Z","volume":2000,"label":"Y","price":6.24},{"type":"A","date":"2018-04-20T05:53:20.000Z","volume":2000,"label":" ","price":6.24},{"type":"A","date":"2018-04-20T05:54:01.000Z","volume":6000,"label":" ","price":6.24},{"type":"A","date":"2018-04-20T05:54:01.000Z","volume":2000,"label":" ","price":6.24},{"type":"A","date":"2018-04-20T05:54:01.000Z","volume":4000,"label":" ","price":6.24},{"type":"A","date":"2018-04-20T05:58:06.000Z","volume":6000,"label":" ","price":6.25},{"type":"U","date":"2018-04-20T05:58:15.000Z","volume":2000,"label":"X","price":6.242},{"type":"A","date":"2018-04-20T05:58:16.000Z","volume":2000,"label":" ","price":6.25},{"type":"A","date":"2018-04-20T06:00:01.000Z","volume":6000,"label":" ","price":6.26},{"type":"A","date":"2018-04-20T06:01:03.000Z","volume":2000,"label":" ","price":6.26},{"type":"A","date":"2018-04-20T06:01:12.000Z","volume":2000,"label":" ","price":6.26},{"type":"A","date":"2018-04-20T06:01:58.000Z","volume":2000,"label":" ","price":6.26},{"type":"A","date":"2018-04-20T06:02:02.000Z","volume":6000,"label":" ","price":6.26},{"type":"B","date":"2018-04-20T06:02:25.000Z","volume":16000,"label":" ","price":6.24},{"type":"B","date":"2018-04-20T06:02:25.000Z","volume":2000,"label":"Y","price":6.24},{"type":"U","date":"2018-04-20T06:02:25.000Z","volume":2000,"label":" ","price":6.24},{"type":"B","date":"2018-04-20T06:02:25.000Z","volume":4000,"label":" ","price":6.24},{"type":"B","date":"2018-04-20T06:02:56.000Z","volume":18000,"label":" ","price":6.24},{"type":"B","date":"2018-04-20T06:03:14.000Z","volume":2000,"label":" ","price":6.24},{"type":"B","date":"2018-04-20T06:03:19.000Z","volume":2000,"label":" ","price":6.24},{"type":"B","date":"2018-04-20T06:03:22.000Z","volume":2000,"label":" ","price":6.24},{"type":"A","date":"2018-04-20T06:06:12.000Z","volume":4000,"label":" ","price":6.25},{"type":"A","date":"2018-04-20T06:06:25.000Z","volume":2000,"label":" ","price":6.25},{"type":"A","date":"2018-04-20T06:08:19.000Z","volume":8000,"label":" ","price":6.25},{"type":"A","date":"2018-04-20T06:09:14.000Z","volume":2000,"label":" ","price":6.25},{"type":"A","date":"2018-04-20T06:09:14.000Z","volume":2000,"label":" ","price":6.25},{"type":"A","date":"2018-04-20T06:09:17.000Z","volume":2000,"label":" ","price":6.25},{"type":"A","date":"2018-04-20T06:09:21.000Z","volume":2000,"label":" ","price":6.25},{"type":"A","date":"2018-04-20T06:09:22.000Z","volume":6000,"label":" ","price":6.25},{"type":"A","date":"2018-04-20T06:10:11.000Z","volume":6000,"label":" ","price":6.26},{"type":"A","date":"2018-04-20T06:10:11.000Z","volume":2000,"label":" ","price":6.27},{"type":"B","date":"2018-04-20T06:10:12.000Z","volume":12000,"label":"Y","price":6.24},{"type":"B","date":"2018-04-20T06:10:12.000Z","volume":22000,"label":" ","price":6.24},{"type":"U","date":"2018-04-20T06:10:12.000Z","volume":2000,"label":"X","price":6.24},{"type":"A","date":"2018-04-20T06:10:12.000Z","volume":2000,"label":" ","price":6.24},{"type":"A","date":"2018-04-20T06:10:12.000Z","volume":2000,"label":" ","price":6.24},{"type":"A","date":"2018-04-20T06:11:14.000Z","volume":2000,"label":" ","price":6.27},{"type":"A","date":"2018-04-20T06:11:41.000Z","volume":4000,"label":" ","price":6.27},{"type":"A","date":"2018-04-20T06:13:34.000Z","volume":4000,"label":" ","price":6.27},{"type":"A","date":"2018-04-20T06:14:21.000Z","volume":4000,"label":" ","price":6.27},{"type":"A","date":"2018-04-20T06:15:20.000Z","volume":8000,"label":" ","price":6.27},{"type":"A","date":"2018-04-20T06:17:52.000Z","volume":4000,"label":" ","price":6.27},{"type":"B","date":"2018-04-20T06:17:56.000Z","volume":22000,"label":" ","price":6.25},{"type":"A","date":"2018-04-20T06:17:56.000Z","volume":2000,"label":" ","price":6.25},{"type":"A","date":"2018-04-20T06:18:02.000Z","volume":8000,"label":" ","price":6.27},{"type":"B","date":"2018-04-20T06:19:28.000Z","volume":24000,"label":" ","price":6.24},{"type":"A","date":"2018-04-20T06:20:58.000Z","volume":2000,"label":" ","price":6.26},{"type":"B","date":"2018-04-20T06:21:44.000Z","volume":8000,"label":" ","price":6.24},{"type":"B","date":"2018-04-20T06:21:48.000Z","volume":4000,"label":" ","price":6.24},{"type":"B","date":"2018-04-20T06:21:52.000Z","volume":6000,"label":" ","price":6.24},{"type":"B","date":"2018-04-20T06:21:58.000Z","volume":2000,"label":" ","price":6.24},{"type":"A","date":"2018-04-20T06:22:43.000Z","volume":2000,"label":" ","price":6.25},{"type":"A","date":"2018-04-20T06:23:16.000Z","volume":2000,"label":" ","price":6.25},{"type":"U","date":"2018-04-20T06:24:00.000Z","volume":2000,"label":"X","price":6.25},{"type":"B","date":"2018-04-20T06:26:00.000Z","volume":36000,"label":" ","price":6.23},{"type":"A","date":"2018-04-20T06:26:00.000Z","volume":2000,"label":" ","price":6.25},{"type":"A","date":"2018-04-20T06:26:00.000Z","volume":2000,"label":" ","price":6.25},{"type":"A","date":"2018-04-20T06:26:50.000Z","volume":8000,"label":" ","price":6.25},{"type":"B","date":"2018-04-20T06:27:58.000Z","volume":2000,"label":" ","price":6.23},{"type":"B","date":"2018-04-20T06:28:38.000Z","volume":4000,"label":" ","price":6.23},{"type":"A","date":"2018-04-20T06:28:38.000Z","volume":2000,"label":" ","price":6.25},{"type":"B","date":"2018-04-20T06:28:39.000Z","volume":2000,"label":" ","price":6.23},{"type":"B","date":"2018-04-20T06:28:44.000Z","volume":12000,"label":" ","price":6.23},{"type":"B","date":"2018-04-20T06:28:58.000Z","volume":2000,"label":"Y","price":6.23},{"type":"B","date":"2018-04-20T06:28:58.000Z","volume":32000,"label":" ","price":6.23},{"type":"A","date":"2018-04-20T06:28:58.000Z","volume":2000,"label":" ","price":6.23},{"type":"A","date":"2018-04-20T06:29:48.000Z","volume":4000,"label":" ","price":6.25},{"type":"A","date":"2018-04-20T06:31:05.000Z","volume":2000,"label":" ","price":6.24},{"type":"A","date":"2018-04-20T06:31:05.000Z","volume":6000,"label":"Y","price":6.24},{"type":"A","date":"2018-04-20T06:31:05.000Z","volume":142000,"label":" ","price":6.24},{"type":"A","date":"2018-04-20T06:32:31.000Z","volume":2000,"label":" ","price":6.25},{"type":"A","date":"2018-04-20T06:32:38.000Z","volume":6000,"label":" ","price":6.25},{"type":"A","date":"2018-04-20T06:34:08.000Z","volume":2000,"label":" ","price":6.25},{"type":"U","date":"2018-04-20T06:34:38.000Z","volume":2000,"label":"X","price":6.25},{"type":"A","date":"2018-04-20T06:35:18.000Z","volume":2000,"label":" ","price":6.25},{"type":"A","date":"2018-04-20T06:35:18.000Z","volume":4000,"label":" ","price":6.25},{"type":"A","date":"2018-04-20T06:36:48.000Z","volume":4000,"label":" ","price":6.25},{"type":"B","date":"2018-04-20T06:37:17.000Z","volume":4000,"label":" ","price":6.24},{"type":"A","date":"2018-04-20T06:37:22.000Z","volume":20000,"label":" ","price":6.25},{"type":"A","date":"2018-04-20T06:37:29.000Z","volume":4000,"label":" ","price":6.25},{"type":"A","date":"2018-04-20T06:37:29.000Z","volume":28000,"label":" ","price":6.25},{"type":"A","date":"2018-04-20T06:37:45.000Z","volume":6000,"label":" ","price":6.26},{"type":"A","date":"2018-04-20T06:39:52.000Z","volume":2000,"label":" ","price":6.26},{"type":"A","date":"2018-04-20T06:40:56.000Z","volume":10000,"label":" ","price":6.26},{"type":"A","date":"2018-04-20T06:42:41.000Z","volume":4000,"label":" ","price":6.26},{"type":"A","date":"2018-04-20T06:43:26.000Z","volume":6000,"label":" ","price":6.26},{"type":"B","date":"2018-04-20T06:43:26.000Z","volume":4000,"label":" ","price":6.25},{"type":"B","date":"2018-04-20T06:43:29.000Z","volume":2000,"label":" ","price":6.25},{"type":"B","date":"2018-04-20T06:43:33.000Z","volume":2000,"label":" ","price":6.25},{"type":"B","date":"2018-04-20T06:44:08.000Z","volume":4000,"label":"Y","price":6.25},{"type":"B","date":"2018-04-20T06:44:08.000Z","volume":44000,"label":" ","price":6.25},{"type":"B","date":"2018-04-20T06:44:08.000Z","volume":12000,"label":" ","price":6.25},{"type":"B","date":"2018-04-20T06:44:08.000Z","volume":10000,"label":" ","price":6.25},{"type":"B","date":"2018-04-20T06:44:08.000Z","volume":8000,"label":"Y","price":6.25},{"type":"B","date":"2018-04-20T06:45:03.000Z","volume":38000,"label":" ","price":6.24},{"type":"U","date":"2018-04-20T06:45:07.000Z","volume":2000,"label":"X","price":6.249},{"type":"A","date":"2018-04-20T06:45:11.000Z","volume":20000,"label":" ","price":6.26},{"type":"A","date":"2018-04-20T06:46:06.000Z","volume":2000,"label":" ","price":6.26},{"type":"B","date":"2018-04-20T06:47:01.000Z","volume":52000,"label":" ","price":6.23},{"type":"A","date":"2018-04-20T06:47:18.000Z","volume":2000,"label":" ","price":6.26},{"type":"A","date":"2018-04-20T06:48:34.000Z","volume":10000,"label":" ","price":6.25},{"type":"A","date":"2018-04-20T06:49:07.000Z","volume":4000,"label":" ","price":6.25},{"type":"B","date":"2018-04-20T06:49:33.000Z","volume":8000,"label":" ","price":6.23},{"type":"B","date":"2018-04-20T06:49:38.000Z","volume":2000,"label":" ","price":6.23},{"type":"B","date":"2018-04-20T06:49:43.000Z","volume":2000,"label":" ","price":6.23},{"type":"A","date":"2018-04-20T06:51:17.000Z","volume":2000,"label":" ","price":6.24},{"type":"B","date":"2018-04-20T06:52:27.000Z","volume":6000,"label":" ","price":6.23},{"type":"B","date":"2018-04-20T06:52:31.000Z","volume":4000,"label":" ","price":6.23},{"type":"B","date":"2018-04-20T06:52:34.000Z","volume":2000,"label":" ","price":6.23},{"type":"B","date":"2018-04-20T06:52:37.000Z","volume":2000,"label":" ","price":6.23},{"type":"A","date":"2018-04-20T06:54:11.000Z","volume":2000,"label":" ","price":6.24},{"type":"A","date":"2018-04-20T06:54:11.000Z","volume":14000,"label":"Y","price":6.24},{"type":"A","date":"2018-04-20T06:54:11.000Z","volume":86000,"label":" ","price":6.24},{"type":"A","date":"2018-04-20T06:54:11.000Z","volume":8000,"label":" ","price":6.24},{"type":"A","date":"2018-04-20T06:56:52.000Z","volume":4000,"label":" ","price":6.25},{"type":"A","date":"2018-04-20T06:56:53.000Z","volume":6000,"label":" ","price":6.25},{"type":"A","date":"2018-04-20T06:56:53.000Z","volume":30000,"label":" ","price":6.25},{"type":"A","date":"2018-04-20T06:56:53.000Z","volume":4000,"label":" ","price":6.25},{"type":"A","date":"2018-04-20T06:56:53.000Z","volume":2000,"label":" ","price":6.25},{"type":"A","date":"2018-04-20T06:56:53.000Z","volume":2000,"label":" ","price":6.25},{"type":"B","date":"2018-04-20T06:58:33.000Z","volume":2000,"label":" ","price":6.25},{"type":"B","date":"2018-04-20T06:58:33.000Z","volume":14000,"label":"Y","price":6.25},{"type":"B","date":"2018-04-20T06:58:33.000Z","volume":6000,"label":" ","price":6.25},{"type":"B","date":"2018-04-20T06:58:37.000Z","volume":2000,"label":" ","price":6.25},{"type":"B","date":"2018-04-20T06:58:38.000Z","volume":4000,"label":"Y","price":6.24},{"type":"A","date":"2018-04-20T06:59:20.000Z","volume":2000,"label":" ","price":6.24},{"type":"A","date":"2018-04-20T06:59:41.000Z","volume":2000,"label":" ","price":6.24},{"type":"A","date":"2018-04-20T06:59:41.000Z","volume":2000,"label":" ","price":6.24},{"type":"A","date":"2018-04-20T07:01:05.000Z","volume":2000,"label":" ","price":6.24},{"type":"A","date":"2018-04-20T07:01:13.000Z","volume":2000,"label":" ","price":6.24},{"type":"A","date":"2018-04-20T07:01:19.000Z","volume":4000,"label":" ","price":6.24},{"type":"U","date":"2018-04-20T07:02:11.000Z","volume":2000,"label":"X","price":6.243},{"type":"A","date":"2018-04-20T07:03:37.000Z","volume":8000,"label":" ","price":6.24},{"type":"A","date":"2018-04-20T07:03:37.000Z","volume":4000,"label":" ","price":6.24},{"type":"A","date":"2018-04-20T07:05:02.000Z","volume":2000,"label":" ","price":6.24},{"type":"A","date":"2018-04-20T07:05:31.000Z","volume":2000,"label":" ","price":6.24},{"type":"A","date":"2018-04-20T07:05:31.000Z","volume":6000,"label":" ","price":6.24},{"type":"A","date":"2018-04-20T07:05:32.000Z","volume":2000,"label":"Y","price":6.24},{"type":"A","date":"2018-04-20T07:05:32.000Z","volume":2000,"label":" ","price":6.24},{"type":"B","date":"2018-04-20T07:06:09.000Z","volume":2000,"label":" ","price":6.24},{"type":"B","date":"2018-04-20T07:06:09.000Z","volume":10000,"label":" ","price":6.24},{"type":"B","date":"2018-04-20T07:06:09.000Z","volume":14000,"label":" ","price":6.24},{"type":"B","date":"2018-04-20T07:06:13.000Z","volume":12000,"label":" ","price":6.24},{"type":"B","date":"2018-04-20T07:06:13.000Z","volume":10000,"label":" ","price":6.23},{"type":"B","date":"2018-04-20T07:06:57.000Z","volume":2000,"label":" ","price":6.23},{"type":"B","date":"2018-04-20T07:07:00.000Z","volume":2000,"label":" ","price":6.23},{"type":"B","date":"2018-04-20T07:07:04.000Z","volume":2000,"label":" ","price":6.23},{"type":"B","date":"2018-04-20T07:07:08.000Z","volume":2000,"label":" ","price":6.23},{"type":"A","date":"2018-04-20T07:08:23.000Z","volume":4000,"label":" ","price":6.24},{"type":"A","date":"2018-04-20T07:10:32.000Z","volume":4000,"label":" ","price":6.25},{"type":"A","date":"2018-04-20T07:11:02.000Z","volume":10000,"label":" ","price":6.25},{"type":"B","date":"2018-04-20T07:11:07.000Z","volume":4000,"label":" ","price":6.24},{"type":"B","date":"2018-04-20T07:11:07.000Z","volume":2000,"label":" ","price":6.24},{"type":"B","date":"2018-04-20T07:11:11.000Z","volume":2000,"label":" ","price":6.24},{"type":"B","date":"2018-04-20T07:11:11.000Z","volume":40000,"label":" ","price":6.24},{"type":"A","date":"2018-04-20T07:11:20.000Z","volume":2000,"label":" ","price":6.25},{"type":"A","date":"2018-04-20T07:12:36.000Z","volume":10000,"label":" ","price":6.25},{"type":"A","date":"2018-04-20T07:12:42.000Z","volume":50000,"label":" ","price":6.25},{"type":"U","date":"2018-04-20T07:13:23.000Z","volume":2000,"label":"X","price":6.243},{"type":"A","date":"2018-04-20T07:15:25.000Z","volume":8000,"label":" ","price":6.25},{"type":"A","date":"2018-04-20T07:16:05.000Z","volume":6000,"label":" ","price":6.25},{"type":"A","date":"2018-04-20T07:16:05.000Z","volume":2000,"label":" ","price":6.25},{"type":"A","date":"2018-04-20T07:17:04.000Z","volume":10000,"label":" ","price":6.25},{"type":"A","date":"2018-04-20T07:18:47.000Z","volume":8000,"label":" ","price":6.25},{"type":"A","date":"2018-04-20T07:19:08.000Z","volume":10000,"label":" ","price":6.25},{"type":"B","date":"2018-04-20T07:19:11.000Z","volume":2000,"label":" ","price":6.23},{"type":"B","date":"2018-04-20T07:19:11.000Z","volume":26000,"label":" ","price":6.23},{"type":"B","date":"2018-04-20T07:19:55.000Z","volume":4000,"label":"Y","price":6.23},{"type":"B","date":"2018-04-20T07:19:55.000Z","volume":54000,"label":" ","price":6.23},{"type":"B","date":"2018-04-20T07:20:15.000Z","volume":4000,"label":" ","price":6.23},{"type":"B","date":"2018-04-20T07:20:19.000Z","volume":2000,"label":" ","price":6.23},{"type":"B","date":"2018-04-20T07:20:22.000Z","volume":2000,"label":" ","price":6.23},{"type":"A","date":"2018-04-20T07:22:00.000Z","volume":4000,"label":" ","price":6.24},{"type":"A","date":"2018-04-20T07:23:22.000Z","volume":2000,"label":" ","price":6.24},{"type":"U","date":"2018-04-20T07:23:23.000Z","volume":2000,"label":"X","price":6.237},{"type":"A","date":"2018-04-20T07:23:40.000Z","volume":20000,"label":" ","price":6.24},{"type":"A","date":"2018-04-20T07:24:06.000Z","volume":4000,"label":" ","price":6.24},{"type":"A","date":"2018-04-20T07:25:26.000Z","volume":10000,"label":" ","price":6.24},{"type":"A","date":"2018-04-20T07:26:24.000Z","volume":52000,"label":" ","price":6.24},{"type":"A","date":"2018-04-20T07:26:24.000Z","volume":8000,"label":" ","price":6.24},{"type":"A","date":"2018-04-20T07:26:53.000Z","volume":2000,"label":" ","price":6.24},{"type":"A","date":"2018-04-20T07:26:53.000Z","volume":4000,"label":" ","price":6.24},{"type":"A","date":"2018-04-20T07:27:35.000Z","volume":8000,"label":" ","price":6.24},{"type":"A","date":"2018-04-20T07:28:21.000Z","volume":10000,"label":" ","price":6.24},{"type":"B","date":"2018-04-20T07:28:21.000Z","volume":2000,"label":" ","price":6.23},{"type":"B","date":"2018-04-20T07:28:26.000Z","volume":2000,"label":" ","price":6.23},{"type":"B","date":"2018-04-20T07:28:31.000Z","volume":30000,"label":" ","price":6.23},{"type":"A","date":"2018-04-20T07:29:25.000Z","volume":2000,"label":" ","price":6.24},{"type":"B","date":"2018-04-20T07:30:06.000Z","volume":6000,"label":" ","price":6.23},{"type":"B","date":"2018-04-20T07:30:11.000Z","volume":2000,"label":" ","price":6.23},{"type":"A","date":"2018-04-20T07:30:18.000Z","volume":6000,"label":" ","price":6.24},{"type":"A","date":"2018-04-20T07:32:23.000Z","volume":2000,"label":" ","price":6.24},{"type":"B","date":"2018-04-20T07:32:23.000Z","volume":2000,"label":" ","price":6.23},{"type":"B","date":"2018-04-20T07:32:42.000Z","volume":26000,"label":" ","price":6.23},{"type":"A","date":"2018-04-20T07:32:56.000Z","volume":6000,"label":" ","price":6.23},{"type":"U","date":"2018-04-20T07:34:56.000Z","volume":1512,"label":"D","price":6.2},{"type":"A","date":"2018-04-20T07:35:25.000Z","volume":2000,"label":" ","price":6.23},{"type":"A","date":"2018-04-20T07:36:41.000Z","volume":8000,"label":" ","price":6.23},{"type":"B","date":"2018-04-20T07:37:22.000Z","volume":2000,"label":"Y","price":6.22},{"type":"B","date":"2018-04-20T07:37:22.000Z","volume":98000,"label":" ","price":6.22},{"type":"B","date":"2018-04-20T07:37:22.000Z","volume":62000,"label":" ","price":6.22},{"type":"A","date":"2018-04-20T07:37:22.000Z","volume":14000,"label":" ","price":6.22},{"type":"U","date":"2018-04-20T07:37:22.000Z","volume":6000,"label":"X","price":6.222},{"type":"B","date":"2018-04-20T07:37:42.000Z","volume":2000,"label":" ","price":6.21},{"type":"A","date":"2018-04-20T07:37:47.000Z","volume":2000,"label":" ","price":6.22},{"type":"B","date":"2018-04-20T07:38:10.000Z","volume":6000,"label":" ","price":6.21},{"type":"A","date":"2018-04-20T07:38:30.000Z","volume":2000,"label":" ","price":6.22},{"type":"A","date":"2018-04-20T07:38:53.000Z","volume":6000,"label":" ","price":6.22},{"type":"B","date":"2018-04-20T07:38:57.000Z","volume":16000,"label":" ","price":6.21},{"type":"B","date":"2018-04-20T07:39:42.000Z","volume":60000,"label":" ","price":6.21},{"type":"B","date":"2018-04-20T07:39:43.000Z","volume":46000,"label":"Y","price":6.21},{"type":"B","date":"2018-04-20T07:39:43.000Z","volume":2000,"label":" ","price":6.21},{"type":"B","date":"2018-04-20T07:39:43.000Z","volume":2000,"label":" ","price":6.21},{"type":"A","date":"2018-04-20T07:41:48.000Z","volume":2000,"label":" ","price":6.21},{"type":"A","date":"2018-04-20T07:41:48.000Z","volume":8000,"label":" ","price":6.21},{"type":"B","date":"2018-04-20T07:42:44.000Z","volume":8000,"label":"Y","price":6.2},{"type":"B","date":"2018-04-20T07:42:44.000Z","volume":52000,"label":" ","price":6.2},{"type":"A","date":"2018-04-20T07:43:00.000Z","volume":4000,"label":" ","price":6.21},{"type":"A","date":"2018-04-20T07:43:01.000Z","volume":2000,"label":" ","price":6.21},{"type":"B","date":"2018-04-20T07:43:10.000Z","volume":12000,"label":" ","price":6.2},{"type":"A","date":"2018-04-20T07:43:19.000Z","volume":2000,"label":" ","price":6.21},{"type":"A","date":"2018-04-20T07:43:20.000Z","volume":2000,"label":" ","price":6.21},{"type":"A","date":"2018-04-20T07:43:39.000Z","volume":6000,"label":" ","price":6.21},{"type":"B","date":"2018-04-20T07:43:40.000Z","volume":4000,"label":" ","price":6.2},{"type":"U","date":"2018-04-20T07:44:02.000Z","volume":1655,"label":"D","price":6.3},{"type":"A","date":"2018-04-20T07:44:04.000Z","volume":8000,"label":" ","price":6.21},{"type":"A","date":"2018-04-20T07:44:32.000Z","volume":10000,"label":" ","price":6.21},{"type":"B","date":"2018-04-20T07:44:35.000Z","volume":8000,"label":" ","price":6.2},{"type":"B","date":"2018-04-20T07:45:16.000Z","volume":2000,"label":" ","price":6.2},{"type":"A","date":"2018-04-20T07:45:25.000Z","volume":2000,"label":"Y","price":6.21},{"type":"A","date":"2018-04-20T07:46:23.000Z","volume":2000,"label":" ","price":6.21},{"type":"B","date":"2018-04-20T07:46:24.000Z","volume":2000,"label":" ","price":6.2},{"type":"A","date":"2018-04-20T07:46:53.000Z","volume":4000,"label":" ","price":6.21},{"type":"B","date":"2018-04-20T07:46:56.000Z","volume":2000,"label":" ","price":6.2},{"type":"A","date":"2018-04-20T07:47:25.000Z","volume":2000,"label":" ","price":6.21},{"type":"A","date":"2018-04-20T07:47:36.000Z","volume":12000,"label":" ","price":6.21},{"type":"B","date":"2018-04-20T07:47:39.000Z","volume":6000,"label":" ","price":6.2},{"type":"B","date":"2018-04-20T07:47:41.000Z","volume":2000,"label":" ","price":6.2},{"type":"B","date":"2018-04-20T07:47:42.000Z","volume":2000,"label":" ","price":6.2},{"type":"B","date":"2018-04-20T07:47:43.000Z","volume":2000,"label":" ","price":6.2},{"type":"B","date":"2018-04-20T07:48:48.000Z","volume":2000,"label":" ","price":6.2},{"type":"A","date":"2018-04-20T07:49:20.000Z","volume":6000,"label":" ","price":6.21},{"type":"B","date":"2018-04-20T07:49:20.000Z","volume":2000,"label":" ","price":6.2},{"type":"A","date":"2018-04-20T07:49:25.000Z","volume":2000,"label":" ","price":6.21},{"type":"B","date":"2018-04-20T07:49:28.000Z","volume":2000,"label":" ","price":6.2},{"type":"A","date":"2018-04-20T07:50:06.000Z","volume":2000,"label":" ","price":6.21},{"type":"U","date":"2018-04-20T07:50:07.000Z","volume":8000,"label":"X","price":6.206},{"type":"A","date":"2018-04-20T07:50:10.000Z","volume":2000,"label":" ","price":6.21},{"type":"A","date":"2018-04-20T07:50:10.000Z","volume":12000,"label":" ","price":6.21},{"type":"A","date":"2018-04-20T07:50:10.000Z","volume":2000,"label":" ","price":6.21},{"type":"B","date":"2018-04-20T07:50:14.000Z","volume":6000,"label":" ","price":6.2},{"type":"A","date":"2018-04-20T07:50:14.000Z","volume":2000,"label":" ","price":6.21},{"type":"B","date":"2018-04-20T07:50:17.000Z","volume":2000,"label":" ","price":6.2},{"type":"A","date":"2018-04-20T07:50:22.000Z","volume":2000,"label":"Y","price":6.21},{"type":"A","date":"2018-04-20T07:50:53.000Z","volume":2000,"label":"Y","price":6.21},{"type":"B","date":"2018-04-20T07:50:55.000Z","volume":2000,"label":" ","price":6.2},{"type":"B","date":"2018-04-20T07:51:24.000Z","volume":2000,"label":"Y","price":6.2},{"type":"B","date":"2018-04-20T07:51:24.000Z","volume":102000,"label":" ","price":6.2},{"type":"B","date":"2018-04-20T07:51:24.000Z","volume":32000,"label":" ","price":6.2},{"type":"B","date":"2018-04-20T07:51:24.000Z","volume":12000,"label":" ","price":6.19},{"type":"A","date":"2018-04-20T07:51:36.000Z","volume":50000,"label":" ","price":6.2},{"type":"B","date":"2018-04-20T07:51:37.000Z","volume":10000,"label":" ","price":6.19},{"type":"B","date":"2018-04-20T07:51:39.000Z","volume":2000,"label":" ","price":6.19},{"type":"B","date":"2018-04-20T07:51:44.000Z","volume":8000,"label":" ","price":6.19},{"type":"B","date":"2018-04-20T07:51:44.000Z","volume":4000,"label":" ","price":6.19},{"type":"A","date":"2018-04-20T07:52:17.000Z","volume":2000,"label":" ","price":6.19},{"type":"A","date":"2018-04-20T07:52:17.000Z","volume":4000,"label":" ","price":6.19},{"type":"A","date":"2018-04-20T07:52:20.000Z","volume":2000,"label":"Y","price":6.19},{"type":"A","date":"2018-04-20T07:52:30.000Z","volume":6000,"label":" ","price":6.19},{"type":"B","date":"2018-04-20T07:52:36.000Z","volume":20000,"label":" ","price":6.18},{"type":"A","date":"2018-04-20T07:52:50.000Z","volume":2000,"label":" ","price":6.19},{"type":"A","date":"2018-04-20T07:52:53.000Z","volume":4000,"label":" ","price":6.19},{"type":"B","date":"2018-04-20T07:53:02.000Z","volume":42000,"label":" ","price":6.18},{"type":"B","date":"2018-04-20T07:53:03.000Z","volume":24000,"label":" ","price":6.18},{"type":"A","date":"2018-04-20T07:53:07.000Z","volume":2000,"label":" ","price":6.19},{"type":"B","date":"2018-04-20T07:53:09.000Z","volume":2000,"label":" ","price":6.18},{"type":"A","date":"2018-04-20T07:53:28.000Z","volume":8000,"label":" ","price":6.18},{"type":"B","date":"2018-04-20T07:53:29.000Z","volume":2000,"label":" ","price":6.18},{"type":"A","date":"2018-04-20T07:54:32.000Z","volume":12000,"label":" ","price":6.19},{"type":"A","date":"2018-04-20T07:55:02.000Z","volume":2000,"label":" ","price":6.19},{"type":"A","date":"2018-04-20T07:55:17.000Z","volume":6000,"label":" ","price":6.19},{"type":"B","date":"2018-04-20T07:55:18.000Z","volume":66000,"label":" ","price":6.18},{"type":"A","date":"2018-04-20T07:55:19.000Z","volume":50000,"label":" ","price":6.18},{"type":"A","date":"2018-04-20T07:55:25.000Z","volume":10000,"label":" ","price":6.18},{"type":"A","date":"2018-04-20T07:55:27.000Z","volume":20000,"label":" ","price":6.18},{"type":"A","date":"2018-04-20T07:55:27.000Z","volume":4000,"label":" ","price":6.18},{"type":"A","date":"2018-04-20T07:55:31.000Z","volume":4000,"label":" ","price":6.18},{"type":"A","date":"2018-04-20T07:55:31.000Z","volume":36000,"label":" ","price":6.18},{"type":"A","date":"2018-04-20T07:55:31.000Z","volume":42000,"label":" ","price":6.19},{"type":"B","date":"2018-04-20T07:55:31.000Z","volume":22000,"label":" ","price":6.18},{"type":"A","date":"2018-04-20T07:56:53.000Z","volume":4000,"label":" ","price":6.2},{"type":"A","date":"2018-04-20T07:57:20.000Z","volume":2000,"label":" ","price":6.2},{"type":"A","date":"2018-04-20T07:57:22.000Z","volume":2000,"label":" ","price":6.2},{"type":"A","date":"2018-04-20T07:57:23.000Z","volume":2000,"label":" ","price":6.2},{"type":"A","date":"2018-04-20T07:57:53.000Z","volume":4000,"label":" ","price":6.2},{"type":"A","date":"2018-04-20T07:57:53.000Z","volume":4000,"label":" ","price":6.2},{"type":"A","date":"2018-04-20T07:57:53.000Z","volume":2000,"label":"Y","price":6.2},{"type":"A","date":"2018-04-20T07:58:26.000Z","volume":2000,"label":" ","price":6.2},{"type":"A","date":"2018-04-20T07:58:27.000Z","volume":2000,"label":" ","price":6.2},{"type":"A","date":"2018-04-20T07:58:57.000Z","volume":2000,"label":" ","price":6.2},{"type":"A","date":"2018-04-20T07:59:00.000Z","volume":2000,"label":" ","price":6.2},{"type":"A","date":"2018-04-20T07:59:01.000Z","volume":4000,"label":" ","price":6.2},{"type":"A","date":"2018-04-20T07:59:01.000Z","volume":2000,"label":" ","price":6.2},{"type":"A","date":"2018-04-20T07:59:22.000Z","volume":2000,"label":" ","price":6.2},{"type":"A","date":"2018-04-20T07:59:24.000Z","volume":2000,"label":" ","price":6.2},{"type":"A","date":"2018-04-20T07:59:24.000Z","volume":2000,"label":"Y","price":6.2},{"type":"A","date":"2018-04-20T07:59:28.000Z","volume":4000,"label":" ","price":6.2},{"type":"A","date":"2018-04-20T07:59:30.000Z","volume":2000,"label":" ","price":6.2},{"type":"A","date":"2018-04-20T07:59:37.000Z","volume":4000,"label":" ","price":6.2},{"type":"A","date":"2018-04-20T07:59:39.000Z","volume":2000,"label":" ","price":6.2},{"type":"A","date":"2018-04-20T07:59:39.000Z","volume":2000,"label":" ","price":6.2},{"type":"A","date":"2018-04-20T07:59:42.000Z","volume":4000,"label":" ","price":6.2},{"type":"A","date":"2018-04-20T07:59:42.000Z","volume":2000,"label":" ","price":6.2},{"type":"A","date":"2018-04-20T07:59:43.000Z","volume":2000,"label":"Y","price":6.2},{"type":"A","date":"2018-04-20T07:59:51.000Z","volume":2000,"label":"Y","price":6.2},{"type":"A","date":"2018-04-20T07:59:55.000Z","volume":2000,"label":" ","price":6.2},{"type":"U","date":"2018-04-20T08:08:48.000Z","volume":3484000,"label":"U","price":6.18}]