[{"type":"A","date":"2018-04-16T01:57:42.000Z","volume":21000,"label":" ","price":4.14},{"type":"U","date":"2018-04-16T01:57:48.000Z","volume":1000,"label":" ","price":4.13},{"type":"B","date":"2018-04-16T01:58:41.000Z","volume":1000,"label":" ","price":4.12},{"type":"B","date":"2018-04-16T01:59:11.000Z","volume":5000,"label":" ","price":4.12},{"type":"A","date":"2018-04-16T02:08:39.000Z","volume":1000,"label":" ","price":4.12},{"type":"A","date":"2018-04-16T02:09:21.000Z","volume":1000,"label":" ","price":4.12},{"type":"B","date":"2018-04-16T02:11:35.000Z","volume":3000,"label":" ","price":4.11},{"type":"A","date":"2018-04-16T02:13:54.000Z","volume":4000,"label":" ","price":4.11},{"type":"B","date":"2018-04-16T02:18:12.000Z","volume":3000,"label":" ","price":4.1},{"type":"A","date":"2018-04-16T02:18:13.000Z","volume":1000,"label":" ","price":4.11},{"type":"A","date":"2018-04-16T02:21:15.000Z","volume":1000,"label":" ","price":4.11},{"type":"B","date":"2018-04-16T02:22:17.000Z","volume":3000,"label":" ","price":4.1},{"type":"A","date":"2018-04-16T02:23:01.000Z","volume":10000,"label":" ","price":4.1},{"type":"A","date":"2018-04-16T02:24:53.000Z","volume":2000,"label":" ","price":4.1},{"type":"A","date":"2018-04-16T02:27:33.000Z","volume":1000,"label":" ","price":4.1},{"type":"A","date":"2018-04-16T02:30:03.000Z","volume":7000,"label":" ","price":4.1},{"type":"A","date":"2018-04-16T02:30:03.000Z","volume":15000,"label":" ","price":4.1},{"type":"A","date":"2018-04-16T02:30:05.000Z","volume":1000,"label":" ","price":4.11},{"type":"A","date":"2018-04-16T02:30:13.000Z","volume":1000,"label":" ","price":4.11},{"type":"A","date":"2018-04-16T02:30:33.000Z","volume":2000,"label":" ","price":4.11},{"type":"A","date":"2018-04-16T02:30:33.000Z","volume":2000,"label":" ","price":4.11},{"type":"B","date":"2018-04-16T02:39:41.000Z","volume":15000,"label":" ","price":4.11},{"type":"B","date":"2018-04-16T02:52:01.000Z","volume":3000,"label":" ","price":4.1},{"type":"B","date":"2018-04-16T02:52:08.000Z","volume":24000,"label":" ","price":4.1},{"type":"B","date":"2018-04-16T02:52:08.000Z","volume":9000,"label":" ","price":4.1},{"type":"A","date":"2018-04-16T02:59:25.000Z","volume":1000,"label":" ","price":4.1},{"type":"B","date":"2018-04-16T03:00:49.000Z","volume":31000,"label":" ","price":4.09},{"type":"B","date":"2018-04-16T03:00:49.000Z","volume":6000,"label":" ","price":4.09},{"type":"B","date":"2018-04-16T03:02:43.000Z","volume":33000,"label":" ","price":4.09},{"type":"B","date":"2018-04-16T03:05:19.000Z","volume":104000,"label":" ","price":4.08},{"type":"B","date":"2018-04-16T03:05:19.000Z","volume":1000,"label":" ","price":4.07},{"type":"B","date":"2018-04-16T03:08:22.000Z","volume":10000,"label":" ","price":4.06},{"type":"B","date":"2018-04-16T03:08:34.000Z","volume":50000,"label":" ","price":4.06},{"type":"A","date":"2018-04-16T03:08:56.000Z","volume":18000,"label":" ","price":4.06},{"type":"A","date":"2018-04-16T03:09:10.000Z","volume":10000,"label":" ","price":4.06},{"type":"B","date":"2018-04-16T03:09:26.000Z","volume":1000,"label":" ","price":4.04},{"type":"A","date":"2018-04-16T03:09:35.000Z","volume":5000,"label":" ","price":4.06},{"type":"B","date":"2018-04-16T03:11:31.000Z","volume":20000,"label":" ","price":4.06},{"type":"B","date":"2018-04-16T03:12:38.000Z","volume":2000,"label":" ","price":4.05},{"type":"B","date":"2018-04-16T03:12:58.000Z","volume":59000,"label":"Y","price":4.04},{"type":"B","date":"2018-04-16T03:12:58.000Z","volume":5000,"label":" ","price":4.04},{"type":"B","date":"2018-04-16T03:13:04.000Z","volume":1000,"label":" ","price":4.03},{"type":"B","date":"2018-04-16T03:13:04.000Z","volume":1000,"label":" ","price":4.03},{"type":"U","date":"2018-04-16T03:13:15.000Z","volume":1000,"label":" ","price":4.03},{"type":"B","date":"2018-04-16T03:13:24.000Z","volume":1000,"label":" ","price":4.02},{"type":"A","date":"2018-04-16T03:13:25.000Z","volume":30000,"label":"Y","price":4.04},{"type":"A","date":"2018-04-16T03:13:25.000Z","volume":10000,"label":" ","price":4.04},{"type":"A","date":"2018-04-16T03:13:40.000Z","volume":5000,"label":" ","price":4.04},{"type":"A","date":"2018-04-16T03:16:43.000Z","volume":8000,"label":" ","price":4.05},{"type":"A","date":"2018-04-16T03:21:30.000Z","volume":7000,"label":" ","price":4.06},{"type":"B","date":"2018-04-16T03:27:31.000Z","volume":100000,"label":"Y","price":4.05},{"type":"A","date":"2018-04-16T03:35:23.000Z","volume":13000,"label":" ","price":4.07},{"type":"A","date":"2018-04-16T03:35:30.000Z","volume":1000,"label":" ","price":4.08},{"type":"B","date":"2018-04-16T03:35:48.000Z","volume":1000,"label":" ","price":4.07},{"type":"A","date":"2018-04-16T03:36:23.000Z","volume":1000,"label":" ","price":4.07},{"type":"A","date":"2018-04-16T03:53:15.000Z","volume":1000,"label":" ","price":4.08},{"type":"A","date":"2018-04-16T03:59:30.000Z","volume":1000,"label":" ","price":4.08},{"type":"A","date":"2018-04-16T05:11:15.000Z","volume":1000,"label":" ","price":4.08},{"type":"A","date":"2018-04-16T05:12:19.000Z","volume":1000,"label":" ","price":4.08},{"type":"B","date":"2018-04-16T05:20:06.000Z","volume":19000,"label":" ","price":4.07},{"type":"A","date":"2018-04-16T05:23:15.000Z","volume":1000,"label":" ","price":4.08},{"type":"A","date":"2018-04-16T05:41:15.000Z","volume":1000,"label":" ","price":4.08},{"type":"B","date":"2018-04-16T05:47:02.000Z","volume":10000,"label":" ","price":4.07},{"type":"B","date":"2018-04-16T05:51:43.000Z","volume":9000,"label":" ","price":4.07},{"type":"A","date":"2018-04-16T05:52:18.000Z","volume":8000,"label":" ","price":4.07},{"type":"A","date":"2018-04-16T05:53:13.000Z","volume":1000,"label":" ","price":4.07},{"type":"A","date":"2018-04-16T05:54:16.000Z","volume":2000,"label":" ","price":4.07},{"type":"A","date":"2018-04-16T05:55:21.000Z","volume":1000,"label":" ","price":4.07},{"type":"A","date":"2018-04-16T05:58:15.000Z","volume":4000,"label":" ","price":4.07},{"type":"A","date":"2018-04-16T05:59:11.000Z","volume":3000,"label":" ","price":4.07},{"type":"A","date":"2018-04-16T05:59:15.000Z","volume":1000,"label":" ","price":4.07},{"type":"A","date":"2018-04-16T06:02:17.000Z","volume":5000,"label":" ","price":4.07},{"type":"U","date":"2018-04-16T06:02:42.000Z","volume":759,"label":"D","price":4.01},{"type":"B","date":"2018-04-16T06:03:28.000Z","volume":1000,"label":" ","price":4.06},{"type":"B","date":"2018-04-16T06:04:12.000Z","volume":89000,"label":" ","price":4.06},{"type":"A","date":"2018-04-16T06:04:12.000Z","volume":2000,"label":" ","price":4.07},{"type":"A","date":"2018-04-16T06:04:16.000Z","volume":4000,"label":" ","price":4.07},{"type":"A","date":"2018-04-16T06:17:15.000Z","volume":1000,"label":" ","price":4.07},{"type":"A","date":"2018-04-16T06:35:15.000Z","volume":1000,"label":" ","price":4.07},{"type":"A","date":"2018-04-16T06:38:32.000Z","volume":3000,"label":" ","price":4.07},{"type":"A","date":"2018-04-16T06:53:15.000Z","volume":1000,"label":" ","price":4.07},{"type":"A","date":"2018-04-16T07:00:00.000Z","volume":37000,"label":" ","price":4.07},{"type":"A","date":"2018-04-16T07:00:00.000Z","volume":1000,"label":"Y","price":4.07},{"type":"A","date":"2018-04-16T07:00:00.000Z","volume":3000,"label":" ","price":4.07},{"type":"A","date":"2018-04-16T07:00:00.000Z","volume":1000,"label":" ","price":4.07},{"type":"A","date":"2018-04-16T07:00:47.000Z","volume":1000,"label":" ","price":4.08},{"type":"A","date":"2018-04-16T07:05:45.000Z","volume":3000,"label":" ","price":4.08},{"type":"A","date":"2018-04-16T07:05:45.000Z","volume":3000,"label":" ","price":4.08},{"type":"A","date":"2018-04-16T07:05:59.000Z","volume":4000,"label":" ","price":4.09},{"type":"A","date":"2018-04-16T07:05:59.000Z","volume":1000,"label":" ","price":4.1},{"type":"U","date":"2018-04-16T07:07:04.000Z","volume":1000,"label":" ","price":4.1},{"type":"B","date":"2018-04-16T07:07:13.000Z","volume":1000,"label":" ","price":4.07},{"type":"U","date":"2018-04-16T07:08:33.000Z","volume":1000,"label":" ","price":4.1},{"type":"A","date":"2018-04-16T07:08:47.000Z","volume":1000,"label":" ","price":4.11},{"type":"A","date":"2018-04-16T07:11:15.000Z","volume":1000,"label":" ","price":4.11},{"type":"B","date":"2018-04-16T07:13:01.000Z","volume":15000,"label":" ","price":4.09},{"type":"A","date":"2018-04-16T07:29:15.000Z","volume":1000,"label":" ","price":4.1},{"type":"A","date":"2018-04-16T07:33:53.000Z","volume":1000,"label":"Y","price":4.1},{"type":"A","date":"2018-04-16T07:33:53.000Z","volume":1000,"label":" ","price":4.1},{"type":"A","date":"2018-04-16T07:43:12.000Z","volume":1000,"label":" ","price":4.1},{"type":"B","date":"2018-04-16T07:43:34.000Z","volume":23000,"label":" ","price":4.09},{"type":"U","date":"2018-04-16T07:44:19.000Z","volume":250,"label":"D","price":4.04},{"type":"A","date":"2018-04-16T07:47:15.000Z","volume":1000,"label":" ","price":4.1},{"type":"A","date":"2018-04-16T07:54:54.000Z","volume":1000,"label":" ","price":4.1},{"type":"A","date":"2018-04-16T07:57:32.000Z","volume":2000,"label":" ","price":4.1},{"type":"A","date":"2018-04-16T07:59:01.000Z","volume":1000,"label":"Y","price":4.1},{"type":"A","date":"2018-04-16T07:59:01.000Z","volume":1000,"label":" ","price":4.1},{"type":"A","date":"2018-04-16T07:59:01.000Z","volume":1000,"label":" ","price":4.1},{"type":"A","date":"2018-04-16T07:59:15.000Z","volume":1000,"label":" ","price":4.09},{"type":"U","date":"2018-04-16T08:08:32.000Z","volume":54000,"label":"U","price":4.11}]