[{"type":"U","date":"2018-04-27T01:20:00.000Z","volume":210000,"label":"U","price":0.53},{"type":"B","date":"2018-04-27T01:30:18.000Z","volume":20000,"label":" ","price":0.53},{"type":"B","date":"2018-04-27T01:30:18.000Z","volume":130000,"label":" ","price":0.52},{"type":"B","date":"2018-04-27T01:30:18.000Z","volume":50000,"label":" ","price":0.52},{"type":"A","date":"2018-04-27T01:30:33.000Z","volume":10000,"label":" ","price":0.53},{"type":"U","date":"2018-04-27T01:31:31.000Z","volume":3670000,"label":"X","price":0.525},{"type":"U","date":"2018-04-27T01:32:07.000Z","volume":5750000,"label":"X","price":0.525},{"type":"A","date":"2018-04-27T01:33:03.000Z","volume":100000,"label":" ","price":0.53},{"type":"B","date":"2018-04-27T01:33:04.000Z","volume":40000,"label":" ","price":0.52},{"type":"B","date":"2018-04-27T01:33:29.000Z","volume":300000,"label":" ","price":0.52},{"type":"B","date":"2018-04-27T01:33:29.000Z","volume":60000,"label":" ","price":0.52},{"type":"B","date":"2018-04-27T01:33:31.000Z","volume":50000,"label":" ","price":0.52},{"type":"A","date":"2018-04-27T01:33:54.000Z","volume":10000,"label":" ","price":0.53},{"type":"A","date":"2018-04-27T01:41:05.000Z","volume":670000,"label":" ","price":0.53},{"type":"B","date":"2018-04-27T01:41:05.000Z","volume":40000,"label":" ","price":0.52},{"type":"A","date":"2018-04-27T01:45:42.000Z","volume":100000,"label":" ","price":0.53},{"type":"B","date":"2018-04-27T01:45:43.000Z","volume":40000,"label":" ","price":0.52},{"type":"A","date":"2018-04-27T01:53:21.000Z","volume":100000,"label":" ","price":0.53},{"type":"B","date":"2018-04-27T01:53:21.000Z","volume":40000,"label":" ","price":0.52},{"type":"A","date":"2018-04-27T01:58:19.000Z","volume":50000,"label":" ","price":0.53},{"type":"B","date":"2018-04-27T01:58:19.000Z","volume":20000,"label":" ","price":0.52},{"type":"A","date":"2018-04-27T01:59:25.000Z","volume":10000,"label":" ","price":0.53},{"type":"B","date":"2018-04-27T02:02:42.000Z","volume":20000,"label":" ","price":0.52},{"type":"B","date":"2018-04-27T02:02:42.000Z","volume":10000,"label":" ","price":0.52},{"type":"A","date":"2018-04-27T02:06:25.000Z","volume":10000,"label":" ","price":0.53},{"type":"A","date":"2018-04-27T02:07:06.000Z","volume":200000,"label":" ","price":0.53},{"type":"B","date":"2018-04-27T02:07:06.000Z","volume":70000,"label":" ","price":0.52},{"type":"A","date":"2018-04-27T02:13:25.000Z","volume":10000,"label":" ","price":0.53},{"type":"B","date":"2018-04-27T02:13:27.000Z","volume":10000,"label":" ","price":0.52},{"type":"A","date":"2018-04-27T02:20:56.000Z","volume":10000,"label":" ","price":0.53},{"type":"A","date":"2018-04-27T02:22:15.000Z","volume":200000,"label":" ","price":0.53},{"type":"A","date":"2018-04-27T02:22:17.000Z","volume":10000,"label":" ","price":0.53},{"type":"A","date":"2018-04-27T02:22:20.000Z","volume":30000,"label":" ","price":0.53},{"type":"A","date":"2018-04-27T02:22:26.000Z","volume":20000,"label":" ","price":0.53},{"type":"A","date":"2018-04-27T02:22:38.000Z","volume":50000,"label":" ","price":0.53},{"type":"A","date":"2018-04-27T02:22:55.000Z","volume":200000,"label":" ","price":0.53},{"type":"A","date":"2018-04-27T02:22:55.000Z","volume":10000,"label":" ","price":0.53},{"type":"A","date":"2018-04-27T02:26:26.000Z","volume":10000,"label":" ","price":0.53},{"type":"A","date":"2018-04-27T02:27:00.000Z","volume":30000,"label":" ","price":0.53},{"type":"A","date":"2018-04-27T02:27:34.000Z","volume":100000,"label":" ","price":0.53},{"type":"A","date":"2018-04-27T02:32:55.000Z","volume":30000,"label":" ","price":0.53},{"type":"A","date":"2018-04-27T02:35:07.000Z","volume":20000,"label":" ","price":0.53},{"type":"A","date":"2018-04-27T02:38:50.000Z","volume":30000,"label":" ","price":0.53},{"type":"B","date":"2018-04-27T02:42:45.000Z","volume":50000,"label":" ","price":0.52},{"type":"A","date":"2018-04-27T02:44:50.000Z","volume":30000,"label":" ","price":0.53},{"type":"A","date":"2018-04-27T02:46:04.000Z","volume":20000,"label":" ","price":0.53},{"type":"A","date":"2018-04-27T02:50:45.000Z","volume":30000,"label":" ","price":0.53},{"type":"A","date":"2018-04-27T02:51:07.000Z","volume":50000,"label":" ","price":0.53},{"type":"B","date":"2018-04-27T02:51:43.000Z","volume":10000,"label":" ","price":0.52},{"type":"A","date":"2018-04-27T02:54:57.000Z","volume":10000,"label":" ","price":0.53},{"type":"A","date":"2018-04-27T02:55:29.000Z","volume":30000,"label":" ","price":0.53},{"type":"A","date":"2018-04-27T02:59:19.000Z","volume":20000,"label":" ","price":0.53},{"type":"A","date":"2018-04-27T03:04:27.000Z","volume":10000,"label":" ","price":0.53},{"type":"A","date":"2018-04-27T03:04:29.000Z","volume":30000,"label":" ","price":0.53},{"type":"A","date":"2018-04-27T03:04:30.000Z","volume":40000,"label":" ","price":0.53},{"type":"A","date":"2018-04-27T03:04:35.000Z","volume":40000,"label":" ","price":0.53},{"type":"A","date":"2018-04-27T03:04:57.000Z","volume":10000,"label":" ","price":0.53},{"type":"B","date":"2018-04-27T03:04:59.000Z","volume":10000,"label":" ","price":0.52},{"type":"A","date":"2018-04-27T03:07:57.000Z","volume":10000,"label":" ","price":0.53},{"type":"A","date":"2018-04-27T03:08:40.000Z","volume":30000,"label":" ","price":0.53},{"type":"B","date":"2018-04-27T03:08:42.000Z","volume":10000,"label":" ","price":0.52},{"type":"B","date":"2018-04-27T03:08:57.000Z","volume":20000,"label":" ","price":0.52},{"type":"B","date":"2018-04-27T03:08:57.000Z","volume":10000,"label":" ","price":0.52},{"type":"A","date":"2018-04-27T03:08:57.000Z","volume":10000,"label":" ","price":0.53},{"type":"A","date":"2018-04-27T03:12:06.000Z","volume":30000,"label":" ","price":0.53},{"type":"B","date":"2018-04-27T03:12:06.000Z","volume":10000,"label":" ","price":0.52},{"type":"A","date":"2018-04-27T03:12:08.000Z","volume":30000,"label":" ","price":0.53},{"type":"A","date":"2018-04-27T03:14:40.000Z","volume":40000,"label":" ","price":0.53},{"type":"A","date":"2018-04-27T03:19:27.000Z","volume":10000,"label":" ","price":0.53},{"type":"A","date":"2018-04-27T03:21:09.000Z","volume":20000,"label":" ","price":0.53},{"type":"A","date":"2018-04-27T03:21:12.000Z","volume":10000,"label":" ","price":0.53},{"type":"A","date":"2018-04-27T03:21:15.000Z","volume":40000,"label":" ","price":0.53},{"type":"A","date":"2018-04-27T03:26:35.000Z","volume":40000,"label":" ","price":0.53},{"type":"A","date":"2018-04-27T03:28:01.000Z","volume":20000,"label":" ","price":0.53},{"type":"B","date":"2018-04-27T03:28:02.000Z","volume":10000,"label":" ","price":0.52},{"type":"A","date":"2018-04-27T03:28:03.000Z","volume":10000,"label":" ","price":0.53},{"type":"B","date":"2018-04-27T03:28:04.000Z","volume":10000,"label":" ","price":0.52},{"type":"B","date":"2018-04-27T03:28:25.000Z","volume":10000,"label":" ","price":0.52},{"type":"B","date":"2018-04-27T03:32:35.000Z","volume":40000,"label":" ","price":0.52},{"type":"B","date":"2018-04-27T03:32:35.000Z","volume":10000,"label":" ","price":0.52},{"type":"A","date":"2018-04-27T03:35:49.000Z","volume":30000,"label":" ","price":0.53},{"type":"B","date":"2018-04-27T03:35:49.000Z","volume":10000,"label":" ","price":0.52},{"type":"B","date":"2018-04-27T03:35:51.000Z","volume":10000,"label":" ","price":0.52},{"type":"A","date":"2018-04-27T03:41:17.000Z","volume":30000,"label":" ","price":0.53},{"type":"B","date":"2018-04-27T03:41:17.000Z","volume":10000,"label":" ","price":0.52},{"type":"A","date":"2018-04-27T03:41:35.000Z","volume":40000,"label":" ","price":0.53},{"type":"A","date":"2018-04-27T03:41:35.000Z","volume":10000,"label":" ","price":0.53},{"type":"B","date":"2018-04-27T03:41:37.000Z","volume":10000,"label":" ","price":0.52},{"type":"A","date":"2018-04-27T03:44:56.000Z","volume":20000,"label":" ","price":0.53},{"type":"B","date":"2018-04-27T03:44:56.000Z","volume":10000,"label":" ","price":0.52},{"type":"A","date":"2018-04-27T03:45:00.000Z","volume":10000,"label":" ","price":0.53},{"type":"B","date":"2018-04-27T03:45:00.000Z","volume":10000,"label":" ","price":0.52},{"type":"A","date":"2018-04-27T03:45:28.000Z","volume":10000,"label":" ","price":0.53},{"type":"A","date":"2018-04-27T03:47:30.000Z","volume":50000,"label":" ","price":0.53},{"type":"B","date":"2018-04-27T03:47:32.000Z","volume":20000,"label":" ","price":0.52},{"type":"B","date":"2018-04-27T03:50:23.000Z","volume":600000,"label":" ","price":0.52},{"type":"B","date":"2018-04-27T03:50:23.000Z","volume":220000,"label":" ","price":0.52},{"type":"A","date":"2018-04-27T03:53:25.000Z","volume":40000,"label":" ","price":0.53},{"type":"B","date":"2018-04-27T03:53:27.000Z","volume":10000,"label":" ","price":0.52},{"type":"A","date":"2018-04-27T03:53:41.000Z","volume":30000,"label":" ","price":0.53},{"type":"B","date":"2018-04-27T03:53:41.000Z","volume":10000,"label":" ","price":0.52},{"type":"A","date":"2018-04-27T03:56:44.000Z","volume":30000,"label":" ","price":0.53},{"type":"A","date":"2018-04-27T03:59:25.000Z","volume":10000,"label":" ","price":0.53},{"type":"A","date":"2018-04-27T03:59:25.000Z","volume":50000,"label":" ","price":0.53},{"type":"A","date":"2018-04-27T03:59:28.000Z","volume":10000,"label":" ","price":0.53},{"type":"A","date":"2018-04-27T05:00:09.000Z","volume":20000,"label":" ","price":0.53},{"type":"A","date":"2018-04-27T05:04:03.000Z","volume":30000,"label":" ","price":0.53},{"type":"A","date":"2018-04-27T05:05:41.000Z","volume":10000,"label":" ","price":0.53},{"type":"A","date":"2018-04-27T05:07:00.000Z","volume":50000,"label":" ","price":0.53},{"type":"A","date":"2018-04-27T05:07:05.000Z","volume":30000,"label":" ","price":0.53},{"type":"A","date":"2018-04-27T05:08:30.000Z","volume":50000,"label":" ","price":0.53},{"type":"A","date":"2018-04-27T05:08:55.000Z","volume":30000,"label":" ","price":0.53},{"type":"A","date":"2018-04-27T05:12:33.000Z","volume":30000,"label":" ","price":0.53},{"type":"A","date":"2018-04-27T05:18:55.000Z","volume":40000,"label":" ","price":0.53},{"type":"A","date":"2018-04-27T05:19:00.000Z","volume":40000,"label":" ","price":0.53},{"type":"B","date":"2018-04-27T05:21:33.000Z","volume":50000,"label":" ","price":0.52},{"type":"A","date":"2018-04-27T05:21:54.000Z","volume":10000,"label":" ","price":0.53},{"type":"A","date":"2018-04-27T05:24:16.000Z","volume":20000,"label":" ","price":0.53},{"type":"A","date":"2018-04-27T05:24:25.000Z","volume":10000,"label":" ","price":0.53},{"type":"A","date":"2018-04-27T05:26:17.000Z","volume":900000,"label":" ","price":0.53},{"type":"B","date":"2018-04-27T05:27:51.000Z","volume":250000,"label":" ","price":0.53},{"type":"B","date":"2018-04-27T05:38:31.000Z","volume":50000,"label":" ","price":0.53},{"type":"A","date":"2018-04-27T05:41:40.000Z","volume":40000,"label":" ","price":0.54},{"type":"A","date":"2018-04-27T05:45:40.000Z","volume":30000,"label":" ","price":0.54},{"type":"B","date":"2018-04-27T05:51:13.000Z","volume":580000,"label":" ","price":0.53},{"type":"B","date":"2018-04-27T05:51:15.000Z","volume":180000,"label":" ","price":0.52},{"type":"A","date":"2018-04-27T06:01:40.000Z","volume":30000,"label":" ","price":0.53},{"type":"B","date":"2018-04-27T06:01:42.000Z","volume":10000,"label":" ","price":0.52},{"type":"A","date":"2018-04-27T06:01:56.000Z","volume":10000,"label":" ","price":0.53},{"type":"B","date":"2018-04-27T06:01:58.000Z","volume":10000,"label":" ","price":0.52},{"type":"A","date":"2018-04-27T06:03:59.000Z","volume":30000,"label":" ","price":0.53},{"type":"B","date":"2018-04-27T06:03:59.000Z","volume":10000,"label":" ","price":0.52},{"type":"A","date":"2018-04-27T06:07:35.000Z","volume":40000,"label":" ","price":0.53},{"type":"B","date":"2018-04-27T06:07:35.000Z","volume":10000,"label":" ","price":0.52},{"type":"A","date":"2018-04-27T06:11:26.000Z","volume":30000,"label":" ","price":0.53},{"type":"B","date":"2018-04-27T06:11:26.000Z","volume":20000,"label":" ","price":0.52},{"type":"A","date":"2018-04-27T06:13:13.000Z","volume":10000,"label":" ","price":0.53},{"type":"A","date":"2018-04-27T06:13:35.000Z","volume":20000,"label":" ","price":0.53},{"type":"B","date":"2018-04-27T06:13:35.000Z","volume":10000,"label":" ","price":0.52},{"type":"A","date":"2018-04-27T06:14:56.000Z","volume":10000,"label":" ","price":0.53},{"type":"A","date":"2018-04-27T06:16:53.000Z","volume":10000,"label":" ","price":0.53},{"type":"A","date":"2018-04-27T06:16:56.000Z","volume":20000,"label":" ","price":0.53},{"type":"A","date":"2018-04-27T06:17:00.000Z","volume":30000,"label":" ","price":0.53},{"type":"A","date":"2018-04-27T06:17:05.000Z","volume":40000,"label":" ","price":0.53},{"type":"A","date":"2018-04-27T06:17:05.000Z","volume":10000,"label":" ","price":0.53},{"type":"A","date":"2018-04-27T06:20:13.000Z","volume":10000,"label":" ","price":0.53},{"type":"A","date":"2018-04-27T06:20:35.000Z","volume":40000,"label":" ","price":0.53},{"type":"A","date":"2018-04-27T06:22:53.000Z","volume":10000,"label":" ","price":0.53},{"type":"A","date":"2018-04-27T06:25:33.000Z","volume":10000,"label":" ","price":0.53},{"type":"A","date":"2018-04-27T06:25:46.000Z","volume":50000,"label":" ","price":0.53},{"type":"A","date":"2018-04-27T06:25:50.000Z","volume":30000,"label":" ","price":0.53},{"type":"A","date":"2018-04-27T06:26:33.000Z","volume":10000,"label":" ","price":0.53},{"type":"A","date":"2018-04-27T06:27:16.000Z","volume":100000,"label":" ","price":0.53},{"type":"A","date":"2018-04-27T06:27:16.000Z","volume":10000,"label":" ","price":0.53},{"type":"A","date":"2018-04-27T06:27:35.000Z","volume":20000,"label":" ","price":0.53},{"type":"A","date":"2018-04-27T06:28:33.000Z","volume":10000,"label":" ","price":0.53},{"type":"A","date":"2018-04-27T06:29:33.000Z","volume":10000,"label":" ","price":0.53},{"type":"A","date":"2018-04-27T06:30:26.000Z","volume":10000,"label":" ","price":0.53},{"type":"A","date":"2018-04-27T06:32:20.000Z","volume":10000,"label":" ","price":0.53},{"type":"A","date":"2018-04-27T06:32:22.000Z","volume":10000,"label":" ","price":0.53},{"type":"A","date":"2018-04-27T06:32:25.000Z","volume":30000,"label":" ","price":0.53},{"type":"A","date":"2018-04-27T06:32:33.000Z","volume":10000,"label":" ","price":0.53},{"type":"A","date":"2018-04-27T06:32:33.000Z","volume":10000,"label":" ","price":0.53},{"type":"B","date":"2018-04-27T06:32:35.000Z","volume":10000,"label":" ","price":0.52},{"type":"A","date":"2018-04-27T06:33:27.000Z","volume":30000,"label":"Y","price":0.53},{"type":"A","date":"2018-04-27T06:33:27.000Z","volume":100000,"label":"Y","price":0.53},{"type":"A","date":"2018-04-27T06:33:27.000Z","volume":50000,"label":" ","price":0.53},{"type":"B","date":"2018-04-27T06:33:27.000Z","volume":10000,"label":" ","price":0.52},{"type":"B","date":"2018-04-27T06:33:29.000Z","volume":10000,"label":" ","price":0.52},{"type":"A","date":"2018-04-27T06:35:13.000Z","volume":10000,"label":" ","price":0.53},{"type":"B","date":"2018-04-27T06:35:13.000Z","volume":10000,"label":" ","price":0.52},{"type":"A","date":"2018-04-27T06:36:16.000Z","volume":10000,"label":" ","price":0.53},{"type":"A","date":"2018-04-27T06:36:40.000Z","volume":20000,"label":" ","price":0.53},{"type":"B","date":"2018-04-27T06:36:40.000Z","volume":10000,"label":" ","price":0.52},{"type":"A","date":"2018-04-27T06:36:49.000Z","volume":10000,"label":" ","price":0.53},{"type":"A","date":"2018-04-27T06:36:53.000Z","volume":10000,"label":" ","price":0.53},{"type":"A","date":"2018-04-27T06:37:45.000Z","volume":30000,"label":" ","price":0.53},{"type":"B","date":"2018-04-27T06:37:47.000Z","volume":20000,"label":" ","price":0.52},{"type":"A","date":"2018-04-27T06:38:33.000Z","volume":10000,"label":" ","price":0.53},{"type":"A","date":"2018-04-27T06:39:38.000Z","volume":40000,"label":" ","price":0.53},{"type":"B","date":"2018-04-27T06:39:40.000Z","volume":10000,"label":" ","price":0.52},{"type":"A","date":"2018-04-27T06:39:53.000Z","volume":10000,"label":" ","price":0.53},{"type":"B","date":"2018-04-27T06:39:53.000Z","volume":10000,"label":" ","price":0.52},{"type":"A","date":"2018-04-27T06:40:33.000Z","volume":500000,"label":" ","price":0.53},{"type":"B","date":"2018-04-27T06:40:33.000Z","volume":10000,"label":" ","price":0.52},{"type":"B","date":"2018-04-27T06:40:33.000Z","volume":50000,"label":"Y","price":0.53},{"type":"B","date":"2018-04-27T06:42:28.000Z","volume":30000,"label":" ","price":0.53},{"type":"B","date":"2018-04-27T06:42:35.000Z","volume":20000,"label":" ","price":0.53},{"type":"B","date":"2018-04-27T06:42:35.000Z","volume":30000,"label":" ","price":0.52},{"type":"B","date":"2018-04-27T06:42:37.000Z","volume":20000,"label":" ","price":0.52},{"type":"A","date":"2018-04-27T06:43:35.000Z","volume":40000,"label":" ","price":0.53},{"type":"B","date":"2018-04-27T06:43:37.000Z","volume":10000,"label":" ","price":0.52},{"type":"A","date":"2018-04-27T06:45:57.000Z","volume":10000,"label":" ","price":0.53},{"type":"A","date":"2018-04-27T06:50:10.000Z","volume":30000,"label":" ","price":0.53},{"type":"B","date":"2018-04-27T06:50:12.000Z","volume":20000,"label":" ","price":0.52},{"type":"A","date":"2018-04-27T06:50:12.000Z","volume":10000,"label":" ","price":0.53},{"type":"A","date":"2018-04-27T06:54:08.000Z","volume":50000,"label":" ","price":0.53},{"type":"B","date":"2018-04-27T06:54:08.000Z","volume":20000,"label":" ","price":0.52},{"type":"A","date":"2018-04-27T06:54:10.000Z","volume":10000,"label":" ","price":0.53},{"type":"A","date":"2018-04-27T06:54:16.000Z","volume":20000,"label":" ","price":0.53},{"type":"B","date":"2018-04-27T06:54:16.000Z","volume":10000,"label":" ","price":0.52},{"type":"A","date":"2018-04-27T06:55:05.000Z","volume":200000,"label":" ","price":0.53},{"type":"B","date":"2018-04-27T06:59:50.000Z","volume":500000,"label":" ","price":0.53},{"type":"B","date":"2018-04-27T06:59:51.000Z","volume":90000,"label":" ","price":0.53},{"type":"B","date":"2018-04-27T06:59:53.000Z","volume":90000,"label":" ","price":0.52},{"type":"A","date":"2018-04-27T07:01:27.000Z","volume":10000,"label":" ","price":0.53},{"type":"A","date":"2018-04-27T07:05:47.000Z","volume":50000,"label":" ","price":0.53},{"type":"B","date":"2018-04-27T07:05:47.000Z","volume":20000,"label":" ","price":0.52},{"type":"A","date":"2018-04-27T07:10:29.000Z","volume":10000,"label":" ","price":0.53},{"type":"A","date":"2018-04-27T07:11:05.000Z","volume":30000,"label":" ","price":0.53},{"type":"B","date":"2018-04-27T07:11:07.000Z","volume":10000,"label":" ","price":0.52},{"type":"A","date":"2018-04-27T07:11:07.000Z","volume":10000,"label":" ","price":0.53},{"type":"B","date":"2018-04-27T07:11:09.000Z","volume":10000,"label":" ","price":0.52},{"type":"A","date":"2018-04-27T07:11:29.000Z","volume":10000,"label":" ","price":0.53},{"type":"A","date":"2018-04-27T07:12:49.000Z","volume":10000,"label":" ","price":0.53},{"type":"A","date":"2018-04-27T07:13:41.000Z","volume":30000,"label":" ","price":0.53},{"type":"B","date":"2018-04-27T07:13:41.000Z","volume":10000,"label":" ","price":0.52},{"type":"A","date":"2018-04-27T07:14:09.000Z","volume":10000,"label":" ","price":0.53},{"type":"B","date":"2018-04-27T07:14:09.000Z","volume":10000,"label":" ","price":0.52},{"type":"A","date":"2018-04-27T07:15:09.000Z","volume":10000,"label":" ","price":0.53},{"type":"A","date":"2018-04-27T07:17:00.000Z","volume":30000,"label":" ","price":0.53},{"type":"B","date":"2018-04-27T07:17:02.000Z","volume":10000,"label":" ","price":0.52},{"type":"A","date":"2018-04-27T07:17:29.000Z","volume":10000,"label":" ","price":0.53},{"type":"B","date":"2018-04-27T07:17:29.000Z","volume":10000,"label":" ","price":0.52},{"type":"A","date":"2018-04-27T07:17:45.000Z","volume":20000,"label":" ","price":0.53},{"type":"A","date":"2018-04-27T07:18:58.000Z","volume":10000,"label":" ","price":0.53},{"type":"B","date":"2018-04-27T07:19:00.000Z","volume":10000,"label":" ","price":0.52},{"type":"A","date":"2018-04-27T07:19:49.000Z","volume":10000,"label":" ","price":0.53},{"type":"A","date":"2018-04-27T07:21:09.000Z","volume":10000,"label":" ","price":0.53},{"type":"A","date":"2018-04-27T07:21:49.000Z","volume":10000,"label":" ","price":0.53},{"type":"A","date":"2018-04-27T07:22:05.000Z","volume":40000,"label":" ","price":0.53},{"type":"A","date":"2018-04-27T07:22:10.000Z","volume":40000,"label":" ","price":0.53},{"type":"A","date":"2018-04-27T07:22:29.000Z","volume":10000,"label":" ","price":0.53},{"type":"A","date":"2018-04-27T07:23:11.000Z","volume":10000,"label":" ","price":0.53},{"type":"A","date":"2018-04-27T07:23:29.000Z","volume":10000,"label":" ","price":0.53},{"type":"A","date":"2018-04-27T07:24:29.000Z","volume":10000,"label":" ","price":0.53},{"type":"A","date":"2018-04-27T07:25:29.000Z","volume":10000,"label":" ","price":0.53},{"type":"A","date":"2018-04-27T07:25:50.000Z","volume":40000,"label":" ","price":0.53},{"type":"A","date":"2018-04-27T07:26:49.000Z","volume":10000,"label":" ","price":0.53},{"type":"A","date":"2018-04-27T07:27:41.000Z","volume":30000,"label":" ","price":0.53},{"type":"A","date":"2018-04-27T07:27:44.000Z","volume":10000,"label":" ","price":0.53},{"type":"A","date":"2018-04-27T07:28:09.000Z","volume":10000,"label":" ","price":0.53},{"type":"A","date":"2018-04-27T07:29:09.000Z","volume":10000,"label":" ","price":0.53},{"type":"A","date":"2018-04-27T07:29:32.000Z","volume":10000,"label":"Y","price":0.53},{"type":"A","date":"2018-04-27T07:29:32.000Z","volume":10000,"label":" ","price":0.53},{"type":"A","date":"2018-04-27T07:30:06.000Z","volume":90000,"label":"Y","price":0.53},{"type":"B","date":"2018-04-27T07:30:06.000Z","volume":10000,"label":" ","price":0.52},{"type":"A","date":"2018-04-27T07:30:09.000Z","volume":10000,"label":" ","price":0.53},{"type":"B","date":"2018-04-27T07:30:10.000Z","volume":10000,"label":" ","price":0.52},{"type":"A","date":"2018-04-27T07:30:28.000Z","volume":10000,"label":" ","price":0.53},{"type":"A","date":"2018-04-27T07:31:10.000Z","volume":40000,"label":" ","price":0.53},{"type":"A","date":"2018-04-27T07:31:11.000Z","volume":70000,"label":" ","price":0.53},{"type":"A","date":"2018-04-27T07:31:25.000Z","volume":10000,"label":" ","price":0.53},{"type":"A","date":"2018-04-27T07:31:25.000Z","volume":10000,"label":" ","price":0.53},{"type":"A","date":"2018-04-27T07:33:09.000Z","volume":10000,"label":" ","price":0.53},{"type":"A","date":"2018-04-27T07:33:30.000Z","volume":10000,"label":" ","price":0.53},{"type":"A","date":"2018-04-27T07:34:49.000Z","volume":10000,"label":" ","price":0.53},{"type":"B","date":"2018-04-27T07:34:49.000Z","volume":10000,"label":" ","price":0.52},{"type":"A","date":"2018-04-27T07:35:35.000Z","volume":300000,"label":" ","price":0.53},{"type":"A","date":"2018-04-27T07:35:35.000Z","volume":10000,"label":" ","price":0.53},{"type":"A","date":"2018-04-27T07:36:32.000Z","volume":10000,"label":" ","price":0.53},{"type":"B","date":"2018-04-27T07:39:43.000Z","volume":10000,"label":" ","price":0.53},{"type":"B","date":"2018-04-27T07:40:12.000Z","volume":70000,"label":"Y","price":0.53},{"type":"B","date":"2018-04-27T07:40:12.000Z","volume":260000,"label":" ","price":0.53},{"type":"B","date":"2018-04-27T07:40:13.000Z","volume":120000,"label":" ","price":0.52},{"type":"A","date":"2018-04-27T07:46:31.000Z","volume":10000,"label":" ","price":0.53},{"type":"A","date":"2018-04-27T07:49:09.000Z","volume":10000,"label":" ","price":0.53},{"type":"A","date":"2018-04-27T07:49:49.000Z","volume":10000,"label":" ","price":0.53},{"type":"B","date":"2018-04-27T07:49:49.000Z","volume":10000,"label":" ","price":0.52},{"type":"B","date":"2018-04-27T07:50:20.000Z","volume":50000,"label":"Y","price":0.52},{"type":"B","date":"2018-04-27T07:50:20.000Z","volume":20000,"label":" ","price":0.52},{"type":"A","date":"2018-04-27T07:50:29.000Z","volume":10000,"label":" ","price":0.53},{"type":"A","date":"2018-04-27T07:51:09.000Z","volume":10000,"label":" ","price":0.53},{"type":"A","date":"2018-04-27T07:51:17.000Z","volume":10000,"label":" ","price":0.53},{"type":"B","date":"2018-04-27T07:51:19.000Z","volume":10000,"label":" ","price":0.52},{"type":"A","date":"2018-04-27T07:51:49.000Z","volume":10000,"label":" ","price":0.53},{"type":"A","date":"2018-04-27T07:52:09.000Z","volume":10000,"label":" ","price":0.53},{"type":"B","date":"2018-04-27T07:52:09.000Z","volume":10000,"label":" ","price":0.52},{"type":"A","date":"2018-04-27T07:52:35.000Z","volume":60000,"label":" ","price":0.53},{"type":"B","date":"2018-04-27T07:52:37.000Z","volume":20000,"label":" ","price":0.52},{"type":"A","date":"2018-04-27T07:52:49.000Z","volume":10000,"label":" ","price":0.53},{"type":"A","date":"2018-04-27T07:53:09.000Z","volume":10000,"label":" ","price":0.53},{"type":"B","date":"2018-04-27T07:53:09.000Z","volume":10000,"label":" ","price":0.52},{"type":"A","date":"2018-04-27T07:53:29.000Z","volume":10000,"label":" ","price":0.53},{"type":"A","date":"2018-04-27T07:53:49.000Z","volume":10000,"label":" ","price":0.53},{"type":"A","date":"2018-04-27T07:54:29.000Z","volume":10000,"label":" ","price":0.53},{"type":"A","date":"2018-04-27T07:54:49.000Z","volume":10000,"label":" ","price":0.53},{"type":"A","date":"2018-04-27T07:54:50.000Z","volume":60000,"label":" ","price":0.53},{"type":"A","date":"2018-04-27T07:55:00.000Z","volume":60000,"label":" ","price":0.53},{"type":"A","date":"2018-04-27T07:55:09.000Z","volume":10000,"label":" ","price":0.53},{"type":"A","date":"2018-04-27T07:55:25.000Z","volume":20000,"label":" ","price":0.53},{"type":"A","date":"2018-04-27T07:55:29.000Z","volume":10000,"label":" ","price":0.53},{"type":"A","date":"2018-04-27T07:55:29.000Z","volume":10000,"label":" ","price":0.53},{"type":"A","date":"2018-04-27T07:55:49.000Z","volume":20000,"label":" ","price":0.53},{"type":"A","date":"2018-04-27T07:56:09.000Z","volume":10000,"label":" ","price":0.53},{"type":"A","date":"2018-04-27T07:56:29.000Z","volume":10000,"label":" ","price":0.53},{"type":"B","date":"2018-04-27T07:56:29.000Z","volume":10000,"label":" ","price":0.52},{"type":"A","date":"2018-04-27T07:56:49.000Z","volume":10000,"label":" ","price":0.53},{"type":"A","date":"2018-04-27T07:57:09.000Z","volume":10000,"label":" ","price":0.53},{"type":"A","date":"2018-04-27T07:57:13.000Z","volume":20000,"label":" ","price":0.53},{"type":"B","date":"2018-04-27T07:57:13.000Z","volume":10000,"label":" ","price":0.52},{"type":"A","date":"2018-04-27T07:57:29.000Z","volume":20000,"label":" ","price":0.53},{"type":"B","date":"2018-04-27T07:57:31.000Z","volume":10000,"label":" ","price":0.52},{"type":"A","date":"2018-04-27T07:57:33.000Z","volume":370000,"label":" ","price":0.53},{"type":"B","date":"2018-04-27T07:57:52.000Z","volume":230000,"label":" ","price":0.53},{"type":"B","date":"2018-04-27T07:57:54.000Z","volume":70000,"label":" ","price":0.52},{"type":"A","date":"2018-04-27T07:58:55.000Z","volume":10000,"label":" ","price":0.53},{"type":"A","date":"2018-04-27T07:59:08.000Z","volume":20000,"label":" ","price":0.53},{"type":"B","date":"2018-04-27T07:59:10.000Z","volume":10000,"label":" ","price":0.52},{"type":"A","date":"2018-04-27T07:59:13.000Z","volume":380000,"label":" ","price":0.53},{"type":"A","date":"2018-04-27T07:59:14.000Z","volume":10000,"label":" ","price":0.53},{"type":"A","date":"2018-04-27T07:59:18.000Z","volume":10000,"label":" ","price":0.53},{"type":"A","date":"2018-04-27T07:59:22.000Z","volume":10000,"label":" ","price":0.53},{"type":"A","date":"2018-04-27T07:59:28.000Z","volume":170000,"label":"Y","price":0.53},{"type":"A","date":"2018-04-27T07:59:28.000Z","volume":40000,"label":" ","price":0.53},{"type":"A","date":"2018-04-27T07:59:29.000Z","volume":10000,"label":" ","price":0.53},{"type":"B","date":"2018-04-27T07:59:29.000Z","volume":10000,"label":" ","price":0.52}]