[{"type":"U","date":"2018-04-06T01:20:00.000Z","volume":8000,"label":"U","price":0.88},{"type":"A","date":"2018-04-06T01:30:24.000Z","volume":32000,"label":" ","price":0.88},{"type":"A","date":"2018-04-06T01:32:06.000Z","volume":104000,"label":" ","price":0.88},{"type":"A","date":"2018-04-06T01:34:04.000Z","volume":12000,"label":" ","price":0.89},{"type":"A","date":"2018-04-06T01:42:04.000Z","volume":8000,"label":" ","price":0.9},{"type":"A","date":"2018-04-06T01:44:03.000Z","volume":4000,"label":" ","price":0.9},{"type":"A","date":"2018-04-06T01:44:19.000Z","volume":8000,"label":" ","price":0.9},{"type":"A","date":"2018-04-06T01:46:34.000Z","volume":8000,"label":" ","price":0.9},{"type":"A","date":"2018-04-06T01:47:49.000Z","volume":8000,"label":" ","price":0.9},{"type":"A","date":"2018-04-06T01:49:04.000Z","volume":8000,"label":" ","price":0.9},{"type":"A","date":"2018-04-06T01:50:04.000Z","volume":4000,"label":" ","price":0.9},{"type":"A","date":"2018-04-06T01:50:04.000Z","volume":4000,"label":" ","price":0.9},{"type":"A","date":"2018-04-06T01:50:04.000Z","volume":4000,"label":" ","price":0.9},{"type":"U","date":"2018-04-06T01:50:10.000Z","volume":12000,"label":" ","price":0.9},{"type":"A","date":"2018-04-06T01:59:04.000Z","volume":8000,"label":" ","price":0.91},{"type":"A","date":"2018-04-06T02:03:34.000Z","volume":8000,"label":" ","price":0.91},{"type":"A","date":"2018-04-06T02:06:49.000Z","volume":8000,"label":" ","price":0.91},{"type":"A","date":"2018-04-06T02:08:34.000Z","volume":8000,"label":" ","price":0.91},{"type":"A","date":"2018-04-06T02:17:19.000Z","volume":8000,"label":" ","price":0.91},{"type":"A","date":"2018-04-06T02:19:19.000Z","volume":8000,"label":" ","price":0.91},{"type":"A","date":"2018-04-06T02:21:49.000Z","volume":8000,"label":" ","price":0.91},{"type":"A","date":"2018-04-06T02:24:49.000Z","volume":8000,"label":" ","price":0.91},{"type":"A","date":"2018-04-06T02:29:49.000Z","volume":8000,"label":" ","price":0.91},{"type":"A","date":"2018-04-06T02:31:19.000Z","volume":8000,"label":" ","price":0.91},{"type":"A","date":"2018-04-06T02:33:04.000Z","volume":8000,"label":" ","price":0.91},{"type":"A","date":"2018-04-06T02:37:49.000Z","volume":12000,"label":" ","price":0.91},{"type":"B","date":"2018-04-06T02:43:29.000Z","volume":16000,"label":" ","price":0.89},{"type":"A","date":"2018-04-06T02:43:49.000Z","volume":8000,"label":" ","price":0.9},{"type":"A","date":"2018-04-06T02:43:49.000Z","volume":8000,"label":" ","price":0.9},{"type":"A","date":"2018-04-06T02:51:19.000Z","volume":8000,"label":" ","price":0.9},{"type":"A","date":"2018-04-06T02:51:19.000Z","volume":8000,"label":" ","price":0.9},{"type":"A","date":"2018-04-06T02:56:19.000Z","volume":8000,"label":" ","price":0.9},{"type":"A","date":"2018-04-06T02:57:32.000Z","volume":100000,"label":" ","price":0.9},{"type":"A","date":"2018-04-06T02:58:34.000Z","volume":8000,"label":" ","price":0.9},{"type":"A","date":"2018-04-06T03:00:26.000Z","volume":8000,"label":" ","price":0.9},{"type":"A","date":"2018-04-06T03:00:43.000Z","volume":8000,"label":" ","price":0.9},{"type":"A","date":"2018-04-06T03:07:04.000Z","volume":8000,"label":" ","price":0.9},{"type":"A","date":"2018-04-06T03:07:04.000Z","volume":8000,"label":" ","price":0.9},{"type":"A","date":"2018-04-06T03:07:04.000Z","volume":8000,"label":" ","price":0.9},{"type":"A","date":"2018-04-06T03:07:47.000Z","volume":8000,"label":" ","price":0.9},{"type":"A","date":"2018-04-06T03:19:19.000Z","volume":8000,"label":" ","price":0.9},{"type":"A","date":"2018-04-06T03:19:19.000Z","volume":4000,"label":" ","price":0.9},{"type":"A","date":"2018-04-06T03:19:19.000Z","volume":8000,"label":" ","price":0.9},{"type":"A","date":"2018-04-06T03:19:19.000Z","volume":8000,"label":" ","price":0.9},{"type":"B","date":"2018-04-06T03:19:20.000Z","volume":4000,"label":" ","price":0.89},{"type":"A","date":"2018-04-06T03:23:36.000Z","volume":8000,"label":" ","price":0.9},{"type":"A","date":"2018-04-06T03:28:34.000Z","volume":8000,"label":" ","price":0.9},{"type":"A","date":"2018-04-06T03:28:34.000Z","volume":8000,"label":" ","price":0.9},{"type":"A","date":"2018-04-06T03:28:34.000Z","volume":8000,"label":" ","price":0.9},{"type":"B","date":"2018-04-06T03:36:23.000Z","volume":4000,"label":" ","price":0.89},{"type":"A","date":"2018-04-06T03:41:04.000Z","volume":8000,"label":" ","price":0.9},{"type":"A","date":"2018-04-06T03:41:04.000Z","volume":8000,"label":" ","price":0.9},{"type":"A","date":"2018-04-06T03:45:34.000Z","volume":8000,"label":" ","price":0.9},{"type":"A","date":"2018-04-06T03:48:34.000Z","volume":4000,"label":" ","price":0.9},{"type":"A","date":"2018-04-06T03:48:34.000Z","volume":4000,"label":" ","price":0.9},{"type":"B","date":"2018-04-06T03:49:15.000Z","volume":20000,"label":" ","price":0.89},{"type":"A","date":"2018-04-06T03:52:34.000Z","volume":4000,"label":" ","price":0.9},{"type":"A","date":"2018-04-06T03:52:34.000Z","volume":8000,"label":" ","price":0.9},{"type":"A","date":"2018-04-06T03:55:19.000Z","volume":8000,"label":" ","price":0.9},{"type":"B","date":"2018-04-06T05:00:29.000Z","volume":176000,"label":" ","price":0.89},{"type":"B","date":"2018-04-06T05:00:29.000Z","volume":16000,"label":"Y","price":0.88},{"type":"B","date":"2018-04-06T05:00:29.000Z","volume":8000,"label":" ","price":0.88},{"type":"A","date":"2018-04-06T05:04:17.000Z","volume":4000,"label":" ","price":0.9},{"type":"A","date":"2018-04-06T05:04:47.000Z","volume":4000,"label":" ","price":0.9},{"type":"A","date":"2018-04-06T05:21:17.000Z","volume":8000,"label":" ","price":0.9},{"type":"A","date":"2018-04-06T05:21:17.000Z","volume":8000,"label":" ","price":0.9},{"type":"A","date":"2018-04-06T05:25:47.000Z","volume":8000,"label":" ","price":0.9},{"type":"A","date":"2018-04-06T05:25:47.000Z","volume":8000,"label":" ","price":0.9},{"type":"B","date":"2018-04-06T05:28:18.000Z","volume":96000,"label":" ","price":0.89},{"type":"B","date":"2018-04-06T05:29:26.000Z","volume":168000,"label":" ","price":0.88},{"type":"B","date":"2018-04-06T05:29:26.000Z","volume":12000,"label":" ","price":0.88},{"type":"A","date":"2018-04-06T05:47:32.000Z","volume":8000,"label":" ","price":0.89},{"type":"A","date":"2018-04-06T05:47:32.000Z","volume":8000,"label":" ","price":0.89},{"type":"A","date":"2018-04-06T05:56:32.000Z","volume":8000,"label":" ","price":0.89},{"type":"A","date":"2018-04-06T05:56:32.000Z","volume":8000,"label":" ","price":0.89},{"type":"A","date":"2018-04-06T05:56:32.000Z","volume":8000,"label":" ","price":0.89},{"type":"A","date":"2018-04-06T06:08:41.000Z","volume":12000,"label":" ","price":0.89},{"type":"A","date":"2018-04-06T06:17:02.000Z","volume":8000,"label":" ","price":0.89},{"type":"A","date":"2018-04-06T06:17:02.000Z","volume":8000,"label":" ","price":0.89},{"type":"A","date":"2018-04-06T06:17:02.000Z","volume":8000,"label":" ","price":0.89},{"type":"A","date":"2018-04-06T06:17:02.000Z","volume":8000,"label":" ","price":0.89},{"type":"B","date":"2018-04-06T06:17:13.000Z","volume":4000,"label":" ","price":0.88},{"type":"A","date":"2018-04-06T06:28:02.000Z","volume":8000,"label":" ","price":0.89},{"type":"A","date":"2018-04-06T06:28:02.000Z","volume":8000,"label":" ","price":0.89},{"type":"A","date":"2018-04-06T06:38:08.000Z","volume":40000,"label":" ","price":0.89},{"type":"A","date":"2018-04-06T06:39:02.000Z","volume":8000,"label":" ","price":0.89},{"type":"A","date":"2018-04-06T06:39:02.000Z","volume":8000,"label":" ","price":0.89},{"type":"A","date":"2018-04-06T06:40:47.000Z","volume":20000,"label":" ","price":0.89},{"type":"A","date":"2018-04-06T06:41:06.000Z","volume":12000,"label":" ","price":0.89},{"type":"A","date":"2018-04-06T06:41:07.000Z","volume":16000,"label":" ","price":0.89},{"type":"A","date":"2018-04-06T06:41:13.000Z","volume":4000,"label":" ","price":0.89},{"type":"A","date":"2018-04-06T06:48:45.000Z","volume":4000,"label":" ","price":0.89},{"type":"A","date":"2018-04-06T06:52:45.000Z","volume":8000,"label":" ","price":0.89},{"type":"A","date":"2018-04-06T06:54:17.000Z","volume":8000,"label":" ","price":0.89},{"type":"A","date":"2018-04-06T06:54:17.000Z","volume":8000,"label":" ","price":0.89},{"type":"A","date":"2018-04-06T07:01:32.000Z","volume":8000,"label":" ","price":0.89},{"type":"A","date":"2018-04-06T07:01:32.000Z","volume":8000,"label":" ","price":0.89},{"type":"A","date":"2018-04-06T07:13:02.000Z","volume":8000,"label":" ","price":0.89},{"type":"A","date":"2018-04-06T07:16:41.000Z","volume":8000,"label":" ","price":0.89},{"type":"A","date":"2018-04-06T07:20:02.000Z","volume":8000,"label":" ","price":0.89},{"type":"A","date":"2018-04-06T07:20:02.000Z","volume":8000,"label":" ","price":0.89},{"type":"B","date":"2018-04-06T07:26:16.000Z","volume":92000,"label":" ","price":0.88},{"type":"A","date":"2018-04-06T07:32:25.000Z","volume":80000,"label":" ","price":0.88},{"type":"A","date":"2018-04-06T07:40:17.000Z","volume":4000,"label":" ","price":0.88},{"type":"A","date":"2018-04-06T07:40:17.000Z","volume":4000,"label":" ","price":0.88},{"type":"A","date":"2018-04-06T07:40:17.000Z","volume":8000,"label":" ","price":0.88},{"type":"A","date":"2018-04-06T07:40:17.000Z","volume":4000,"label":" ","price":0.88},{"type":"A","date":"2018-04-06T07:40:17.000Z","volume":4000,"label":" ","price":0.88},{"type":"A","date":"2018-04-06T07:40:17.000Z","volume":8000,"label":" ","price":0.88},{"type":"B","date":"2018-04-06T07:40:17.000Z","volume":4000,"label":" ","price":0.88},{"type":"B","date":"2018-04-06T07:51:57.000Z","volume":4000,"label":" ","price":0.87},{"type":"A","date":"2018-04-06T07:55:17.000Z","volume":4000,"label":" ","price":0.88},{"type":"A","date":"2018-04-06T07:56:32.000Z","volume":4000,"label":" ","price":0.88},{"type":"A","date":"2018-04-06T07:56:32.000Z","volume":4000,"label":" ","price":0.88},{"type":"A","date":"2018-04-06T07:57:02.000Z","volume":4000,"label":" ","price":0.88},{"type":"A","date":"2018-04-06T07:58:21.000Z","volume":4000,"label":" ","price":0.88}]