[{"type":"B","date":"2018-03-29T01:45:31.000Z","volume":120000,"label":" ","price":0.181},{"type":"B","date":"2018-03-29T01:49:29.000Z","volume":180000,"label":" ","price":0.182},{"type":"B","date":"2018-03-29T01:55:41.000Z","volume":100000,"label":" ","price":0.183},{"type":"B","date":"2018-03-29T01:57:23.000Z","volume":8000,"label":" ","price":0.183},{"type":"B","date":"2018-03-29T01:57:23.000Z","volume":152000,"label":" ","price":0.182},{"type":"B","date":"2018-03-29T01:57:56.000Z","volume":140000,"label":" ","price":0.182},{"type":"A","date":"2018-03-29T02:06:00.000Z","volume":80000,"label":" ","price":0.185},{"type":"A","date":"2018-03-29T02:06:40.000Z","volume":104000,"label":" ","price":0.186},{"type":"A","date":"2018-03-29T02:07:27.000Z","volume":160000,"label":" ","price":0.186},{"type":"A","date":"2018-03-29T02:08:42.000Z","volume":96000,"label":" ","price":0.186},{"type":"A","date":"2018-03-29T02:09:04.000Z","volume":80000,"label":" ","price":0.187},{"type":"A","date":"2018-03-29T02:10:09.000Z","volume":4000,"label":" ","price":0.187},{"type":"A","date":"2018-03-29T02:10:09.000Z","volume":96000,"label":" ","price":0.188},{"type":"A","date":"2018-03-29T02:12:14.000Z","volume":24000,"label":" ","price":0.188},{"type":"B","date":"2018-03-29T02:12:22.000Z","volume":36000,"label":" ","price":0.188},{"type":"B","date":"2018-03-29T02:12:57.000Z","volume":4000,"label":" ","price":0.186},{"type":"B","date":"2018-03-29T02:12:57.000Z","volume":116000,"label":" ","price":0.185},{"type":"B","date":"2018-03-29T03:04:57.000Z","volume":80000,"label":" ","price":0.186},{"type":"B","date":"2018-03-29T03:06:11.000Z","volume":52000,"label":" ","price":0.185},{"type":"A","date":"2018-03-29T03:09:06.000Z","volume":12000,"label":" ","price":0.185},{"type":"A","date":"2018-03-29T03:09:55.000Z","volume":8000,"label":" ","price":0.186},{"type":"B","date":"2018-03-29T03:13:51.000Z","volume":100000,"label":" ","price":0.185},{"type":"B","date":"2018-03-29T03:14:30.000Z","volume":20000,"label":" ","price":0.184},{"type":"B","date":"2018-03-29T03:14:30.000Z","volume":260000,"label":" ","price":0.183},{"type":"B","date":"2018-03-29T03:18:01.000Z","volume":80000,"label":" ","price":0.184},{"type":"B","date":"2018-03-29T03:23:39.000Z","volume":120000,"label":" ","price":0.184},{"type":"B","date":"2018-03-29T03:24:20.000Z","volume":28000,"label":" ","price":0.184},{"type":"A","date":"2018-03-29T03:24:35.000Z","volume":72000,"label":"Y","price":0.184},{"type":"A","date":"2018-03-29T03:26:50.000Z","volume":12000,"label":" ","price":0.186},{"type":"A","date":"2018-03-29T03:27:18.000Z","volume":4000,"label":" ","price":0.187},{"type":"A","date":"2018-03-29T03:27:18.000Z","volume":316000,"label":" ","price":0.188},{"type":"A","date":"2018-03-29T03:27:42.000Z","volume":184000,"label":" ","price":0.188},{"type":"A","date":"2018-03-29T03:28:40.000Z","volume":300000,"label":" ","price":0.189},{"type":"B","date":"2018-03-29T03:29:07.000Z","volume":120000,"label":" ","price":0.189},{"type":"B","date":"2018-03-29T03:29:32.000Z","volume":128000,"label":" ","price":0.189},{"type":"B","date":"2018-03-29T03:35:03.000Z","volume":12000,"label":" ","price":0.189},{"type":"B","date":"2018-03-29T03:35:03.000Z","volume":156000,"label":" ","price":0.188},{"type":"A","date":"2018-03-29T03:38:11.000Z","volume":40000,"label":" ","price":0.19},{"type":"A","date":"2018-03-29T03:38:11.000Z","volume":96000,"label":" ","price":0.191},{"type":"B","date":"2018-03-29T03:38:50.000Z","volume":60000,"label":" ","price":0.188},{"type":"B","date":"2018-03-29T03:38:50.000Z","volume":20000,"label":" ","price":0.188},{"type":"B","date":"2018-03-29T03:39:17.000Z","volume":160000,"label":" ","price":0.187},{"type":"B","date":"2018-03-29T06:50:28.000Z","volume":200000,"label":"Y","price":0.188},{"type":"B","date":"2018-03-29T06:54:07.000Z","volume":40000,"label":"Y","price":0.188},{"type":"B","date":"2018-03-29T07:04:06.000Z","volume":80000,"label":" ","price":0.188},{"type":"A","date":"2018-03-29T07:09:33.000Z","volume":48000,"label":" ","price":0.19},{"type":"A","date":"2018-03-29T07:11:55.000Z","volume":52000,"label":" ","price":0.19},{"type":"A","date":"2018-03-29T07:13:55.000Z","volume":200000,"label":" ","price":0.191},{"type":"A","date":"2018-03-29T07:15:49.000Z","volume":100000,"label":" ","price":0.191},{"type":"A","date":"2018-03-29T07:16:06.000Z","volume":28000,"label":"Y","price":0.191},{"type":"A","date":"2018-03-29T07:16:30.000Z","volume":128000,"label":" ","price":0.192},{"type":"A","date":"2018-03-29T07:17:00.000Z","volume":116000,"label":" ","price":0.192},{"type":"A","date":"2018-03-29T07:17:04.000Z","volume":420000,"label":" ","price":0.193},{"type":"A","date":"2018-03-29T07:17:25.000Z","volume":220000,"label":" ","price":0.195},{"type":"A","date":"2018-03-29T07:18:04.000Z","volume":172000,"label":" ","price":0.195},{"type":"A","date":"2018-03-29T07:19:07.000Z","volume":32000,"label":" ","price":0.195},{"type":"A","date":"2018-03-29T07:19:34.000Z","volume":28000,"label":" ","price":0.196},{"type":"A","date":"2018-03-29T07:20:14.000Z","volume":44000,"label":" ","price":0.195},{"type":"A","date":"2018-03-29T07:31:44.000Z","volume":280000,"label":" ","price":0.195},{"type":"A","date":"2018-03-29T07:32:46.000Z","volume":32000,"label":" ","price":0.195},{"type":"B","date":"2018-03-29T07:35:16.000Z","volume":300000,"label":" ","price":0.193},{"type":"A","date":"2018-03-29T07:36:10.000Z","volume":88000,"label":" ","price":0.194},{"type":"A","date":"2018-03-29T07:37:22.000Z","volume":80000,"label":" ","price":0.194},{"type":"A","date":"2018-03-29T07:39:39.000Z","volume":40000,"label":" ","price":0.194},{"type":"A","date":"2018-03-29T07:39:39.000Z","volume":92000,"label":" ","price":0.195},{"type":"A","date":"2018-03-29T07:43:19.000Z","volume":80000,"label":" ","price":0.195},{"type":"U","date":"2018-03-29T07:44:36.000Z","volume":1200,"label":"D","price":0.186},{"type":"A","date":"2018-03-29T07:49:01.000Z","volume":120000,"label":"Y","price":0.195},{"type":"A","date":"2018-03-29T07:54:23.000Z","volume":20000,"label":" ","price":0.195},{"type":"B","date":"2018-03-29T07:55:28.000Z","volume":100000,"label":" ","price":0.193},{"type":"A","date":"2018-03-29T07:57:17.000Z","volume":180000,"label":" ","price":0.193},{"type":"A","date":"2018-03-29T07:59:19.000Z","volume":120000,"label":" ","price":0.193},{"type":"B","date":"2018-03-29T07:59:36.000Z","volume":44000,"label":" ","price":0.192},{"type":"B","date":"2018-03-29T07:59:36.000Z","volume":100000,"label":" ","price":0.191},{"type":"B","date":"2018-03-29T07:59:36.000Z","volume":48000,"label":" ","price":0.19},{"type":"B","date":"2018-03-29T07:59:36.000Z","volume":244000,"label":" ","price":0.189},{"type":"B","date":"2018-03-29T07:59:36.000Z","volume":64000,"label":" ","price":0.188},{"type":"A","date":"2018-03-29T07:59:41.000Z","volume":80000,"label":" ","price":0.193}]