[{"type":"A","date":"2018-03-15T07:15:19.000Z","volume":44000,"price":2.02,"category":"ubbull"},{"type":"A","date":"2018-03-15T05:07:25.000Z","volume":44000,"price":2.02,"category":"ubbull"},{"type":"A","date":"2018-03-15T07:58:13.000Z","volume":22000,"price":2.02,"category":"bbull"},{"type":"A","date":"2018-03-15T07:55:47.000Z","volume":30000,"price":2.01,"category":"bbull"},{"type":"A","date":"2018-03-15T07:47:15.000Z","volume":20000,"price":2.02,"category":"bbull"},{"type":"A","date":"2018-03-15T07:45:35.000Z","volume":18000,"price":2.02,"category":"bbull"},{"type":"A","date":"2018-03-15T07:21:35.000Z","volume":18000,"price":2.02,"category":"bbull"},{"type":"A","date":"2018-03-15T07:17:10.000Z","volume":18000,"price":2.02,"category":"bbull"},{"type":"A","date":"2018-03-15T07:07:25.000Z","volume":20000,"price":2.02,"category":"bbull"},{"type":"A","date":"2018-03-15T05:30:30.000Z","volume":20000,"price":2.02,"category":"bbull"},{"type":"A","date":"2018-03-15T05:10:05.000Z","volume":26000,"price":2.02,"category":"bbull"},{"type":"A","date":"2018-03-15T02:49:00.000Z","volume":30000,"price":2.02,"category":"bbull"},{"type":"A","date":"2018-03-15T02:28:08.000Z","volume":18000,"price":2.01,"category":"bbull"},{"type":"A","date":"2018-03-15T01:38:37.000Z","volume":22000,"price":2.01,"category":"bbull"},{"type":"A","date":"2018-03-15T07:59:03.000Z","volume":2000,"price":2.02,"category":"rbull"},{"type":"A","date":"2018-03-15T07:58:54.000Z","volume":2000,"price":2.02,"category":"rbull"},{"type":"A","date":"2018-03-15T07:58:53.000Z","volume":2000,"price":2.02,"category":"rbull"},{"type":"A","date":"2018-03-15T07:58:47.000Z","volume":2000,"price":2.02,"category":"rbull"},{"type":"A","date":"2018-03-15T07:58:43.000Z","volume":2000,"price":2.02,"category":"rbull"},{"type":"A","date":"2018-03-15T07:58:40.000Z","volume":2000,"price":2.02,"category":"rbull"},{"type":"A","date":"2018-03-15T07:58:36.000Z","volume":2000,"price":2.02,"category":"rbull"},{"type":"A","date":"2018-03-15T07:58:32.000Z","volume":2000,"price":2.02,"category":"rbull"},{"type":"A","date":"2018-03-15T07:58:30.000Z","volume":2000,"price":2.02,"category":"rbull"},{"type":"A","date":"2018-03-15T07:58:27.000Z","volume":2000,"price":2.02,"category":"rbull"},{"type":"A","date":"2018-03-15T07:58:20.000Z","volume":2000,"price":2.02,"category":"rbull"},{"type":"A","date":"2018-03-15T07:58:17.000Z","volume":2000,"price":2.02,"category":"rbull"},{"type":"A","date":"2018-03-15T07:58:13.000Z","volume":2000,"price":2.02,"category":"rbull"},{"type":"A","date":"2018-03-15T07:58:09.000Z","volume":2000,"price":2.02,"category":"rbull"},{"type":"A","date":"2018-03-15T07:58:06.000Z","volume":2000,"price":2.02,"category":"rbull"},{"type":"A","date":"2018-03-15T07:58:03.000Z","volume":2000,"price":2.02,"category":"rbull"},{"type":"A","date":"2018-03-15T07:57:57.000Z","volume":2000,"price":2.02,"category":"rbull"},{"type":"A","date":"2018-03-15T07:57:53.000Z","volume":2000,"price":2.02,"category":"rbull"},{"type":"A","date":"2018-03-15T07:57:48.000Z","volume":2000,"price":2.02,"category":"rbull"},{"type":"A","date":"2018-03-15T07:57:45.000Z","volume":2000,"price":2.02,"category":"rbull"},{"type":"A","date":"2018-03-15T07:57:41.000Z","volume":2000,"price":2.02,"category":"rbull"},{"type":"A","date":"2018-03-15T07:57:37.000Z","volume":2000,"price":2.02,"category":"rbull"},{"type":"A","date":"2018-03-15T07:57:34.000Z","volume":2000,"price":2.02,"category":"rbull"},{"type":"A","date":"2018-03-15T07:57:30.000Z","volume":2000,"price":2.02,"category":"rbull"},{"type":"A","date":"2018-03-15T07:57:26.000Z","volume":2000,"price":2.02,"category":"rbull"},{"type":"A","date":"2018-03-15T07:57:21.000Z","volume":2000,"price":2.02,"category":"rbull"},{"type":"A","date":"2018-03-15T07:57:18.000Z","volume":2000,"price":2.02,"category":"rbull"},{"type":"A","date":"2018-03-15T07:57:14.000Z","volume":2000,"price":2.02,"category":"rbull"},{"type":"A","date":"2018-03-15T07:57:10.000Z","volume":2000,"price":2.02,"category":"rbull"},{"type":"A","date":"2018-03-15T07:57:05.000Z","volume":2000,"price":2.02,"category":"rbull"},{"type":"A","date":"2018-03-15T07:57:01.000Z","volume":2000,"price":2.02,"category":"rbull"},{"type":"A","date":"2018-03-15T07:56:58.000Z","volume":2000,"price":2.02,"category":"rbull"},{"type":"A","date":"2018-03-15T07:55:49.000Z","volume":2000,"price":2.02,"category":"rbull"},{"type":"A","date":"2018-03-15T07:54:25.000Z","volume":2000,"price":2.02,"category":"rbull"},{"type":"A","date":"2018-03-15T07:47:36.000Z","volume":2000,"price":2.02,"category":"rbull"},{"type":"A","date":"2018-03-15T07:47:33.000Z","volume":2000,"price":2.02,"category":"rbull"},{"type":"A","date":"2018-03-15T07:47:15.000Z","volume":2000,"price":2.02,"category":"rbull"},{"type":"A","date":"2018-03-15T07:45:37.000Z","volume":2000,"price":2.02,"category":"rbull"},{"type":"A","date":"2018-03-15T07:35:48.000Z","volume":2000,"price":2.02,"category":"rbull"},{"type":"A","date":"2018-03-15T07:33:33.000Z","volume":2000,"price":2.02,"category":"rbull"},{"type":"A","date":"2018-03-15T07:29:17.000Z","volume":2000,"price":2.02,"category":"rbull"},{"type":"A","date":"2018-03-15T07:27:33.000Z","volume":2000,"price":2.02,"category":"rbull"},{"type":"A","date":"2018-03-15T07:21:38.000Z","volume":2000,"price":2.02,"category":"rbull"},{"type":"A","date":"2018-03-15T07:17:11.000Z","volume":2000,"price":2.02,"category":"rbull"},{"type":"A","date":"2018-03-15T07:15:19.000Z","volume":2000,"price":2.02,"category":"rbull"},{"type":"A","date":"2018-03-15T07:14:57.000Z","volume":2000,"price":2.02,"category":"rbull"},{"type":"A","date":"2018-03-15T07:07:58.000Z","volume":2000,"price":2.02,"category":"rbull"},{"type":"A","date":"2018-03-15T07:06:53.000Z","volume":2000,"price":2.02,"category":"rbull"},{"type":"A","date":"2018-03-15T07:01:53.000Z","volume":2000,"price":2.02,"category":"rbull"},{"type":"A","date":"2018-03-15T07:00:55.000Z","volume":2000,"price":2.02,"category":"rbull"},{"type":"A","date":"2018-03-15T06:56:28.000Z","volume":2000,"price":2.02,"category":"rbull"},{"type":"A","date":"2018-03-15T06:55:53.000Z","volume":2000,"price":2.02,"category":"rbull"},{"type":"A","date":"2018-03-15T06:49:54.000Z","volume":2000,"price":2.02,"category":"rbull"},{"type":"A","date":"2018-03-15T06:44:54.000Z","volume":2000,"price":2.02,"category":"rbull"},{"type":"A","date":"2018-03-15T06:39:55.000Z","volume":2000,"price":2.02,"category":"rbull"},{"type":"A","date":"2018-03-15T06:35:25.000Z","volume":2000,"price":2.02,"category":"rbull"},{"type":"A","date":"2018-03-15T06:25:23.000Z","volume":2000,"price":2.02,"category":"rbull"},{"type":"A","date":"2018-03-15T06:04:54.000Z","volume":2000,"price":2.02,"category":"rbull"},{"type":"A","date":"2018-03-15T06:03:55.000Z","volume":2000,"price":2.02,"category":"rbull"},{"type":"A","date":"2018-03-15T05:51:55.000Z","volume":2000,"price":2.02,"category":"rbull"},{"type":"A","date":"2018-03-15T05:43:22.000Z","volume":2000,"price":2.02,"category":"rbull"},{"type":"A","date":"2018-03-15T05:40:25.000Z","volume":2000,"price":2.02,"category":"rbull"},{"type":"A","date":"2018-03-15T05:23:53.000Z","volume":2000,"price":2.02,"category":"rbull"},{"type":"A","date":"2018-03-15T05:20:26.000Z","volume":2000,"price":2.02,"category":"rbull"},{"type":"A","date":"2018-03-15T05:19:52.000Z","volume":2000,"price":2.02,"category":"rbull"},{"type":"A","date":"2018-03-15T05:10:05.000Z","volume":2000,"price":2.02,"category":"rbull"},{"type":"A","date":"2018-03-15T05:10:00.000Z","volume":2000,"price":2.02,"category":"rbull"},{"type":"A","date":"2018-03-15T05:09:28.000Z","volume":2000,"price":2.02,"category":"rbull"},{"type":"A","date":"2018-03-15T05:07:27.000Z","volume":2000,"price":2.02,"category":"rbull"},{"type":"A","date":"2018-03-15T05:02:49.000Z","volume":2000,"price":2.02,"category":"rbull"},{"type":"A","date":"2018-03-15T03:53:45.000Z","volume":2000,"price":2.02,"category":"rbull"},{"type":"A","date":"2018-03-15T03:49:45.000Z","volume":2000,"price":2.02,"category":"rbull"},{"type":"A","date":"2018-03-15T03:33:15.000Z","volume":2000,"price":2.02,"category":"rbull"},{"type":"A","date":"2018-03-15T03:27:23.000Z","volume":2000,"price":2.02,"category":"rbull"},{"type":"A","date":"2018-03-15T03:25:30.000Z","volume":2000,"price":2.02,"category":"rbull"},{"type":"A","date":"2018-03-15T03:19:16.000Z","volume":2000,"price":2.02,"category":"rbull"},{"type":"A","date":"2018-03-15T03:09:14.000Z","volume":2000,"price":2.02,"category":"rbull"},{"type":"A","date":"2018-03-15T03:01:50.000Z","volume":2000,"price":2.02,"category":"rbull"},{"type":"A","date":"2018-03-15T03:01:27.000Z","volume":2000,"price":2.02,"category":"rbull"},{"type":"A","date":"2018-03-15T03:01:24.000Z","volume":2000,"price":2.02,"category":"rbull"},{"type":"A","date":"2018-03-15T02:54:14.000Z","volume":2000,"price":2.02,"category":"rbull"},{"type":"A","date":"2018-03-15T02:51:47.000Z","volume":2000,"price":2.02,"category":"rbull"},{"type":"A","date":"2018-03-15T02:51:25.000Z","volume":2000,"price":2.02,"category":"rbull"},{"type":"A","date":"2018-03-15T02:39:46.000Z","volume":2000,"price":2.01,"category":"rbull"},{"type":"A","date":"2018-03-15T02:34:50.000Z","volume":2000,"price":2.01,"category":"rbull"},{"type":"A","date":"2018-03-15T02:28:08.000Z","volume":2000,"price":2.01,"category":"rbull"},{"type":"A","date":"2018-03-15T02:26:47.000Z","volume":2000,"price":2.01,"category":"rbull"},{"type":"A","date":"2018-03-15T02:21:22.000Z","volume":2000,"price":2.01,"category":"rbull"},{"type":"A","date":"2018-03-15T02:20:12.000Z","volume":2000,"price":2.01,"category":"rbull"},{"type":"A","date":"2018-03-15T02:13:46.000Z","volume":2000,"price":2.01,"category":"rbull"},{"type":"A","date":"2018-03-15T02:01:56.000Z","volume":2000,"price":2.02,"category":"rbull"},{"type":"A","date":"2018-03-15T01:58:00.000Z","volume":2000,"price":2.01,"category":"rbull"},{"type":"A","date":"2018-03-15T01:57:55.000Z","volume":2000,"price":2.01,"category":"rbull"},{"type":"A","date":"2018-03-15T01:57:55.000Z","volume":2000,"price":2.01,"category":"rbull"},{"type":"A","date":"2018-03-15T01:55:51.000Z","volume":2000,"price":2.01,"category":"rbull"},{"type":"A","date":"2018-03-15T01:50:03.000Z","volume":2000,"price":2.01,"category":"rbull"},{"type":"A","date":"2018-03-15T01:38:37.000Z","volume":2000,"price":2.01,"category":"rbull"},{"type":"A","date":"2018-03-15T01:33:16.000Z","volume":2000,"price":2.01,"category":"rbull"},{"type":"A","date":"2018-03-15T01:30:17.000Z","volume":2000,"price":2.02,"category":"rbull"},{"type":"B","date":"2018-03-15T07:55:50.000Z","volume":2000,"price":2.01,"category":"rbear"},{"type":"B","date":"2018-03-15T07:55:07.000Z","volume":2000,"price":2.01,"category":"rbear"},{"type":"B","date":"2018-03-15T07:50:38.000Z","volume":2000,"price":2.01,"category":"rbear"},{"type":"B","date":"2018-03-15T07:50:05.000Z","volume":2000,"price":2.01,"category":"rbear"},{"type":"B","date":"2018-03-15T07:47:17.000Z","volume":2000,"price":2.01,"category":"rbear"},{"type":"B","date":"2018-03-15T07:43:54.000Z","volume":2000,"price":2.01,"category":"rbear"},{"type":"B","date":"2018-03-15T07:36:23.000Z","volume":2000,"price":2.01,"category":"rbear"},{"type":"B","date":"2018-03-15T07:29:56.000Z","volume":2000,"price":2.01,"category":"rbear"},{"type":"B","date":"2018-03-15T07:27:41.000Z","volume":2000,"price":2.01,"category":"rbear"},{"type":"B","date":"2018-03-15T07:22:20.000Z","volume":2000,"price":2.01,"category":"rbear"},{"type":"B","date":"2018-03-15T07:14:58.000Z","volume":2000,"price":2.01,"category":"rbear"},{"type":"B","date":"2018-03-15T07:13:09.000Z","volume":2000,"price":2.01,"category":"rbear"},{"type":"B","date":"2018-03-15T07:04:08.000Z","volume":2000,"price":2.01,"category":"rbear"},{"type":"B","date":"2018-03-15T06:59:12.000Z","volume":2000,"price":2.01,"category":"rbear"},{"type":"B","date":"2018-03-15T06:55:27.000Z","volume":2000,"price":2.01,"category":"rbear"},{"type":"B","date":"2018-03-15T06:46:26.000Z","volume":2000,"price":2.01,"category":"rbear"},{"type":"B","date":"2018-03-15T06:36:23.000Z","volume":2000,"price":2.01,"category":"rbear"},{"type":"B","date":"2018-03-15T06:24:32.000Z","volume":2000,"price":2.01,"category":"rbear"},{"type":"B","date":"2018-03-15T06:11:30.000Z","volume":2000,"price":2.01,"category":"rbear"},{"type":"B","date":"2018-03-15T05:59:49.000Z","volume":2000,"price":2.01,"category":"rbear"},{"type":"B","date":"2018-03-15T05:49:28.000Z","volume":2000,"price":2.01,"category":"rbear"},{"type":"B","date":"2018-03-15T05:38:46.000Z","volume":2000,"price":2.01,"category":"rbear"},{"type":"B","date":"2018-03-15T03:46:22.000Z","volume":2000,"price":2.01,"category":"rbear"},{"type":"B","date":"2018-03-15T03:36:28.000Z","volume":2000,"price":2.01,"category":"rbear"},{"type":"B","date":"2018-03-15T03:29:07.000Z","volume":2000,"price":2.01,"category":"rbear"},{"type":"B","date":"2018-03-15T03:11:13.000Z","volume":2000,"price":2.01,"category":"rbear"},{"type":"B","date":"2018-03-15T03:04:39.000Z","volume":2000,"price":2.01,"category":"rbear"},{"type":"B","date":"2018-03-15T02:55:20.000Z","volume":2000,"price":2.01,"category":"rbear"},{"type":"B","date":"2018-03-15T02:32:55.000Z","volume":2000,"price":2,"category":"rbear"},{"type":"B","date":"2018-03-15T02:27:52.000Z","volume":2000,"price":2,"category":"rbear"},{"type":"B","date":"2018-03-15T02:26:26.000Z","volume":2000,"price":2,"category":"rbear"},{"type":"B","date":"2018-03-15T02:22:57.000Z","volume":2000,"price":2,"category":"rbear"},{"type":"B","date":"2018-03-15T02:21:23.000Z","volume":2000,"price":2,"category":"rbear"},{"type":"B","date":"2018-03-15T02:20:03.000Z","volume":2000,"price":2,"category":"rbear"},{"type":"B","date":"2018-03-15T02:16:35.000Z","volume":2000,"price":2,"category":"rbear"},{"type":"B","date":"2018-03-15T02:16:11.000Z","volume":2000,"price":2,"category":"rbear"},{"type":"B","date":"2018-03-15T02:07:44.000Z","volume":2000,"price":2,"category":"rbear"},{"type":"B","date":"2018-03-15T02:02:08.000Z","volume":2000,"price":2.01,"category":"rbear"},{"type":"B","date":"2018-03-15T01:55:37.000Z","volume":2000,"price":2,"category":"rbear"},{"type":"B","date":"2018-03-15T01:52:03.000Z","volume":2000,"price":2,"category":"rbear"},{"type":"B","date":"2018-03-15T01:39:33.000Z","volume":2000,"price":2,"category":"rbear"},{"type":"B","date":"2018-03-15T01:39:15.000Z","volume":2000,"price":2.01,"category":"rbear"},{"type":"B","date":"2018-03-15T07:55:47.000Z","volume":16000,"price":2.01,"category":"bbear"},{"type":"B","date":"2018-03-15T07:28:18.000Z","volume":20000,"price":2.01,"category":"bbear"},{"type":"B","date":"2018-03-15T06:29:22.000Z","volume":24000,"price":2.01,"category":"bbear"},{"type":"B","date":"2018-03-15T06:26:09.000Z","volume":22000,"price":2.01,"category":"bbear"},{"type":"B","date":"2018-03-15T06:04:33.000Z","volume":16000,"price":2.01,"category":"bbear"},{"type":"B","date":"2018-03-15T05:47:23.000Z","volume":20000,"price":2.01,"category":"bbear"},{"type":"B","date":"2018-03-15T01:39:31.000Z","volume":36000,"price":2.01,"category":"bbear"},{"type":"B","date":"2018-03-15T01:39:29.000Z","volume":16000,"price":2.01,"category":"bbear"},{"type":"B","date":"2018-03-15T01:39:12.000Z","volume":18000,"price":2.01,"category":"bbear"},{"type":"B","date":"2018-03-15T01:38:13.000Z","volume":20000,"price":2,"category":"bbear"},{"type":"B","date":"2018-03-15T07:50:10.000Z","volume":70000,"price":2.01,"category":"ubbear"},{"type":"B","date":"2018-03-15T07:31:44.000Z","volume":100000,"price":2.01,"category":"ubbear"},{"type":"B","date":"2018-03-15T06:24:14.000Z","volume":50000,"price":2.01,"category":"ubbear"},{"type":"B","date":"2018-03-15T06:15:03.000Z","volume":50000,"price":2.01,"category":"ubbear"},{"type":"B","date":"2018-03-15T06:10:39.000Z","volume":50000,"price":2.01,"category":"ubbear"},{"type":"B","date":"2018-03-15T06:04:52.000Z","volume":50000,"price":2.01,"category":"ubbear"},{"type":"B","date":"2018-03-15T05:52:58.000Z","volume":50000,"price":2.01,"category":"ubbear"},{"type":"B","date":"2018-03-15T05:26:24.000Z","volume":100000,"price":2.01,"category":"ubbear"},{"type":"B","date":"2018-03-15T03:51:13.000Z","volume":50000,"price":2.01,"category":"ubbear"},{"type":"B","date":"2018-03-15T03:34:09.000Z","volume":60000,"price":2.01,"category":"ubbear"},{"type":"B","date":"2018-03-15T03:33:12.000Z","volume":42000,"price":2.01,"category":"ubbear"},{"type":"B","date":"2018-03-15T03:33:12.000Z","volume":38000,"price":2.01,"category":"ubbear"},{"type":"B","date":"2018-03-15T02:32:53.000Z","volume":64000,"price":2.01,"category":"ubbear"},{"type":"B","date":"2018-03-15T02:03:22.000Z","volume":62000,"price":2.01,"category":"ubbear"},{"type":"B","date":"2018-03-15T01:33:06.000Z","volume":50000,"price":2,"category":"ubbear"}]