[{"type":"A","date":"2018-04-11T01:30:33.000Z","volume":60000,"label":" ","price":0.405},{"type":"A","date":"2018-04-11T01:33:26.000Z","volume":40000,"label":" ","price":0.405},{"type":"A","date":"2018-04-11T01:33:26.000Z","volume":60000,"label":" ","price":0.41},{"type":"A","date":"2018-04-11T01:33:56.000Z","volume":80000,"label":" ","price":0.41},{"type":"A","date":"2018-04-11T01:35:07.000Z","volume":10000,"label":" ","price":0.41},{"type":"B","date":"2018-04-11T02:14:56.000Z","volume":60000,"label":" ","price":0.395},{"type":"B","date":"2018-04-11T02:39:03.000Z","volume":22000,"label":" ","price":0.395},{"type":"B","date":"2018-04-11T02:41:39.000Z","volume":48000,"label":" ","price":0.395},{"type":"B","date":"2018-04-11T03:19:59.000Z","volume":120000,"label":" ","price":0.39},{"type":"A","date":"2018-04-11T03:25:33.000Z","volume":80000,"label":" ","price":0.39},{"type":"B","date":"2018-04-11T03:36:16.000Z","volume":510000,"label":" ","price":0.385},{"type":"A","date":"2018-04-11T03:36:16.000Z","volume":14000,"label":" ","price":0.385},{"type":"A","date":"2018-04-11T03:36:27.000Z","volume":76000,"label":" ","price":0.385},{"type":"B","date":"2018-04-11T03:41:44.000Z","volume":150000,"label":" ","price":0.38},{"type":"A","date":"2018-04-11T03:42:00.000Z","volume":2000,"label":" ","price":0.38},{"type":"A","date":"2018-04-11T05:09:04.000Z","volume":50000,"label":" ","price":0.39},{"type":"A","date":"2018-04-11T05:13:54.000Z","volume":20000,"label":" ","price":0.39},{"type":"A","date":"2018-04-11T05:15:12.000Z","volume":20000,"label":" ","price":0.39},{"type":"B","date":"2018-04-11T05:35:43.000Z","volume":316000,"label":" ","price":0.385},{"type":"A","date":"2018-04-11T05:49:20.000Z","volume":8000,"label":" ","price":0.385},{"type":"A","date":"2018-04-11T05:49:46.000Z","volume":50000,"label":" ","price":0.385},{"type":"A","date":"2018-04-11T06:09:17.000Z","volume":90000,"label":" ","price":0.385},{"type":"B","date":"2018-04-11T06:12:40.000Z","volume":36000,"label":" ","price":0.38},{"type":"B","date":"2018-04-11T06:35:56.000Z","volume":500000,"label":" ","price":0.38},{"type":"B","date":"2018-04-11T06:36:37.000Z","volume":2000,"label":" ","price":0.38},{"type":"A","date":"2018-04-11T07:08:05.000Z","volume":60000,"label":" ","price":0.39},{"type":"A","date":"2018-04-11T07:12:24.000Z","volume":20000,"label":" ","price":0.39},{"type":"A","date":"2018-04-11T07:58:52.000Z","volume":40000,"label":" ","price":0.39}]