[{"type":"U","date":"2018-04-03T01:02:16.000Z","volume":961,"label":"P","price":11.56},{"type":"U","date":"2018-04-03T01:05:02.000Z","volume":500,"label":"P","price":11.56},{"type":"U","date":"2018-04-03T01:20:00.000Z","volume":1068000,"label":"U","price":11.3},{"type":"B","date":"2018-04-03T01:30:00.000Z","volume":3000,"label":" ","price":11.3},{"type":"A","date":"2018-04-03T01:30:00.000Z","volume":10000,"label":" ","price":11.38},{"type":"A","date":"2018-04-03T01:30:01.000Z","volume":12000,"label":" ","price":11.38},{"type":"A","date":"2018-04-03T01:30:01.000Z","volume":26000,"label":" ","price":11.38},{"type":"A","date":"2018-04-03T01:30:01.000Z","volume":3000,"label":"Y","price":11.38},{"type":"B","date":"2018-04-03T01:30:01.000Z","volume":17000,"label":"Y","price":11.38},{"type":"B","date":"2018-04-03T01:30:01.000Z","volume":47000,"label":" ","price":11.38},{"type":"B","date":"2018-04-03T01:30:01.000Z","volume":2000,"label":"Y","price":11.38},{"type":"B","date":"2018-04-03T01:30:01.000Z","volume":18000,"label":"Y","price":11.38},{"type":"B","date":"2018-04-03T01:30:01.000Z","volume":1000,"label":" ","price":11.38},{"type":"A","date":"2018-04-03T01:30:02.000Z","volume":8000,"label":" ","price":11.38},{"type":"A","date":"2018-04-03T01:30:02.000Z","volume":4000,"label":" ","price":11.38},{"type":"A","date":"2018-04-03T01:30:03.000Z","volume":21000,"label":" ","price":11.38},{"type":"A","date":"2018-04-03T01:30:03.000Z","volume":1000,"label":" ","price":11.38},{"type":"A","date":"2018-04-03T01:30:03.000Z","volume":21000,"label":" ","price":11.38},{"type":"A","date":"2018-04-03T01:30:04.000Z","volume":20000,"label":"Y","price":11.4},{"type":"A","date":"2018-04-03T01:30:04.000Z","volume":2000,"label":" ","price":11.4},{"type":"B","date":"2018-04-03T01:30:04.000Z","volume":8000,"label":" ","price":11.34},{"type":"B","date":"2018-04-03T01:30:04.000Z","volume":7000,"label":" ","price":11.32},{"type":"A","date":"2018-04-03T01:30:05.000Z","volume":7000,"label":" ","price":11.38},{"type":"U","date":"2018-04-03T01:30:05.000Z","volume":41000,"label":"X","price":11.36},{"type":"A","date":"2018-04-03T01:30:05.000Z","volume":5000,"label":" ","price":11.38},{"type":"B","date":"2018-04-03T01:30:05.000Z","volume":7000,"label":" ","price":11.34},{"type":"A","date":"2018-04-03T01:30:05.000Z","volume":11000,"label":" ","price":11.38},{"type":"A","date":"2018-04-03T01:30:06.000Z","volume":5000,"label":" ","price":11.38},{"type":"B","date":"2018-04-03T01:30:06.000Z","volume":16000,"label":" ","price":11.32},{"type":"A","date":"2018-04-03T01:30:06.000Z","volume":8000,"label":" ","price":11.38},{"type":"U","date":"2018-04-03T01:30:06.000Z","volume":6000,"label":" ","price":11.34},{"type":"B","date":"2018-04-03T01:30:06.000Z","volume":1000,"label":" ","price":11.34},{"type":"B","date":"2018-04-03T01:30:06.000Z","volume":3000,"label":" ","price":11.32},{"type":"B","date":"2018-04-03T01:30:07.000Z","volume":6000,"label":" ","price":11.34},{"type":"U","date":"2018-04-03T01:30:08.000Z","volume":5000,"label":"Y","price":11.36},{"type":"A","date":"2018-04-03T01:30:08.000Z","volume":1000,"label":" ","price":11.38},{"type":"A","date":"2018-04-03T01:30:09.000Z","volume":1000,"label":" ","price":11.38},{"type":"A","date":"2018-04-03T01:30:09.000Z","volume":15000,"label":" ","price":11.38},{"type":"A","date":"2018-04-03T01:30:10.000Z","volume":2000,"label":" ","price":11.38},{"type":"B","date":"2018-04-03T01:30:10.000Z","volume":13000,"label":" ","price":11.34},{"type":"A","date":"2018-04-03T01:30:10.000Z","volume":1000,"label":" ","price":11.38},{"type":"B","date":"2018-04-03T01:30:10.000Z","volume":8000,"label":" ","price":11.34},{"type":"B","date":"2018-04-03T01:30:10.000Z","volume":8000,"label":" ","price":11.34},{"type":"A","date":"2018-04-03T01:30:11.000Z","volume":2000,"label":" ","price":11.34},{"type":"B","date":"2018-04-03T01:30:11.000Z","volume":7000,"label":" ","price":11.32},{"type":"A","date":"2018-04-03T01:30:12.000Z","volume":3000,"label":" ","price":11.34},{"type":"A","date":"2018-04-03T01:30:12.000Z","volume":2000,"label":" ","price":11.34},{"type":"B","date":"2018-04-03T01:30:12.000Z","volume":2000,"label":" ","price":11.32},{"type":"B","date":"2018-04-03T01:30:13.000Z","volume":1000,"label":"Y","price":11.32},{"type":"B","date":"2018-04-03T01:30:13.000Z","volume":1000,"label":" ","price":11.32},{"type":"A","date":"2018-04-03T01:30:13.000Z","volume":2000,"label":" ","price":11.34},{"type":"B","date":"2018-04-03T01:30:14.000Z","volume":1000,"label":" ","price":11.32},{"type":"B","date":"2018-04-03T01:30:14.000Z","volume":4000,"label":" ","price":11.32},{"type":"B","date":"2018-04-03T01:30:14.000Z","volume":5000,"label":"Y","price":11.32},{"type":"B","date":"2018-04-03T01:30:14.000Z","volume":3000,"label":" ","price":11.32},{"type":"B","date":"2018-04-03T01:30:14.000Z","volume":5000,"label":" ","price":11.32},{"type":"B","date":"2018-04-03T01:30:14.000Z","volume":1000,"label":"Y","price":11.32},{"type":"B","date":"2018-04-03T01:30:14.000Z","volume":4000,"label":" ","price":11.32},{"type":"B","date":"2018-04-03T01:30:15.000Z","volume":5000,"label":" ","price":11.32},{"type":"B","date":"2018-04-03T01:30:16.000Z","volume":5000,"label":" ","price":11.32},{"type":"A","date":"2018-04-03T01:30:16.000Z","volume":2000,"label":"Y","price":11.34},{"type":"B","date":"2018-04-03T01:30:19.000Z","volume":6000,"label":" ","price":11.32},{"type":"B","date":"2018-04-03T01:30:19.000Z","volume":2000,"label":" ","price":11.32},{"type":"B","date":"2018-04-03T01:30:20.000Z","volume":2000,"label":" ","price":11.32},{"type":"A","date":"2018-04-03T01:30:22.000Z","volume":10000,"label":" ","price":11.34},{"type":"A","date":"2018-04-03T01:30:22.000Z","volume":2000,"label":" ","price":11.34},{"type":"B","date":"2018-04-03T01:30:23.000Z","volume":4000,"label":" ","price":11.32},{"type":"A","date":"2018-04-03T01:30:23.000Z","volume":2000,"label":" ","price":11.34},{"type":"U","date":"2018-04-03T01:30:23.000Z","volume":1000,"label":"X","price":11.362},{"type":"B","date":"2018-04-03T01:30:23.000Z","volume":22000,"label":" ","price":11.32},{"type":"A","date":"2018-04-03T01:30:23.000Z","volume":2000,"label":" ","price":11.34},{"type":"B","date":"2018-04-03T01:30:23.000Z","volume":1000,"label":"Y","price":11.32},{"type":"B","date":"2018-04-03T01:30:23.000Z","volume":1000,"label":" ","price":11.32},{"type":"A","date":"2018-04-03T01:30:23.000Z","volume":4000,"label":" ","price":11.34},{"type":"B","date":"2018-04-03T01:30:24.000Z","volume":1000,"label":" ","price":11.32},{"type":"B","date":"2018-04-03T01:30:24.000Z","volume":9000,"label":" ","price":11.32},{"type":"B","date":"2018-04-03T01:30:24.000Z","volume":1000,"label":"Y","price":11.32},{"type":"B","date":"2018-04-03T01:30:24.000Z","volume":2000,"label":" ","price":11.32},{"type":"B","date":"2018-04-03T01:30:25.000Z","volume":6000,"label":" ","price":11.32},{"type":"U","date":"2018-04-03T01:30:27.000Z","volume":4000,"label":"X","price":11.33},{"type":"B","date":"2018-04-03T01:30:27.000Z","volume":18000,"label":" ","price":11.32},{"type":"B","date":"2018-04-03T01:30:27.000Z","volume":6000,"label":"Y","price":11.32},{"type":"B","date":"2018-04-03T01:30:28.000Z","volume":9000,"label":"Y","price":11.32},{"type":"B","date":"2018-04-03T01:30:28.000Z","volume":3000,"label":" ","price":11.32},{"type":"B","date":"2018-04-03T01:30:28.000Z","volume":2000,"label":" ","price":11.32},{"type":"B","date":"2018-04-03T01:30:29.000Z","volume":16000,"label":"Y","price":11.32},{"type":"B","date":"2018-04-03T01:30:29.000Z","volume":34000,"label":" ","price":11.32},{"type":"U","date":"2018-04-03T01:30:29.000Z","volume":1000,"label":"Y","price":11.32},{"type":"B","date":"2018-04-03T01:30:29.000Z","volume":5000,"label":" ","price":11.3},{"type":"B","date":"2018-04-03T01:30:29.000Z","volume":3000,"label":" ","price":11.3},{"type":"B","date":"2018-04-03T01:30:30.000Z","volume":9000,"label":" ","price":11.3},{"type":"B","date":"2018-04-03T01:30:30.000Z","volume":1000,"label":" ","price":11.3},{"type":"B","date":"2018-04-03T01:30:30.000Z","volume":11000,"label":" ","price":11.3},{"type":"B","date":"2018-04-03T01:30:30.000Z","volume":1000,"label":" ","price":11.3},{"type":"B","date":"2018-04-03T01:30:30.000Z","volume":12000,"label":" ","price":11.3},{"type":"B","date":"2018-04-03T01:30:30.000Z","volume":1000,"label":" ","price":11.3},{"type":"B","date":"2018-04-03T01:30:30.000Z","volume":1000,"label":" ","price":11.3},{"type":"B","date":"2018-04-03T01:30:30.000Z","volume":2000,"label":" ","price":11.3},{"type":"B","date":"2018-04-03T01:30:31.000Z","volume":3000,"label":" ","price":11.3},{"type":"U","date":"2018-04-03T01:30:31.000Z","volume":9000,"label":"X","price":11.3},{"type":"B","date":"2018-04-03T01:30:31.000Z","volume":50000,"label":" ","price":11.3},{"type":"B","date":"2018-04-03T01:30:31.000Z","volume":5000,"label":" ","price":11.3},{"type":"B","date":"2018-04-03T01:30:31.000Z","volume":1000,"label":" ","price":11.3},{"type":"B","date":"2018-04-03T01:30:31.000Z","volume":1000,"label":"Y","price":11.3},{"type":"B","date":"2018-04-03T01:30:31.000Z","volume":2000,"label":" ","price":11.3},{"type":"B","date":"2018-04-03T01:30:32.000Z","volume":1000,"label":" ","price":11.3},{"type":"B","date":"2018-04-03T01:30:32.000Z","volume":10000,"label":" ","price":11.3},{"type":"B","date":"2018-04-03T01:30:32.000Z","volume":8000,"label":" ","price":11.3},{"type":"B","date":"2018-04-03T01:30:32.000Z","volume":1000,"label":" ","price":11.3},{"type":"B","date":"2018-04-03T01:30:32.000Z","volume":1000,"label":" ","price":11.3},{"type":"A","date":"2018-04-03T01:30:33.000Z","volume":21000,"label":" ","price":11.32},{"type":"B","date":"2018-04-03T01:30:33.000Z","volume":2000,"label":" ","price":11.3},{"type":"B","date":"2018-04-03T01:30:33.000Z","volume":5000,"label":" ","price":11.3},{"type":"B","date":"2018-04-03T01:30:33.000Z","volume":2000,"label":" ","price":11.3},{"type":"B","date":"2018-04-03T01:30:35.000Z","volume":14000,"label":" ","price":11.3},{"type":"B","date":"2018-04-03T01:30:35.000Z","volume":2000,"label":" ","price":11.3},{"type":"A","date":"2018-04-03T01:30:35.000Z","volume":1000,"label":" ","price":11.32},{"type":"B","date":"2018-04-03T01:30:37.000Z","volume":19000,"label":" ","price":11.3},{"type":"B","date":"2018-04-03T01:30:37.000Z","volume":2000,"label":" ","price":11.3},{"type":"A","date":"2018-04-03T01:30:37.000Z","volume":1000,"label":"Y","price":11.32},{"type":"B","date":"2018-04-03T01:30:37.000Z","volume":7000,"label":" ","price":11.3},{"type":"B","date":"2018-04-03T01:30:37.000Z","volume":2000,"label":" ","price":11.3},{"type":"B","date":"2018-04-03T01:30:37.000Z","volume":1000,"label":" ","price":11.3},{"type":"B","date":"2018-04-03T01:30:40.000Z","volume":5000,"label":" ","price":11.3},{"type":"B","date":"2018-04-03T01:30:45.000Z","volume":1000,"label":" ","price":11.3},{"type":"B","date":"2018-04-03T01:30:45.000Z","volume":1000,"label":"Y","price":11.3},{"type":"B","date":"2018-04-03T01:30:45.000Z","volume":6000,"label":" ","price":11.3},{"type":"B","date":"2018-04-03T01:30:45.000Z","volume":2000,"label":"Y","price":11.3},{"type":"B","date":"2018-04-03T01:30:45.000Z","volume":1000,"label":" ","price":11.3},{"type":"B","date":"2018-04-03T01:30:47.000Z","volume":2000,"label":"Y","price":11.3},{"type":"B","date":"2018-04-03T01:30:47.000Z","volume":17000,"label":" ","price":11.3},{"type":"B","date":"2018-04-03T01:30:47.000Z","volume":2000,"label":" ","price":11.3},{"type":"A","date":"2018-04-03T01:30:47.000Z","volume":7000,"label":" ","price":11.32},{"type":"B","date":"2018-04-03T01:30:47.000Z","volume":1000,"label":" ","price":11.3},{"type":"B","date":"2018-04-03T01:30:47.000Z","volume":2000,"label":" ","price":11.3},{"type":"B","date":"2018-04-03T01:30:48.000Z","volume":6000,"label":" ","price":11.3},{"type":"A","date":"2018-04-03T01:30:49.000Z","volume":5000,"label":" ","price":11.32},{"type":"B","date":"2018-04-03T01:30:49.000Z","volume":1000,"label":" ","price":11.3},{"type":"U","date":"2018-04-03T01:30:49.000Z","volume":91,"label":"D","price":11.32},{"type":"B","date":"2018-04-03T01:30:50.000Z","volume":5000,"label":" ","price":11.3},{"type":"B","date":"2018-04-03T01:30:50.000Z","volume":214000,"label":" ","price":11.3},{"type":"B","date":"2018-04-03T01:30:50.000Z","volume":6000,"label":" ","price":11.3},{"type":"A","date":"2018-04-03T01:30:50.000Z","volume":3000,"label":" ","price":11.3},{"type":"A","date":"2018-04-03T01:30:50.000Z","volume":9000,"label":" ","price":11.3},{"type":"B","date":"2018-04-03T01:30:50.000Z","volume":34000,"label":" ","price":11.28},{"type":"B","date":"2018-04-03T01:30:50.000Z","volume":9000,"label":"Y","price":11.28},{"type":"B","date":"2018-04-03T01:30:50.000Z","volume":16000,"label":" ","price":11.28},{"type":"B","date":"2018-04-03T01:30:50.000Z","volume":43000,"label":" ","price":11.28},{"type":"A","date":"2018-04-03T01:30:50.000Z","volume":1000,"label":" ","price":11.3},{"type":"A","date":"2018-04-03T01:30:50.000Z","volume":1000,"label":" ","price":11.3},{"type":"U","date":"2018-04-03T01:30:50.000Z","volume":7000,"label":" ","price":11.28},{"type":"A","date":"2018-04-03T01:30:50.000Z","volume":1000,"label":" ","price":11.28},{"type":"B","date":"2018-04-03T01:30:50.000Z","volume":14000,"label":" ","price":11.26},{"type":"B","date":"2018-04-03T01:30:50.000Z","volume":7000,"label":" ","price":11.26},{"type":"A","date":"2018-04-03T01:30:51.000Z","volume":1000,"label":" ","price":11.28},{"type":"B","date":"2018-04-03T01:30:51.000Z","volume":7000,"label":" ","price":11.24},{"type":"B","date":"2018-04-03T01:30:51.000Z","volume":1000,"label":"Y","price":11.24},{"type":"B","date":"2018-04-03T01:30:51.000Z","volume":17000,"label":" ","price":11.24},{"type":"B","date":"2018-04-03T01:30:51.000Z","volume":1000,"label":" ","price":11.24},{"type":"B","date":"2018-04-03T01:30:51.000Z","volume":1000,"label":"Y","price":11.24},{"type":"B","date":"2018-04-03T01:30:51.000Z","volume":18000,"label":" ","price":11.24},{"type":"B","date":"2018-04-03T01:30:51.000Z","volume":1000,"label":"Y","price":11.24},{"type":"U","date":"2018-04-03T01:30:52.000Z","volume":11000,"label":" ","price":11.26},{"type":"B","date":"2018-04-03T01:30:52.000Z","volume":6000,"label":" ","price":11.24},{"type":"A","date":"2018-04-03T01:30:52.000Z","volume":2000,"label":"Y","price":11.26},{"type":"U","date":"2018-04-03T01:30:52.000Z","volume":2000,"label":" ","price":11.24},{"type":"U","date":"2018-04-03T01:30:52.000Z","volume":1000,"label":" ","price":11.24},{"type":"U","date":"2018-04-03T01:30:52.000Z","volume":2000,"label":" ","price":11.24},{"type":"U","date":"2018-04-03T01:30:52.000Z","volume":1000,"label":" ","price":11.24},{"type":"U","date":"2018-04-03T01:30:52.000Z","volume":1000,"label":" ","price":11.24},{"type":"A","date":"2018-04-03T01:30:52.000Z","volume":13000,"label":" ","price":11.28},{"type":"B","date":"2018-04-03T01:30:52.000Z","volume":29000,"label":" ","price":11.24},{"type":"U","date":"2018-04-03T01:30:52.000Z","volume":4000,"label":" ","price":11.26},{"type":"U","date":"2018-04-03T01:30:52.000Z","volume":7000,"label":" ","price":11.26},{"type":"B","date":"2018-04-03T01:30:52.000Z","volume":1000,"label":"Y","price":11.24},{"type":"B","date":"2018-04-03T01:30:52.000Z","volume":4000,"label":" ","price":11.24},{"type":"A","date":"2018-04-03T01:30:54.000Z","volume":164000,"label":" ","price":11.26},{"type":"A","date":"2018-04-03T01:30:54.000Z","volume":23000,"label":" ","price":11.26},{"type":"A","date":"2018-04-03T01:30:54.000Z","volume":43000,"label":" ","price":11.26},{"type":"A","date":"2018-04-03T01:30:54.000Z","volume":1000,"label":"Y","price":11.26},{"type":"B","date":"2018-04-03T01:30:54.000Z","volume":1000,"label":"Y","price":11.24},{"type":"B","date":"2018-04-03T01:30:54.000Z","volume":10000,"label":" ","price":11.24},{"type":"B","date":"2018-04-03T01:30:54.000Z","volume":3000,"label":" ","price":11.24},{"type":"A","date":"2018-04-03T01:30:54.000Z","volume":4000,"label":"Y","price":11.26},{"type":"B","date":"2018-04-03T01:30:54.000Z","volume":10000,"label":"Y","price":11.24},{"type":"B","date":"2018-04-03T01:30:54.000Z","volume":1000,"label":" ","price":11.24},{"type":"A","date":"2018-04-03T01:30:54.000Z","volume":2000,"label":" ","price":11.24},{"type":"A","date":"2018-04-03T01:30:54.000Z","volume":7000,"label":" ","price":11.24},{"type":"A","date":"2018-04-03T01:30:54.000Z","volume":2000,"label":" ","price":11.24},{"type":"U","date":"2018-04-03T01:30:54.000Z","volume":3000,"label":"Y","price":11.24},{"type":"A","date":"2018-04-03T01:30:57.000Z","volume":16000,"label":" ","price":11.28},{"type":"A","date":"2018-04-03T01:30:59.000Z","volume":8000,"label":" ","price":11.28},{"type":"A","date":"2018-04-03T01:31:02.000Z","volume":237000,"label":" ","price":11.28},{"type":"A","date":"2018-04-03T01:31:02.000Z","volume":118000,"label":" ","price":11.3},{"type":"A","date":"2018-04-03T01:31:02.000Z","volume":86000,"label":" ","price":11.32},{"type":"A","date":"2018-04-03T01:31:02.000Z","volume":17000,"label":" ","price":11.32},{"type":"A","date":"2018-04-03T01:31:02.000Z","volume":15000,"label":" ","price":11.3},{"type":"A","date":"2018-04-03T01:31:02.000Z","volume":2000,"label":" ","price":11.3},{"type":"A","date":"2018-04-03T01:31:02.000Z","volume":12000,"label":" ","price":11.32},{"type":"A","date":"2018-04-03T01:31:02.000Z","volume":1000,"label":" ","price":11.32},{"type":"U","date":"2018-04-03T01:31:02.000Z","volume":15000,"label":"X","price":11.31},{"type":"A","date":"2018-04-03T01:31:02.000Z","volume":110000,"label":" ","price":11.32},{"type":"A","date":"2018-04-03T01:31:02.000Z","volume":8000,"label":" ","price":11.34},{"type":"A","date":"2018-04-03T01:31:02.000Z","volume":1000,"label":" ","price":11.34},{"type":"A","date":"2018-04-03T01:31:02.000Z","volume":13000,"label":" ","price":11.36},{"type":"A","date":"2018-04-03T01:31:02.000Z","volume":2000,"label":" ","price":11.36},{"type":"A","date":"2018-04-03T01:31:02.000Z","volume":4000,"label":" ","price":11.36},{"type":"A","date":"2018-04-03T01:31:02.000Z","volume":11000,"label":" ","price":11.36},{"type":"A","date":"2018-04-03T01:31:02.000Z","volume":3000,"label":" ","price":11.34},{"type":"U","date":"2018-04-03T01:31:02.000Z","volume":17000,"label":"X","price":11.32},{"type":"A","date":"2018-04-03T01:31:02.000Z","volume":3000,"label":" ","price":11.36},{"type":"A","date":"2018-04-03T01:31:02.000Z","volume":13000,"label":" ","price":11.34},{"type":"A","date":"2018-04-03T01:31:02.000Z","volume":5000,"label":"Y","price":11.34},{"type":"A","date":"2018-04-03T01:31:02.000Z","volume":15000,"label":" ","price":11.38},{"type":"A","date":"2018-04-03T01:31:02.000Z","volume":2000,"label":" ","price":11.34},{"type":"A","date":"2018-04-03T01:31:02.000Z","volume":10000,"label":" ","price":11.38},{"type":"B","date":"2018-04-03T01:31:02.000Z","volume":2000,"label":" ","price":11.36},{"type":"B","date":"2018-04-03T01:31:03.000Z","volume":1000,"label":" ","price":11.36},{"type":"B","date":"2018-04-03T01:31:03.000Z","volume":2000,"label":" ","price":11.34},{"type":"A","date":"2018-04-03T01:31:04.000Z","volume":5000,"label":" ","price":11.36},{"type":"U","date":"2018-04-03T01:31:04.000Z","volume":9000,"label":"X","price":11.36},{"type":"A","date":"2018-04-03T01:31:04.000Z","volume":47000,"label":" ","price":11.36},{"type":"A","date":"2018-04-03T01:31:04.000Z","volume":10000,"label":"Y","price":11.36},{"type":"B","date":"2018-04-03T01:31:05.000Z","volume":4000,"label":" ","price":11.34},{"type":"B","date":"2018-04-03T01:31:05.000Z","volume":1000,"label":"Y","price":11.34},{"type":"B","date":"2018-04-03T01:31:05.000Z","volume":1000,"label":" ","price":11.34},{"type":"A","date":"2018-04-03T01:31:06.000Z","volume":6000,"label":" ","price":11.36},{"type":"B","date":"2018-04-03T01:31:06.000Z","volume":24000,"label":" ","price":11.32},{"type":"A","date":"2018-04-03T01:31:06.000Z","volume":7000,"label":"Y","price":11.36},{"type":"U","date":"2018-04-03T01:31:09.000Z","volume":20000,"label":" ","price":11.34},{"type":"U","date":"2018-04-03T01:31:09.000Z","volume":2000,"label":" ","price":11.34},{"type":"U","date":"2018-04-03T01:31:09.000Z","volume":7000,"label":"X","price":11.35},{"type":"A","date":"2018-04-03T01:31:09.000Z","volume":5000,"label":" ","price":11.36},{"type":"B","date":"2018-04-03T01:31:09.000Z","volume":4000,"label":" ","price":11.34},{"type":"A","date":"2018-04-03T01:31:11.000Z","volume":8000,"label":" ","price":11.34},{"type":"A","date":"2018-04-03T01:31:18.000Z","volume":88000,"label":" ","price":11.34},{"type":"A","date":"2018-04-03T01:31:18.000Z","volume":11000,"label":" ","price":11.34},{"type":"A","date":"2018-04-03T01:31:18.000Z","volume":14000,"label":" ","price":11.36},{"type":"A","date":"2018-04-03T01:31:18.000Z","volume":3000,"label":" ","price":11.36},{"type":"B","date":"2018-04-03T01:31:20.000Z","volume":5000,"label":" ","price":11.34},{"type":"B","date":"2018-04-03T01:31:20.000Z","volume":25000,"label":" ","price":11.34},{"type":"U","date":"2018-04-03T01:31:20.000Z","volume":6000,"label":"X","price":11.35},{"type":"U","date":"2018-04-03T01:31:20.000Z","volume":1000,"label":"X","price":11.35},{"type":"B","date":"2018-04-03T01:31:20.000Z","volume":4000,"label":" ","price":11.34},{"type":"B","date":"2018-04-03T01:31:20.000Z","volume":1000,"label":" ","price":11.34},{"type":"A","date":"2018-04-03T01:31:20.000Z","volume":7000,"label":" ","price":11.36},{"type":"B","date":"2018-04-03T01:31:22.000Z","volume":2000,"label":" ","price":11.32},{"type":"A","date":"2018-04-03T01:31:23.000Z","volume":7000,"label":" ","price":11.36},{"type":"U","date":"2018-04-03T01:31:33.000Z","volume":1000,"label":"X","price":11.34},{"type":"A","date":"2018-04-03T01:31:37.000Z","volume":5000,"label":" ","price":11.36},{"type":"B","date":"2018-04-03T01:31:44.000Z","volume":104000,"label":" ","price":11.32},{"type":"B","date":"2018-04-03T01:31:44.000Z","volume":1000,"label":" ","price":11.32},{"type":"B","date":"2018-04-03T01:31:44.000Z","volume":19000,"label":" ","price":11.32},{"type":"B","date":"2018-04-03T01:31:44.000Z","volume":5000,"label":"Y","price":11.3},{"type":"B","date":"2018-04-03T01:31:44.000Z","volume":3000,"label":" ","price":11.3},{"type":"B","date":"2018-04-03T01:31:44.000Z","volume":4000,"label":" ","price":11.32},{"type":"B","date":"2018-04-03T01:31:44.000Z","volume":9000,"label":" ","price":11.32},{"type":"A","date":"2018-04-03T01:31:44.000Z","volume":17000,"label":" ","price":11.32},{"type":"A","date":"2018-04-03T01:31:44.000Z","volume":5000,"label":" ","price":11.34},{"type":"U","date":"2018-04-03T01:31:44.000Z","volume":1000,"label":"X","price":11.33},{"type":"A","date":"2018-04-03T01:31:44.000Z","volume":8000,"label":" ","price":11.32},{"type":"B","date":"2018-04-03T01:31:45.000Z","volume":9000,"label":" ","price":11.32},{"type":"B","date":"2018-04-03T01:31:45.000Z","volume":1000,"label":" ","price":11.32},{"type":"B","date":"2018-04-03T01:31:45.000Z","volume":15000,"label":" ","price":11.32},{"type":"U","date":"2018-04-03T01:31:45.000Z","volume":6000,"label":"X","price":11.32},{"type":"U","date":"2018-04-03T01:31:51.000Z","volume":15000,"label":" ","price":11.32},{"type":"U","date":"2018-04-03T01:31:51.000Z","volume":2000,"label":" ","price":11.32},{"type":"U","date":"2018-04-03T01:31:51.000Z","volume":14000,"label":" ","price":11.32},{"type":"B","date":"2018-04-03T01:31:52.000Z","volume":8000,"label":" ","price":11.32},{"type":"U","date":"2018-04-03T01:31:52.000Z","volume":2000,"label":"X","price":11.32},{"type":"U","date":"2018-04-03T01:31:52.000Z","volume":2000,"label":"X","price":11.32},{"type":"U","date":"2018-04-03T01:31:52.000Z","volume":2000,"label":"X","price":11.32},{"type":"U","date":"2018-04-03T01:31:55.000Z","volume":2000,"label":"X","price":11.31},{"type":"U","date":"2018-04-03T01:31:55.000Z","volume":1000,"label":"X","price":11.31},{"type":"B","date":"2018-04-03T01:32:02.000Z","volume":23000,"label":" ","price":11.3},{"type":"B","date":"2018-04-03T01:32:03.000Z","volume":56000,"label":" ","price":11.3},{"type":"U","date":"2018-04-03T01:32:05.000Z","volume":6000,"label":" ","price":11.3},{"type":"B","date":"2018-04-03T01:32:20.000Z","volume":3000,"label":" ","price":11.28},{"type":"A","date":"2018-04-03T01:32:20.000Z","volume":220000,"label":" ","price":11.3},{"type":"A","date":"2018-04-03T01:32:20.000Z","volume":66000,"label":" ","price":11.3},{"type":"A","date":"2018-04-03T01:32:20.000Z","volume":119000,"label":" ","price":11.3},{"type":"A","date":"2018-04-03T01:32:20.000Z","volume":90000,"label":" ","price":11.32},{"type":"A","date":"2018-04-03T01:32:20.000Z","volume":51000,"label":" ","price":11.34},{"type":"A","date":"2018-04-03T01:32:20.000Z","volume":6000,"label":" ","price":11.34},{"type":"A","date":"2018-04-03T01:32:20.000Z","volume":10000,"label":" ","price":11.36},{"type":"A","date":"2018-04-03T01:32:20.000Z","volume":4000,"label":" ","price":11.36},{"type":"A","date":"2018-04-03T01:32:20.000Z","volume":1000,"label":" ","price":11.36},{"type":"A","date":"2018-04-03T01:32:20.000Z","volume":22000,"label":" ","price":11.4},{"type":"A","date":"2018-04-03T01:32:20.000Z","volume":47000,"label":" ","price":11.42},{"type":"A","date":"2018-04-03T01:32:20.000Z","volume":12000,"label":" ","price":11.36},{"type":"A","date":"2018-04-03T01:32:20.000Z","volume":27000,"label":" ","price":11.38},{"type":"U","date":"2018-04-03T01:32:20.000Z","volume":2000,"label":"X","price":11.38},{"type":"U","date":"2018-04-03T01:32:20.000Z","volume":9000,"label":"X","price":11.38},{"type":"U","date":"2018-04-03T01:32:20.000Z","volume":32000,"label":"X","price":11.38},{"type":"A","date":"2018-04-03T01:32:20.000Z","volume":27000,"label":" ","price":11.38},{"type":"U","date":"2018-04-03T01:32:20.000Z","volume":10000,"label":"X","price":11.4},{"type":"A","date":"2018-04-03T01:32:20.000Z","volume":10000,"label":" ","price":11.4},{"type":"B","date":"2018-04-03T01:32:21.000Z","volume":14000,"label":" ","price":11.38},{"type":"A","date":"2018-04-03T01:32:21.000Z","volume":5000,"label":" ","price":11.4},{"type":"A","date":"2018-04-03T01:32:22.000Z","volume":3000,"label":" ","price":11.4},{"type":"A","date":"2018-04-03T01:32:24.000Z","volume":17000,"label":" ","price":11.42},{"type":"U","date":"2018-04-03T01:32:24.000Z","volume":8000,"label":" ","price":11.4},{"type":"B","date":"2018-04-03T01:32:25.000Z","volume":6000,"label":" ","price":11.38},{"type":"A","date":"2018-04-03T01:32:25.000Z","volume":1000,"label":" ","price":11.4},{"type":"B","date":"2018-04-03T01:32:26.000Z","volume":57000,"label":" ","price":11.38},{"type":"B","date":"2018-04-03T01:32:26.000Z","volume":14000,"label":" ","price":11.36},{"type":"B","date":"2018-04-03T01:32:26.000Z","volume":31000,"label":" ","price":11.36},{"type":"U","date":"2018-04-03T01:32:26.000Z","volume":7000,"label":"Y","price":11.36},{"type":"U","date":"2018-04-03T01:32:26.000Z","volume":1000,"label":" ","price":11.36},{"type":"U","date":"2018-04-03T01:32:27.000Z","volume":2000,"label":"X","price":11.35},{"type":"U","date":"2018-04-03T01:32:27.000Z","volume":2000,"label":"X","price":11.35},{"type":"U","date":"2018-04-03T01:32:27.000Z","volume":1000,"label":"X","price":11.35},{"type":"U","date":"2018-04-03T01:32:27.000Z","volume":1000,"label":"X","price":11.35},{"type":"U","date":"2018-04-03T01:32:27.000Z","volume":2000,"label":"X","price":11.35},{"type":"B","date":"2018-04-03T01:32:29.000Z","volume":21000,"label":" ","price":11.34},{"type":"U","date":"2018-04-03T01:32:29.000Z","volume":3000,"label":"X","price":11.33},{"type":"B","date":"2018-04-03T01:32:31.000Z","volume":5000,"label":" ","price":11.32},{"type":"B","date":"2018-04-03T01:32:31.000Z","volume":90000,"label":" ","price":11.32},{"type":"B","date":"2018-04-03T01:32:31.000Z","volume":8000,"label":" ","price":11.32},{"type":"B","date":"2018-04-03T01:32:31.000Z","volume":5000,"label":" ","price":11.32},{"type":"U","date":"2018-04-03T01:32:31.000Z","volume":5000,"label":"X","price":11.33},{"type":"A","date":"2018-04-03T01:32:37.000Z","volume":70000,"label":" ","price":11.34},{"type":"A","date":"2018-04-03T01:32:37.000Z","volume":20000,"label":" ","price":11.34},{"type":"A","date":"2018-04-03T01:32:37.000Z","volume":9000,"label":" ","price":11.34},{"type":"A","date":"2018-04-03T01:32:37.000Z","volume":69000,"label":" ","price":11.36},{"type":"A","date":"2018-04-03T01:32:37.000Z","volume":8000,"label":" ","price":11.36},{"type":"A","date":"2018-04-03T01:32:37.000Z","volume":6000,"label":" ","price":11.34},{"type":"A","date":"2018-04-03T01:32:37.000Z","volume":9000,"label":" ","price":11.36},{"type":"A","date":"2018-04-03T01:32:37.000Z","volume":4000,"label":" ","price":11.36},{"type":"B","date":"2018-04-03T01:32:41.000Z","volume":4000,"label":" ","price":11.34},{"type":"U","date":"2018-04-03T01:32:52.000Z","volume":1000,"label":"X","price":11.35},{"type":"U","date":"2018-04-03T01:32:52.000Z","volume":1000,"label":"X","price":11.35},{"type":"B","date":"2018-04-03T01:32:55.000Z","volume":5000,"label":" ","price":11.34},{"type":"B","date":"2018-04-03T01:32:58.000Z","volume":1000,"label":" ","price":11.34},{"type":"B","date":"2018-04-03T01:33:00.000Z","volume":6000,"label":" ","price":11.34},{"type":"B","date":"2018-04-03T01:33:04.000Z","volume":30000,"label":" ","price":11.34},{"type":"B","date":"2018-04-03T01:33:04.000Z","volume":5000,"label":" ","price":11.34},{"type":"U","date":"2018-04-03T01:33:04.000Z","volume":1000,"label":"X","price":11.35},{"type":"B","date":"2018-04-03T01:33:06.000Z","volume":9000,"label":" ","price":11.34},{"type":"A","date":"2018-04-03T01:33:21.000Z","volume":3000,"label":" ","price":11.34},{"type":"B","date":"2018-04-03T01:33:22.000Z","volume":28000,"label":" ","price":11.32},{"type":"B","date":"2018-04-03T01:33:22.000Z","volume":17000,"label":" ","price":11.3},{"type":"B","date":"2018-04-03T01:33:23.000Z","volume":6000,"label":"Y","price":11.3},{"type":"B","date":"2018-04-03T01:33:23.000Z","volume":8000,"label":" ","price":11.3},{"type":"B","date":"2018-04-03T01:33:23.000Z","volume":4000,"label":" ","price":11.3},{"type":"B","date":"2018-04-03T01:33:23.000Z","volume":2000,"label":" ","price":11.3},{"type":"B","date":"2018-04-03T01:33:24.000Z","volume":2000,"label":" ","price":11.28},{"type":"B","date":"2018-04-03T01:33:27.000Z","volume":30000,"label":" ","price":11.26},{"type":"B","date":"2018-04-03T01:33:27.000Z","volume":113000,"label":" ","price":11.26},{"type":"B","date":"2018-04-03T01:33:27.000Z","volume":5000,"label":" ","price":11.26},{"type":"A","date":"2018-04-03T01:33:30.000Z","volume":58000,"label":" ","price":11.28},{"type":"A","date":"2018-04-03T01:33:31.000Z","volume":106000,"label":" ","price":11.3},{"type":"A","date":"2018-04-03T01:33:31.000Z","volume":9000,"label":" ","price":11.3},{"type":"U","date":"2018-04-03T01:33:35.000Z","volume":16000,"label":" ","price":11.3},{"type":"A","date":"2018-04-03T01:33:45.000Z","volume":80000,"label":" ","price":11.32},{"type":"A","date":"2018-04-03T01:33:45.000Z","volume":17000,"label":" ","price":11.32},{"type":"B","date":"2018-04-03T01:34:23.000Z","volume":69000,"label":" ","price":11.3},{"type":"A","date":"2018-04-03T01:34:23.000Z","volume":9000,"label":" ","price":11.3},{"type":"B","date":"2018-04-03T01:34:25.000Z","volume":80000,"label":" ","price":11.28},{"type":"B","date":"2018-04-03T01:34:25.000Z","volume":7000,"label":" ","price":11.28},{"type":"B","date":"2018-04-03T01:34:25.000Z","volume":1000,"label":" ","price":11.26},{"type":"A","date":"2018-04-03T01:34:29.000Z","volume":6000,"label":" ","price":11.28},{"type":"A","date":"2018-04-03T01:34:31.000Z","volume":1000,"label":" ","price":11.28},{"type":"A","date":"2018-04-03T01:34:35.000Z","volume":9000,"label":" ","price":11.28},{"type":"A","date":"2018-04-03T01:34:35.000Z","volume":90000,"label":" ","price":11.28},{"type":"A","date":"2018-04-03T01:34:35.000Z","volume":63000,"label":" ","price":11.3},{"type":"A","date":"2018-04-03T01:34:35.000Z","volume":25000,"label":" ","price":11.3},{"type":"U","date":"2018-04-03T01:34:35.000Z","volume":1000,"label":"X","price":11.31},{"type":"A","date":"2018-04-03T01:34:35.000Z","volume":34000,"label":" ","price":11.32},{"type":"A","date":"2018-04-03T01:34:35.000Z","volume":9000,"label":" ","price":11.32},{"type":"A","date":"2018-04-03T01:34:35.000Z","volume":10000,"label":" ","price":11.32},{"type":"A","date":"2018-04-03T01:34:35.000Z","volume":15000,"label":" ","price":11.3},{"type":"A","date":"2018-04-03T01:34:35.000Z","volume":21000,"label":" ","price":11.32},{"type":"A","date":"2018-04-03T01:34:35.000Z","volume":11000,"label":" ","price":11.3},{"type":"A","date":"2018-04-03T01:34:36.000Z","volume":23000,"label":" ","price":11.32},{"type":"A","date":"2018-04-03T01:34:37.000Z","volume":16000,"label":" ","price":11.36},{"type":"A","date":"2018-04-03T01:34:38.000Z","volume":1000,"label":" ","price":11.36},{"type":"A","date":"2018-04-03T01:34:38.000Z","volume":6000,"label":" ","price":11.36},{"type":"A","date":"2018-04-03T01:34:39.000Z","volume":22000,"label":" ","price":11.38},{"type":"B","date":"2018-04-03T01:34:39.000Z","volume":2000,"label":"Y","price":11.36},{"type":"A","date":"2018-04-03T01:34:39.000Z","volume":10000,"label":" ","price":11.38},{"type":"B","date":"2018-04-03T01:34:39.000Z","volume":12000,"label":" ","price":11.36},{"type":"B","date":"2018-04-03T01:34:41.000Z","volume":31000,"label":" ","price":11.36},{"type":"A","date":"2018-04-03T01:34:47.000Z","volume":1000,"label":" ","price":11.36},{"type":"B","date":"2018-04-03T01:35:22.000Z","volume":42000,"label":" ","price":11.34},{"type":"A","date":"2018-04-03T01:35:22.000Z","volume":10000,"label":" ","price":11.34},{"type":"B","date":"2018-04-03T01:35:24.000Z","volume":50000,"label":" ","price":11.32},{"type":"B","date":"2018-04-03T01:35:27.000Z","volume":24000,"label":" ","price":11.3},{"type":"A","date":"2018-04-03T01:35:33.000Z","volume":9000,"label":" ","price":11.3},{"type":"B","date":"2018-04-03T01:35:35.000Z","volume":3000,"label":" ","price":11.26},{"type":"U","date":"2018-04-03T01:35:36.000Z","volume":61000,"label":" ","price":11.28},{"type":"U","date":"2018-04-03T01:35:36.000Z","volume":17000,"label":" ","price":11.28},{"type":"U","date":"2018-04-03T01:35:36.000Z","volume":15000,"label":" ","price":11.28},{"type":"U","date":"2018-04-03T01:35:36.000Z","volume":4000,"label":" ","price":11.28},{"type":"U","date":"2018-04-03T01:35:36.000Z","volume":7000,"label":" ","price":11.28},{"type":"U","date":"2018-04-03T01:35:36.000Z","volume":12000,"label":" ","price":11.28},{"type":"A","date":"2018-04-03T01:35:38.000Z","volume":2000,"label":" ","price":11.28},{"type":"U","date":"2018-04-03T01:35:42.000Z","volume":1000,"label":"X","price":11.311},{"type":"A","date":"2018-04-03T01:36:05.000Z","volume":4000,"label":" ","price":11.28},{"type":"A","date":"2018-04-03T01:36:08.000Z","volume":5000,"label":" ","price":11.28},{"type":"A","date":"2018-04-03T01:36:11.000Z","volume":5000,"label":" ","price":11.28},{"type":"A","date":"2018-04-03T01:36:19.000Z","volume":121000,"label":" ","price":11.28},{"type":"A","date":"2018-04-03T01:36:19.000Z","volume":26000,"label":" ","price":11.3},{"type":"A","date":"2018-04-03T01:36:20.000Z","volume":1000,"label":" ","price":11.32},{"type":"B","date":"2018-04-03T01:36:22.000Z","volume":6000,"label":" ","price":11.3},{"type":"B","date":"2018-04-03T01:36:22.000Z","volume":94000,"label":" ","price":11.28},{"type":"B","date":"2018-04-03T01:36:22.000Z","volume":4000,"label":" ","price":11.28},{"type":"B","date":"2018-04-03T01:36:22.000Z","volume":4000,"label":" ","price":11.26},{"type":"B","date":"2018-04-03T01:36:24.000Z","volume":2000,"label":" ","price":11.28},{"type":"U","date":"2018-04-03T01:36:29.000Z","volume":80000,"label":" ","price":11.28},{"type":"B","date":"2018-04-03T01:36:29.000Z","volume":96000,"label":" ","price":11.26},{"type":"B","date":"2018-04-03T01:36:29.000Z","volume":17000,"label":" ","price":11.26},{"type":"B","date":"2018-04-03T01:36:29.000Z","volume":4000,"label":" ","price":11.26},{"type":"B","date":"2018-04-03T01:36:29.000Z","volume":2000,"label":" ","price":11.26},{"type":"B","date":"2018-04-03T01:36:29.000Z","volume":65000,"label":" ","price":11.26},{"type":"B","date":"2018-04-03T01:36:29.000Z","volume":2000,"label":" ","price":11.26},{"type":"U","date":"2018-04-03T01:36:29.000Z","volume":15000,"label":" ","price":11.28},{"type":"B","date":"2018-04-03T01:36:29.000Z","volume":5000,"label":" ","price":11.26},{"type":"B","date":"2018-04-03T01:36:29.000Z","volume":25000,"label":" ","price":11.26},{"type":"B","date":"2018-04-03T01:36:29.000Z","volume":1000,"label":" ","price":11.26},{"type":"B","date":"2018-04-03T01:36:29.000Z","volume":21000,"label":" ","price":11.26},{"type":"B","date":"2018-04-03T01:36:29.000Z","volume":14000,"label":" ","price":11.26},{"type":"U","date":"2018-04-03T01:36:29.000Z","volume":11000,"label":"Y","price":11.28},{"type":"B","date":"2018-04-03T01:36:31.000Z","volume":7000,"label":" ","price":11.26},{"type":"B","date":"2018-04-03T01:36:41.000Z","volume":1000,"label":" ","price":11.26},{"type":"A","date":"2018-04-03T01:36:42.000Z","volume":1000,"label":" ","price":11.28},{"type":"B","date":"2018-04-03T01:37:12.000Z","volume":10000,"label":" ","price":11.26},{"type":"A","date":"2018-04-03T01:37:16.000Z","volume":1000,"label":" ","price":11.28},{"type":"B","date":"2018-04-03T01:37:20.000Z","volume":15000,"label":" ","price":11.26},{"type":"B","date":"2018-04-03T01:37:23.000Z","volume":126000,"label":" ","price":11.26},{"type":"B","date":"2018-04-03T01:37:23.000Z","volume":5000,"label":" ","price":11.24},{"type":"B","date":"2018-04-03T01:37:23.000Z","volume":3000,"label":" ","price":11.24},{"type":"B","date":"2018-04-03T01:37:24.000Z","volume":18000,"label":" ","price":11.24},{"type":"B","date":"2018-04-03T01:37:24.000Z","volume":1000,"label":" ","price":11.24},{"type":"B","date":"2018-04-03T01:37:25.000Z","volume":42000,"label":" ","price":11.24},{"type":"B","date":"2018-04-03T01:37:25.000Z","volume":6000,"label":" ","price":11.24},{"type":"A","date":"2018-04-03T01:37:29.000Z","volume":1000,"label":" ","price":11.24},{"type":"A","date":"2018-04-03T01:37:41.000Z","volume":255000,"label":" ","price":11.24},{"type":"A","date":"2018-04-03T01:37:41.000Z","volume":85000,"label":" ","price":11.26},{"type":"A","date":"2018-04-03T01:37:41.000Z","volume":19000,"label":" ","price":11.24},{"type":"A","date":"2018-04-03T01:37:41.000Z","volume":13000,"label":" ","price":11.24},{"type":"A","date":"2018-04-03T01:37:41.000Z","volume":5000,"label":" ","price":11.26},{"type":"A","date":"2018-04-03T01:37:41.000Z","volume":10000,"label":" ","price":11.26},{"type":"U","date":"2018-04-03T01:37:41.000Z","volume":1000,"label":"X","price":11.26},{"type":"A","date":"2018-04-03T01:37:41.000Z","volume":3000,"label":" ","price":11.26},{"type":"A","date":"2018-04-03T01:37:41.000Z","volume":12000,"label":" ","price":11.24},{"type":"A","date":"2018-04-03T01:37:41.000Z","volume":4000,"label":" ","price":11.24},{"type":"A","date":"2018-04-03T01:37:41.000Z","volume":8000,"label":" ","price":11.28},{"type":"B","date":"2018-04-03T01:37:42.000Z","volume":7000,"label":" ","price":11.26},{"type":"A","date":"2018-04-03T01:37:44.000Z","volume":6000,"label":" ","price":11.28},{"type":"U","date":"2018-04-03T01:37:48.000Z","volume":22000,"label":"X","price":11.26},{"type":"A","date":"2018-04-03T01:38:28.000Z","volume":1000,"label":" ","price":11.28},{"type":"A","date":"2018-04-03T01:38:28.000Z","volume":1000,"label":" ","price":11.28},{"type":"A","date":"2018-04-03T01:38:35.000Z","volume":5000,"label":" ","price":11.28},{"type":"A","date":"2018-04-03T01:38:53.000Z","volume":193000,"label":" ","price":11.28},{"type":"A","date":"2018-04-03T01:38:53.000Z","volume":8000,"label":" ","price":11.28},{"type":"B","date":"2018-04-03T01:38:54.000Z","volume":32000,"label":" ","price":11.28},{"type":"B","date":"2018-04-03T01:38:54.000Z","volume":44000,"label":" ","price":11.28},{"type":"B","date":"2018-04-03T01:38:54.000Z","volume":10000,"label":" ","price":11.26},{"type":"A","date":"2018-04-03T01:38:54.000Z","volume":1000,"label":" ","price":11.28},{"type":"A","date":"2018-04-03T01:39:09.000Z","volume":6000,"label":" ","price":11.28},{"type":"A","date":"2018-04-03T01:39:28.000Z","volume":27000,"label":" ","price":11.28},{"type":"A","date":"2018-04-03T01:39:29.000Z","volume":1000,"label":" ","price":11.28},{"type":"U","date":"2018-04-03T01:39:33.000Z","volume":1000,"label":"X","price":11.27},{"type":"A","date":"2018-04-03T01:39:40.000Z","volume":2000,"label":" ","price":11.28},{"type":"A","date":"2018-04-03T01:39:41.000Z","volume":10000,"label":" ","price":11.28},{"type":"A","date":"2018-04-03T01:39:48.000Z","volume":2000,"label":" ","price":11.28},{"type":"B","date":"2018-04-03T01:39:57.000Z","volume":7000,"label":" ","price":11.26},{"type":"A","date":"2018-04-03T01:39:58.000Z","volume":4000,"label":" ","price":11.28},{"type":"A","date":"2018-04-03T01:40:00.000Z","volume":3000,"label":" ","price":11.28},{"type":"B","date":"2018-04-03T01:40:04.000Z","volume":5000,"label":" ","price":11.26},{"type":"A","date":"2018-04-03T01:40:05.000Z","volume":1000,"label":" ","price":11.28},{"type":"A","date":"2018-04-03T01:40:07.000Z","volume":4000,"label":" ","price":11.28},{"type":"B","date":"2018-04-03T01:40:11.000Z","volume":5000,"label":" ","price":11.26},{"type":"B","date":"2018-04-03T01:40:19.000Z","volume":5000,"label":" ","price":11.26},{"type":"A","date":"2018-04-03T01:40:23.000Z","volume":1000,"label":" ","price":11.28},{"type":"B","date":"2018-04-03T01:40:27.000Z","volume":4000,"label":" ","price":11.26},{"type":"B","date":"2018-04-03T01:40:37.000Z","volume":6000,"label":" ","price":11.26},{"type":"B","date":"2018-04-03T01:40:42.000Z","volume":4000,"label":" ","price":11.26},{"type":"A","date":"2018-04-03T01:40:43.000Z","volume":20000,"label":" ","price":11.28},{"type":"A","date":"2018-04-03T01:40:45.000Z","volume":10000,"label":" ","price":11.28},{"type":"B","date":"2018-04-03T01:41:02.000Z","volume":6000,"label":" ","price":11.26},{"type":"B","date":"2018-04-03T01:41:08.000Z","volume":10000,"label":" ","price":11.26},{"type":"U","date":"2018-04-03T01:41:17.000Z","volume":1000,"label":"X","price":11.27},{"type":"A","date":"2018-04-03T01:41:20.000Z","volume":1000,"label":" ","price":11.28},{"type":"B","date":"2018-04-03T01:41:20.000Z","volume":7000,"label":" ","price":11.26},{"type":"B","date":"2018-04-03T01:41:29.000Z","volume":4000,"label":" ","price":11.26},{"type":"U","date":"2018-04-03T01:41:33.000Z","volume":20000,"label":"X","price":11.26},{"type":"U","date":"2018-04-03T01:41:41.000Z","volume":5000,"label":"X","price":11.27},{"type":"B","date":"2018-04-03T01:41:47.000Z","volume":7000,"label":" ","price":11.26},{"type":"B","date":"2018-04-03T01:41:54.000Z","volume":7000,"label":" ","price":11.26},{"type":"B","date":"2018-04-03T01:41:57.000Z","volume":4000,"label":" ","price":11.26},{"type":"A","date":"2018-04-03T01:41:58.000Z","volume":5000,"label":" ","price":11.28},{"type":"U","date":"2018-04-03T01:42:06.000Z","volume":615,"label":"D","price":11.28},{"type":"B","date":"2018-04-03T01:42:14.000Z","volume":5000,"label":" ","price":11.26},{"type":"B","date":"2018-04-03T01:42:14.000Z","volume":1000,"label":" ","price":11.26},{"type":"A","date":"2018-04-03T01:42:15.000Z","volume":1000,"label":" ","price":11.28},{"type":"B","date":"2018-04-03T01:42:18.000Z","volume":20000,"label":" ","price":11.26},{"type":"B","date":"2018-04-03T01:42:18.000Z","volume":58000,"label":" ","price":11.26},{"type":"B","date":"2018-04-03T01:42:18.000Z","volume":1000,"label":" ","price":11.24},{"type":"A","date":"2018-04-03T01:42:18.000Z","volume":1000,"label":" ","price":11.26},{"type":"B","date":"2018-04-03T01:42:34.000Z","volume":7000,"label":" ","price":11.24},{"type":"B","date":"2018-04-03T01:42:39.000Z","volume":7000,"label":" ","price":11.24},{"type":"B","date":"2018-04-03T01:42:40.000Z","volume":38000,"label":" ","price":11.24},{"type":"B","date":"2018-04-03T01:42:40.000Z","volume":20000,"label":" ","price":11.24},{"type":"B","date":"2018-04-03T01:42:40.000Z","volume":4000,"label":" ","price":11.24},{"type":"B","date":"2018-04-03T01:42:41.000Z","volume":1000,"label":" ","price":11.22},{"type":"A","date":"2018-04-03T01:42:41.000Z","volume":10000,"label":" ","price":11.24},{"type":"B","date":"2018-04-03T01:42:47.000Z","volume":1000,"label":" ","price":11.22},{"type":"A","date":"2018-04-03T01:43:04.000Z","volume":1000,"label":" ","price":11.24},{"type":"A","date":"2018-04-03T01:43:09.000Z","volume":5000,"label":" ","price":11.24},{"type":"A","date":"2018-04-03T01:43:14.000Z","volume":1000,"label":" ","price":11.24},{"type":"A","date":"2018-04-03T01:43:19.000Z","volume":1000,"label":" ","price":11.24},{"type":"A","date":"2018-04-03T01:43:19.000Z","volume":1000,"label":" ","price":11.24},{"type":"A","date":"2018-04-03T01:43:19.000Z","volume":1000,"label":" ","price":11.24},{"type":"A","date":"2018-04-03T01:43:19.000Z","volume":1000,"label":" ","price":11.24},{"type":"B","date":"2018-04-03T01:43:27.000Z","volume":2000,"label":" ","price":11.22},{"type":"A","date":"2018-04-03T01:43:27.000Z","volume":1000,"label":" ","price":11.24},{"type":"A","date":"2018-04-03T01:43:27.000Z","volume":1000,"label":" ","price":11.24},{"type":"A","date":"2018-04-03T01:43:27.000Z","volume":1000,"label":" ","price":11.24},{"type":"A","date":"2018-04-03T01:43:27.000Z","volume":1000,"label":" ","price":11.24},{"type":"A","date":"2018-04-03T01:43:27.000Z","volume":1000,"label":" ","price":11.24},{"type":"A","date":"2018-04-03T01:43:27.000Z","volume":1000,"label":" ","price":11.24},{"type":"A","date":"2018-04-03T01:43:28.000Z","volume":1000,"label":" ","price":11.24},{"type":"A","date":"2018-04-03T01:43:28.000Z","volume":1000,"label":" ","price":11.24},{"type":"A","date":"2018-04-03T01:43:28.000Z","volume":1000,"label":" ","price":11.24},{"type":"B","date":"2018-04-03T01:43:46.000Z","volume":8000,"label":" ","price":11.22},{"type":"B","date":"2018-04-03T01:43:55.000Z","volume":4000,"label":" ","price":11.22},{"type":"B","date":"2018-04-03T01:44:02.000Z","volume":4000,"label":" ","price":11.22},{"type":"B","date":"2018-04-03T01:44:03.000Z","volume":116000,"label":" ","price":11.22},{"type":"B","date":"2018-04-03T01:44:03.000Z","volume":9000,"label":" ","price":11.22},{"type":"A","date":"2018-04-03T01:44:03.000Z","volume":1000,"label":" ","price":11.22},{"type":"B","date":"2018-04-03T01:44:08.000Z","volume":1000,"label":" ","price":11.2},{"type":"U","date":"2018-04-03T01:44:09.000Z","volume":803,"label":"D","price":11.12},{"type":"B","date":"2018-04-03T01:44:10.000Z","volume":3000,"label":" ","price":11.2},{"type":"B","date":"2018-04-03T01:44:12.000Z","volume":7000,"label":" ","price":11.2},{"type":"B","date":"2018-04-03T01:44:20.000Z","volume":8000,"label":" ","price":11.2},{"type":"B","date":"2018-04-03T01:44:20.000Z","volume":1000,"label":" ","price":11.2},{"type":"B","date":"2018-04-03T01:44:23.000Z","volume":9000,"label":" ","price":11.2},{"type":"B","date":"2018-04-03T01:44:31.000Z","volume":7000,"label":" ","price":11.2},{"type":"A","date":"2018-04-03T01:44:35.000Z","volume":9000,"label":" ","price":11.22},{"type":"A","date":"2018-04-03T01:44:38.000Z","volume":10000,"label":" ","price":11.22},{"type":"B","date":"2018-04-03T01:44:38.000Z","volume":9000,"label":" ","price":11.2},{"type":"A","date":"2018-04-03T01:44:39.000Z","volume":6000,"label":" ","price":11.22},{"type":"B","date":"2018-04-03T01:44:40.000Z","volume":7000,"label":" ","price":11.2},{"type":"A","date":"2018-04-03T01:44:41.000Z","volume":3000,"label":" ","price":11.22},{"type":"B","date":"2018-04-03T01:44:49.000Z","volume":7000,"label":" ","price":11.2},{"type":"A","date":"2018-04-03T01:44:49.000Z","volume":5000,"label":" ","price":11.22},{"type":"B","date":"2018-04-03T01:44:50.000Z","volume":1000,"label":" ","price":11.2},{"type":"B","date":"2018-04-03T01:44:55.000Z","volume":8000,"label":" ","price":11.2},{"type":"B","date":"2018-04-03T01:44:57.000Z","volume":3000,"label":" ","price":11.2},{"type":"B","date":"2018-04-03T01:45:01.000Z","volume":80000,"label":" ","price":11.2},{"type":"B","date":"2018-04-03T01:45:01.000Z","volume":26000,"label":" ","price":11.2},{"type":"B","date":"2018-04-03T01:45:01.000Z","volume":9000,"label":" ","price":11.2},{"type":"B","date":"2018-04-03T01:45:01.000Z","volume":5000,"label":" ","price":11.2},{"type":"B","date":"2018-04-03T01:45:01.000Z","volume":11000,"label":" ","price":11.2},{"type":"B","date":"2018-04-03T01:45:01.000Z","volume":10000,"label":" ","price":11.18},{"type":"B","date":"2018-04-03T01:45:01.000Z","volume":26000,"label":" ","price":11.2},{"type":"B","date":"2018-04-03T01:45:01.000Z","volume":5000,"label":" ","price":11.18},{"type":"B","date":"2018-04-03T01:45:01.000Z","volume":4000,"label":" ","price":11.18},{"type":"B","date":"2018-04-03T01:45:01.000Z","volume":1000,"label":" ","price":11.2},{"type":"B","date":"2018-04-03T01:45:02.000Z","volume":4000,"label":" ","price":11.18},{"type":"A","date":"2018-04-03T01:45:03.000Z","volume":1000,"label":" ","price":11.2},{"type":"B","date":"2018-04-03T01:45:04.000Z","volume":1000,"label":" ","price":11.18},{"type":"B","date":"2018-04-03T01:45:06.000Z","volume":9000,"label":" ","price":11.18},{"type":"A","date":"2018-04-03T01:45:07.000Z","volume":20000,"label":" ","price":11.2},{"type":"A","date":"2018-04-03T01:45:08.000Z","volume":3000,"label":" ","price":11.2},{"type":"A","date":"2018-04-03T01:45:09.000Z","volume":6000,"label":" ","price":11.2},{"type":"B","date":"2018-04-03T01:45:10.000Z","volume":5000,"label":" ","price":11.18},{"type":"A","date":"2018-04-03T01:45:10.000Z","volume":10000,"label":" ","price":11.2},{"type":"U","date":"2018-04-03T01:45:10.000Z","volume":1000,"label":"X","price":11.19},{"type":"A","date":"2018-04-03T01:45:13.000Z","volume":10000,"label":" ","price":11.2},{"type":"A","date":"2018-04-03T01:45:13.000Z","volume":6000,"label":" ","price":11.2},{"type":"B","date":"2018-04-03T01:45:13.000Z","volume":3000,"label":" ","price":11.18},{"type":"U","date":"2018-04-03T01:45:15.000Z","volume":20000,"label":"X","price":11.18},{"type":"B","date":"2018-04-03T01:45:16.000Z","volume":4000,"label":" ","price":11.18},{"type":"B","date":"2018-04-03T01:45:22.000Z","volume":1000,"label":" ","price":11.18},{"type":"B","date":"2018-04-03T01:45:27.000Z","volume":34000,"label":" ","price":11.18},{"type":"B","date":"2018-04-03T01:45:29.000Z","volume":4000,"label":" ","price":11.18},{"type":"B","date":"2018-04-03T01:45:29.000Z","volume":4000,"label":" ","price":11.18},{"type":"A","date":"2018-04-03T01:45:29.000Z","volume":3000,"label":" ","price":11.2},{"type":"B","date":"2018-04-03T01:45:33.000Z","volume":4000,"label":" ","price":11.18},{"type":"B","date":"2018-04-03T01:45:44.000Z","volume":5000,"label":" ","price":11.18},{"type":"B","date":"2018-04-03T01:45:47.000Z","volume":5000,"label":" ","price":11.18},{"type":"A","date":"2018-04-03T01:45:49.000Z","volume":10000,"label":" ","price":11.2},{"type":"B","date":"2018-04-03T01:45:54.000Z","volume":4000,"label":" ","price":11.18},{"type":"A","date":"2018-04-03T01:45:55.000Z","volume":1000,"label":" ","price":11.2},{"type":"B","date":"2018-04-03T01:45:55.000Z","volume":3000,"label":" ","price":11.18},{"type":"A","date":"2018-04-03T01:46:00.000Z","volume":1000,"label":" ","price":11.2},{"type":"B","date":"2018-04-03T01:46:02.000Z","volume":2000,"label":" ","price":11.18},{"type":"A","date":"2018-04-03T01:46:03.000Z","volume":6000,"label":" ","price":11.2},{"type":"B","date":"2018-04-03T01:46:12.000Z","volume":1000,"label":" ","price":11.18},{"type":"B","date":"2018-04-03T01:46:17.000Z","volume":4000,"label":" ","price":11.18},{"type":"A","date":"2018-04-03T01:46:19.000Z","volume":10000,"label":" ","price":11.2},{"type":"B","date":"2018-04-03T01:46:31.000Z","volume":1000,"label":" ","price":11.18},{"type":"B","date":"2018-04-03T01:46:32.000Z","volume":3000,"label":" ","price":11.18},{"type":"B","date":"2018-04-03T01:46:32.000Z","volume":2000,"label":" ","price":11.18},{"type":"U","date":"2018-04-03T01:46:37.000Z","volume":6000,"label":"X","price":11.194},{"type":"B","date":"2018-04-03T01:46:38.000Z","volume":3000,"label":" ","price":11.18},{"type":"B","date":"2018-04-03T01:46:42.000Z","volume":4000,"label":" ","price":11.18},{"type":"B","date":"2018-04-03T01:46:47.000Z","volume":1000,"label":" ","price":11.18},{"type":"B","date":"2018-04-03T01:46:49.000Z","volume":5000,"label":"Y","price":11.18},{"type":"B","date":"2018-04-03T01:46:51.000Z","volume":4000,"label":" ","price":11.18},{"type":"B","date":"2018-04-03T01:46:51.000Z","volume":1000,"label":" ","price":11.18},{"type":"B","date":"2018-04-03T01:46:55.000Z","volume":3000,"label":" ","price":11.18},{"type":"A","date":"2018-04-03T01:46:58.000Z","volume":6000,"label":" ","price":11.2},{"type":"B","date":"2018-04-03T01:46:59.000Z","volume":4000,"label":" ","price":11.18},{"type":"B","date":"2018-04-03T01:47:03.000Z","volume":1000,"label":"Y","price":11.18},{"type":"B","date":"2018-04-03T01:47:03.000Z","volume":79000,"label":" ","price":11.18},{"type":"B","date":"2018-04-03T01:47:03.000Z","volume":30000,"label":" ","price":11.18},{"type":"B","date":"2018-04-03T01:47:03.000Z","volume":10000,"label":" ","price":11.18},{"type":"B","date":"2018-04-03T01:47:03.000Z","volume":20000,"label":" ","price":11.18},{"type":"B","date":"2018-04-03T01:47:03.000Z","volume":4000,"label":" ","price":11.18},{"type":"B","date":"2018-04-03T01:47:03.000Z","volume":4000,"label":" ","price":11.16},{"type":"B","date":"2018-04-03T01:47:03.000Z","volume":8000,"label":" ","price":11.18},{"type":"B","date":"2018-04-03T01:47:04.000Z","volume":7000,"label":" ","price":11.18},{"type":"B","date":"2018-04-03T01:47:04.000Z","volume":2000,"label":" ","price":11.18},{"type":"B","date":"2018-04-03T01:47:04.000Z","volume":1000,"label":" ","price":11.18},{"type":"B","date":"2018-04-03T01:47:04.000Z","volume":3000,"label":" ","price":11.16},{"type":"B","date":"2018-04-03T01:47:04.000Z","volume":16000,"label":" ","price":11.16},{"type":"B","date":"2018-04-03T01:47:04.000Z","volume":2000,"label":" ","price":11.16},{"type":"A","date":"2018-04-03T01:47:04.000Z","volume":1000,"label":" ","price":11.18},{"type":"B","date":"2018-04-03T01:47:04.000Z","volume":9000,"label":" ","price":11.16},{"type":"B","date":"2018-04-03T01:47:05.000Z","volume":1000,"label":" ","price":11.16},{"type":"B","date":"2018-04-03T01:47:06.000Z","volume":1000,"label":" ","price":11.16},{"type":"B","date":"2018-04-03T01:47:11.000Z","volume":6000,"label":" ","price":11.16},{"type":"B","date":"2018-04-03T01:47:11.000Z","volume":1000,"label":" ","price":11.16},{"type":"A","date":"2018-04-03T01:47:12.000Z","volume":3000,"label":" ","price":11.18},{"type":"B","date":"2018-04-03T01:47:13.000Z","volume":1000,"label":" ","price":11.16},{"type":"B","date":"2018-04-03T01:47:13.000Z","volume":1000,"label":" ","price":11.16},{"type":"U","date":"2018-04-03T01:47:17.000Z","volume":4000,"label":"X","price":11.16},{"type":"B","date":"2018-04-03T01:47:24.000Z","volume":3000,"label":" ","price":11.16},{"type":"B","date":"2018-04-03T01:47:25.000Z","volume":10000,"label":" ","price":11.16},{"type":"B","date":"2018-04-03T01:47:26.000Z","volume":2000,"label":" ","price":11.16},{"type":"B","date":"2018-04-03T01:47:30.000Z","volume":1000,"label":" ","price":11.16},{"type":"A","date":"2018-04-03T01:47:37.000Z","volume":10000,"label":" ","price":11.18},{"type":"B","date":"2018-04-03T01:47:38.000Z","volume":3000,"label":" ","price":11.16},{"type":"A","date":"2018-04-03T01:47:40.000Z","volume":7000,"label":" ","price":11.18},{"type":"B","date":"2018-04-03T01:47:44.000Z","volume":4000,"label":" ","price":11.16},{"type":"A","date":"2018-04-03T01:47:52.000Z","volume":53000,"label":" ","price":11.18},{"type":"A","date":"2018-04-03T01:47:52.000Z","volume":3000,"label":" ","price":11.18},{"type":"A","date":"2018-04-03T01:47:52.000Z","volume":50000,"label":" ","price":11.18},{"type":"A","date":"2018-04-03T01:47:53.000Z","volume":16000,"label":" ","price":11.18},{"type":"B","date":"2018-04-03T01:47:54.000Z","volume":176000,"label":" ","price":11.16},{"type":"U","date":"2018-04-03T01:47:54.000Z","volume":17000,"label":"X","price":11.16},{"type":"U","date":"2018-04-03T01:47:54.000Z","volume":7000,"label":"X","price":11.16},{"type":"B","date":"2018-04-03T01:47:54.000Z","volume":8000,"label":" ","price":11.16},{"type":"B","date":"2018-04-03T01:47:54.000Z","volume":19000,"label":" ","price":11.16},{"type":"B","date":"2018-04-03T01:47:54.000Z","volume":8000,"label":" ","price":11.16},{"type":"A","date":"2018-04-03T01:47:54.000Z","volume":160000,"label":" ","price":11.18},{"type":"B","date":"2018-04-03T01:47:54.000Z","volume":21000,"label":" ","price":11.16},{"type":"B","date":"2018-04-03T01:47:54.000Z","volume":23000,"label":" ","price":11.16},{"type":"B","date":"2018-04-03T01:47:54.000Z","volume":7000,"label":" ","price":11.16},{"type":"B","date":"2018-04-03T01:47:54.000Z","volume":10000,"label":" ","price":11.16},{"type":"A","date":"2018-04-03T01:47:54.000Z","volume":7000,"label":" ","price":11.18},{"type":"A","date":"2018-04-03T01:47:55.000Z","volume":2000,"label":"Y","price":11.18},{"type":"A","date":"2018-04-03T01:47:55.000Z","volume":32000,"label":" ","price":11.18},{"type":"A","date":"2018-04-03T01:47:56.000Z","volume":12000,"label":" ","price":11.18},{"type":"B","date":"2018-04-03T01:47:57.000Z","volume":2000,"label":" ","price":11.16},{"type":"A","date":"2018-04-03T01:47:58.000Z","volume":7000,"label":" ","price":11.18},{"type":"A","date":"2018-04-03T01:48:01.000Z","volume":5000,"label":" ","price":11.18},{"type":"B","date":"2018-04-03T01:48:13.000Z","volume":4000,"label":" ","price":11.16},{"type":"B","date":"2018-04-03T01:48:19.000Z","volume":11000,"label":" ","price":11.16},{"type":"A","date":"2018-04-03T01:48:19.000Z","volume":5000,"label":" ","price":11.18},{"type":"B","date":"2018-04-03T01:48:21.000Z","volume":37000,"label":" ","price":11.16},{"type":"B","date":"2018-04-03T01:48:21.000Z","volume":17000,"label":" ","price":11.16},{"type":"A","date":"2018-04-03T01:48:22.000Z","volume":3000,"label":" ","price":11.18},{"type":"B","date":"2018-04-03T01:48:22.000Z","volume":5000,"label":"Y","price":11.16},{"type":"B","date":"2018-04-03T01:48:22.000Z","volume":8000,"label":" ","price":11.16},{"type":"B","date":"2018-04-03T01:48:22.000Z","volume":3000,"label":" ","price":11.16},{"type":"A","date":"2018-04-03T01:48:29.000Z","volume":5000,"label":" ","price":11.18},{"type":"A","date":"2018-04-03T01:48:39.000Z","volume":3000,"label":" ","price":11.18},{"type":"A","date":"2018-04-03T01:48:54.000Z","volume":5000,"label":" ","price":11.18},{"type":"A","date":"2018-04-03T01:48:59.000Z","volume":1000,"label":" ","price":11.18},{"type":"B","date":"2018-04-03T01:48:59.000Z","volume":7000,"label":" ","price":11.16},{"type":"A","date":"2018-04-03T01:49:00.000Z","volume":1000,"label":" ","price":11.18},{"type":"B","date":"2018-04-03T01:49:15.000Z","volume":6000,"label":" ","price":11.16},{"type":"U","date":"2018-04-03T01:49:17.000Z","volume":4000,"label":"X","price":11.16},{"type":"B","date":"2018-04-03T01:49:47.000Z","volume":8000,"label":" ","price":11.16},{"type":"B","date":"2018-04-03T01:49:47.000Z","volume":3000,"label":" ","price":11.16},{"type":"U","date":"2018-04-03T01:49:47.000Z","volume":6000,"label":"X","price":11.16},{"type":"B","date":"2018-04-03T01:49:57.000Z","volume":4000,"label":" ","price":11.16},{"type":"B","date":"2018-04-03T01:50:01.000Z","volume":50000,"label":" ","price":11.16},{"type":"B","date":"2018-04-03T01:50:01.000Z","volume":4000,"label":" ","price":11.16},{"type":"B","date":"2018-04-03T01:50:01.000Z","volume":16000,"label":" ","price":11.16},{"type":"B","date":"2018-04-03T01:50:02.000Z","volume":20000,"label":" ","price":11.16},{"type":"B","date":"2018-04-03T01:50:02.000Z","volume":15000,"label":" ","price":11.16},{"type":"B","date":"2018-04-03T01:50:03.000Z","volume":9000,"label":" ","price":11.16},{"type":"U","date":"2018-04-03T01:50:09.000Z","volume":732,"label":"D","price":11.22},{"type":"B","date":"2018-04-03T01:50:33.000Z","volume":14000,"label":" ","price":11.16},{"type":"B","date":"2018-04-03T01:50:33.000Z","volume":2000,"label":" ","price":11.14},{"type":"B","date":"2018-04-03T01:50:36.000Z","volume":106000,"label":" ","price":11.14},{"type":"B","date":"2018-04-03T01:50:36.000Z","volume":26000,"label":" ","price":11.12},{"type":"A","date":"2018-04-03T01:50:41.000Z","volume":3000,"label":" ","price":11.14},{"type":"A","date":"2018-04-03T01:50:41.000Z","volume":9000,"label":" ","price":11.14},{"type":"A","date":"2018-04-03T01:50:41.000Z","volume":8000,"label":" ","price":11.14},{"type":"B","date":"2018-04-03T01:50:41.000Z","volume":6000,"label":" ","price":11.12},{"type":"B","date":"2018-04-03T01:50:41.000Z","volume":160000,"label":" ","price":11.12},{"type":"B","date":"2018-04-03T01:50:41.000Z","volume":34000,"label":" ","price":11.12},{"type":"B","date":"2018-04-03T01:50:41.000Z","volume":1000,"label":" ","price":11.12},{"type":"B","date":"2018-04-03T01:50:41.000Z","volume":13000,"label":" ","price":11.12},{"type":"B","date":"2018-04-03T01:50:42.000Z","volume":11000,"label":" ","price":11.12},{"type":"B","date":"2018-04-03T01:50:42.000Z","volume":9000,"label":" ","price":11.12},{"type":"B","date":"2018-04-03T01:50:42.000Z","volume":11000,"label":" ","price":11.12},{"type":"B","date":"2018-04-03T01:50:42.000Z","volume":4000,"label":" ","price":11.12},{"type":"B","date":"2018-04-03T01:50:42.000Z","volume":3000,"label":" ","price":11.12},{"type":"B","date":"2018-04-03T01:50:42.000Z","volume":4000,"label":" ","price":11.12},{"type":"A","date":"2018-04-03T01:50:42.000Z","volume":5000,"label":" ","price":11.14},{"type":"B","date":"2018-04-03T01:50:42.000Z","volume":8000,"label":" ","price":11.12},{"type":"B","date":"2018-04-03T01:50:42.000Z","volume":13000,"label":" ","price":11.12},{"type":"B","date":"2018-04-03T01:50:42.000Z","volume":25000,"label":" ","price":11.12},{"type":"B","date":"2018-04-03T01:50:43.000Z","volume":2000,"label":" ","price":11.1},{"type":"B","date":"2018-04-03T01:50:44.000Z","volume":25000,"label":" ","price":11.1},{"type":"A","date":"2018-04-03T01:50:46.000Z","volume":7000,"label":" ","price":11.14},{"type":"U","date":"2018-04-03T01:50:46.000Z","volume":1000,"label":" ","price":11.12},{"type":"B","date":"2018-04-03T01:50:47.000Z","volume":200000,"label":" ","price":11.1},{"type":"A","date":"2018-04-03T01:50:47.000Z","volume":13000,"label":" ","price":11.12},{"type":"B","date":"2018-04-03T01:50:47.000Z","volume":6000,"label":" ","price":11.12},{"type":"B","date":"2018-04-03T01:50:47.000Z","volume":2000,"label":" ","price":11.1},{"type":"B","date":"2018-04-03T01:50:47.000Z","volume":6000,"label":"Y","price":11.1},{"type":"B","date":"2018-04-03T01:50:47.000Z","volume":40000,"label":" ","price":11.1},{"type":"B","date":"2018-04-03T01:50:47.000Z","volume":21000,"label":" ","price":11.1},{"type":"B","date":"2018-04-03T01:50:47.000Z","volume":3000,"label":" ","price":11.1},{"type":"B","date":"2018-04-03T01:50:47.000Z","volume":20000,"label":" ","price":11.1},{"type":"B","date":"2018-04-03T01:50:47.000Z","volume":14000,"label":" ","price":11.1},{"type":"B","date":"2018-04-03T01:50:47.000Z","volume":11000,"label":" ","price":11.1},{"type":"B","date":"2018-04-03T01:50:47.000Z","volume":15000,"label":" ","price":11.08},{"type":"B","date":"2018-04-03T01:50:47.000Z","volume":7000,"label":" ","price":11.08},{"type":"B","date":"2018-04-03T01:50:48.000Z","volume":24000,"label":" ","price":11.08},{"type":"B","date":"2018-04-03T01:50:48.000Z","volume":1000,"label":" ","price":11.08},{"type":"A","date":"2018-04-03T01:50:48.000Z","volume":4000,"label":" ","price":11.12},{"type":"U","date":"2018-04-03T01:50:48.000Z","volume":204000,"label":" ","price":11.1},{"type":"U","date":"2018-04-03T01:50:49.000Z","volume":2000,"label":" ","price":11.1},{"type":"U","date":"2018-04-03T01:50:49.000Z","volume":24000,"label":" ","price":11.1},{"type":"A","date":"2018-04-03T01:50:49.000Z","volume":49000,"label":" ","price":11.12},{"type":"A","date":"2018-04-03T01:50:49.000Z","volume":154000,"label":" ","price":11.12},{"type":"A","date":"2018-04-03T01:50:49.000Z","volume":18000,"label":" ","price":11.12},{"type":"B","date":"2018-04-03T01:50:49.000Z","volume":8000,"label":" ","price":11.12},{"type":"B","date":"2018-04-03T01:50:49.000Z","volume":8000,"label":" ","price":11.12},{"type":"A","date":"2018-04-03T01:50:49.000Z","volume":14000,"label":" ","price":11.14},{"type":"B","date":"2018-04-03T01:50:49.000Z","volume":72000,"label":" ","price":11.12},{"type":"A","date":"2018-04-03T01:50:50.000Z","volume":3000,"label":" ","price":11.14},{"type":"B","date":"2018-04-03T01:50:50.000Z","volume":18000,"label":" ","price":11.12},{"type":"B","date":"2018-04-03T01:50:51.000Z","volume":5000,"label":" ","price":11.12},{"type":"A","date":"2018-04-03T01:50:51.000Z","volume":66000,"label":" ","price":11.14},{"type":"A","date":"2018-04-03T01:50:52.000Z","volume":161000,"label":" ","price":11.14},{"type":"A","date":"2018-04-03T01:50:52.000Z","volume":7000,"label":" ","price":11.14},{"type":"A","date":"2018-04-03T01:50:52.000Z","volume":8000,"label":" ","price":11.16},{"type":"A","date":"2018-04-03T01:50:53.000Z","volume":15000,"label":" ","price":11.16},{"type":"U","date":"2018-04-03T01:50:53.000Z","volume":6000,"label":"X","price":11.16},{"type":"B","date":"2018-04-03T01:50:55.000Z","volume":55000,"label":" ","price":11.14},{"type":"B","date":"2018-04-03T01:50:56.000Z","volume":8000,"label":" ","price":11.14},{"type":"U","date":"2018-04-03T01:50:57.000Z","volume":12000,"label":"X","price":11.1},{"type":"B","date":"2018-04-03T01:50:58.000Z","volume":21000,"label":" ","price":11.12},{"type":"A","date":"2018-04-03T01:50:58.000Z","volume":3000,"label":" ","price":11.14},{"type":"B","date":"2018-04-03T01:51:01.000Z","volume":60000,"label":" ","price":11.12},{"type":"A","date":"2018-04-03T01:51:06.000Z","volume":1000,"label":" ","price":11.14},{"type":"B","date":"2018-04-03T01:51:21.000Z","volume":4000,"label":"Y","price":11.12},{"type":"B","date":"2018-04-03T01:51:21.000Z","volume":11000,"label":" ","price":11.12},{"type":"U","date":"2018-04-03T01:51:28.000Z","volume":3000,"label":"X","price":11.135},{"type":"A","date":"2018-04-03T01:51:29.000Z","volume":5000,"label":" ","price":11.14},{"type":"B","date":"2018-04-03T01:51:34.000Z","volume":19000,"label":" ","price":11.12},{"type":"B","date":"2018-04-03T01:51:40.000Z","volume":2000,"label":" ","price":11.12},{"type":"B","date":"2018-04-03T01:51:43.000Z","volume":5000,"label":" ","price":11.12},{"type":"B","date":"2018-04-03T01:51:43.000Z","volume":35000,"label":" ","price":11.1},{"type":"A","date":"2018-04-03T01:51:43.000Z","volume":50000,"label":" ","price":11.12},{"type":"B","date":"2018-04-03T01:51:43.000Z","volume":1000,"label":" ","price":11.12},{"type":"B","date":"2018-04-03T01:51:43.000Z","volume":1000,"label":" ","price":11.12},{"type":"U","date":"2018-04-03T01:51:43.000Z","volume":1000,"label":" ","price":11.12},{"type":"U","date":"2018-04-03T01:51:43.000Z","volume":4000,"label":" ","price":11.12},{"type":"U","date":"2018-04-03T01:51:43.000Z","volume":12000,"label":" ","price":11.12},{"type":"A","date":"2018-04-03T01:51:43.000Z","volume":4000,"label":" ","price":11.14},{"type":"B","date":"2018-04-03T01:51:47.000Z","volume":16000,"label":" ","price":11.12},{"type":"B","date":"2018-04-03T01:51:47.000Z","volume":8000,"label":" ","price":11.12},{"type":"B","date":"2018-04-03T01:51:47.000Z","volume":3000,"label":" ","price":11.12},{"type":"B","date":"2018-04-03T01:51:47.000Z","volume":1000,"label":" ","price":11.12},{"type":"B","date":"2018-04-03T01:51:47.000Z","volume":2000,"label":" ","price":11.12},{"type":"B","date":"2018-04-03T01:51:51.000Z","volume":1000,"label":" ","price":11.12},{"type":"A","date":"2018-04-03T01:51:57.000Z","volume":1000,"label":" ","price":11.14},{"type":"A","date":"2018-04-03T01:52:00.000Z","volume":6000,"label":" ","price":11.14},{"type":"A","date":"2018-04-03T01:52:09.000Z","volume":50000,"label":" ","price":11.14},{"type":"A","date":"2018-04-03T01:52:09.000Z","volume":3000,"label":"Y","price":11.14},{"type":"B","date":"2018-04-03T01:52:18.000Z","volume":5000,"label":" ","price":11.12},{"type":"B","date":"2018-04-03T01:52:20.000Z","volume":23000,"label":" ","price":11.12},{"type":"B","date":"2018-04-03T01:52:41.000Z","volume":2000,"label":" ","price":11.12},{"type":"A","date":"2018-04-03T01:52:50.000Z","volume":10000,"label":" ","price":11.14},{"type":"A","date":"2018-04-03T01:53:06.000Z","volume":11000,"label":" ","price":11.14},{"type":"B","date":"2018-04-03T01:53:09.000Z","volume":1000,"label":" ","price":11.12},{"type":"B","date":"2018-04-03T01:53:11.000Z","volume":11000,"label":" ","price":11.12},{"type":"U","date":"2018-04-03T01:53:17.000Z","volume":1000,"label":"X","price":11.12},{"type":"A","date":"2018-04-03T01:53:19.000Z","volume":3000,"label":" ","price":11.14},{"type":"A","date":"2018-04-03T01:53:21.000Z","volume":260000,"label":" ","price":11.14},{"type":"A","date":"2018-04-03T01:53:21.000Z","volume":328000,"label":" ","price":11.14},{"type":"B","date":"2018-04-03T01:53:21.000Z","volume":35000,"label":" ","price":11.14},{"type":"A","date":"2018-04-03T01:53:21.000Z","volume":21000,"label":" ","price":11.16},{"type":"A","date":"2018-04-03T01:53:21.000Z","volume":25000,"label":" ","price":11.16},{"type":"U","date":"2018-04-03T01:53:27.000Z","volume":12000,"label":"X","price":11.14},{"type":"A","date":"2018-04-03T01:53:29.000Z","volume":1000,"label":" ","price":11.18},{"type":"U","date":"2018-04-03T01:53:41.000Z","volume":3000,"label":"X","price":11.17},{"type":"B","date":"2018-04-03T01:53:42.000Z","volume":3000,"label":" ","price":11.16},{"type":"B","date":"2018-04-03T01:53:50.000Z","volume":12000,"label":" ","price":11.16},{"type":"U","date":"2018-04-03T01:53:56.000Z","volume":4000,"label":"X","price":11.17},{"type":"U","date":"2018-04-03T01:53:58.000Z","volume":4000,"label":"X","price":11.17},{"type":"U","date":"2018-04-03T01:53:58.000Z","volume":4000,"label":"X","price":11.17},{"type":"U","date":"2018-04-03T01:54:28.000Z","volume":353000,"label":"X","price":11.17},{"type":"B","date":"2018-04-03T01:54:31.000Z","volume":1000,"label":" ","price":11.16},{"type":"B","date":"2018-04-03T01:54:33.000Z","volume":43000,"label":" ","price":11.16},{"type":"B","date":"2018-04-03T01:54:33.000Z","volume":33000,"label":" ","price":11.16},{"type":"A","date":"2018-04-03T01:54:40.000Z","volume":1000,"label":" ","price":11.18},{"type":"B","date":"2018-04-03T01:54:58.000Z","volume":1000,"label":" ","price":11.16},{"type":"B","date":"2018-04-03T01:55:24.000Z","volume":4000,"label":" ","price":11.16},{"type":"A","date":"2018-04-03T01:55:27.000Z","volume":1000,"label":" ","price":11.18},{"type":"B","date":"2018-04-03T01:55:32.000Z","volume":4000,"label":" ","price":11.16},{"type":"B","date":"2018-04-03T01:55:40.000Z","volume":4000,"label":" ","price":11.16},{"type":"B","date":"2018-04-03T01:55:44.000Z","volume":258000,"label":" ","price":11.16},{"type":"A","date":"2018-04-03T01:55:44.000Z","volume":1000,"label":" ","price":11.16},{"type":"A","date":"2018-04-03T01:55:44.000Z","volume":1000,"label":" ","price":11.16},{"type":"B","date":"2018-04-03T01:55:48.000Z","volume":176000,"label":" ","price":11.14},{"type":"B","date":"2018-04-03T01:55:48.000Z","volume":4000,"label":" ","price":11.14},{"type":"A","date":"2018-04-03T01:55:48.000Z","volume":2000,"label":" ","price":11.14},{"type":"B","date":"2018-04-03T01:55:58.000Z","volume":44000,"label":" ","price":11.12},{"type":"B","date":"2018-04-03T01:55:58.000Z","volume":42000,"label":" ","price":11.12},{"type":"U","date":"2018-04-03T01:55:58.000Z","volume":56000,"label":"X","price":11.12},{"type":"B","date":"2018-04-03T01:55:58.000Z","volume":8000,"label":" ","price":11.1},{"type":"B","date":"2018-04-03T01:56:08.000Z","volume":11000,"label":" ","price":11.12},{"type":"B","date":"2018-04-03T01:56:22.000Z","volume":1000,"label":" ","price":11.12},{"type":"A","date":"2018-04-03T01:56:23.000Z","volume":239000,"label":" ","price":11.14},{"type":"A","date":"2018-04-03T01:56:23.000Z","volume":8000,"label":" ","price":11.16},{"type":"A","date":"2018-04-03T01:56:25.000Z","volume":1000,"label":" ","price":11.16},{"type":"U","date":"2018-04-03T01:56:27.000Z","volume":12000,"label":"X","price":11.12},{"type":"A","date":"2018-04-03T01:56:30.000Z","volume":1000,"label":" ","price":11.16},{"type":"B","date":"2018-04-03T01:56:35.000Z","volume":11000,"label":" ","price":11.14},{"type":"B","date":"2018-04-03T01:56:36.000Z","volume":7000,"label":" ","price":11.12},{"type":"A","date":"2018-04-03T01:56:42.000Z","volume":10000,"label":" ","price":11.16},{"type":"U","date":"2018-04-03T01:56:47.000Z","volume":4000,"label":"X","price":11.14},{"type":"B","date":"2018-04-03T01:56:48.000Z","volume":4000,"label":"Y","price":11.14},{"type":"B","date":"2018-04-03T01:56:48.000Z","volume":6000,"label":" ","price":11.14},{"type":"B","date":"2018-04-03T01:56:48.000Z","volume":4000,"label":" ","price":11.14},{"type":"A","date":"2018-04-03T01:56:54.000Z","volume":6000,"label":" ","price":11.14},{"type":"A","date":"2018-04-03T01:57:02.000Z","volume":1000,"label":" ","price":11.14},{"type":"A","date":"2018-04-03T01:57:11.000Z","volume":3000,"label":" ","price":11.14},{"type":"B","date":"2018-04-03T01:57:38.000Z","volume":4000,"label":"Y","price":11.12},{"type":"B","date":"2018-04-03T01:57:38.000Z","volume":18000,"label":" ","price":11.12},{"type":"A","date":"2018-04-03T01:57:43.000Z","volume":1000,"label":" ","price":11.12},{"type":"A","date":"2018-04-03T01:57:48.000Z","volume":1000,"label":" ","price":11.12},{"type":"A","date":"2018-04-03T01:58:07.000Z","volume":1000,"label":" ","price":11.12},{"type":"A","date":"2018-04-03T01:58:16.000Z","volume":3000,"label":" ","price":11.12},{"type":"A","date":"2018-04-03T01:58:35.000Z","volume":10000,"label":" ","price":11.12},{"type":"B","date":"2018-04-03T01:58:37.000Z","volume":4000,"label":" ","price":11.1},{"type":"B","date":"2018-04-03T01:58:47.000Z","volume":4000,"label":" ","price":11.1},{"type":"A","date":"2018-04-03T01:58:47.000Z","volume":1000,"label":" ","price":11.12},{"type":"A","date":"2018-04-03T01:58:49.000Z","volume":2000,"label":" ","price":11.12},{"type":"B","date":"2018-04-03T01:58:50.000Z","volume":5000,"label":" ","price":11.1},{"type":"B","date":"2018-04-03T01:58:57.000Z","volume":4000,"label":" ","price":11.1},{"type":"A","date":"2018-04-03T01:59:03.000Z","volume":2000,"label":" ","price":11.12},{"type":"B","date":"2018-04-03T01:59:20.000Z","volume":7000,"label":" ","price":11.1},{"type":"B","date":"2018-04-03T01:59:20.000Z","volume":38000,"label":" ","price":11.1},{"type":"A","date":"2018-04-03T01:59:20.000Z","volume":3000,"label":" ","price":11.12},{"type":"B","date":"2018-04-03T01:59:32.000Z","volume":4000,"label":" ","price":11.1},{"type":"A","date":"2018-04-03T01:59:34.000Z","volume":350000,"label":" ","price":11.12},{"type":"A","date":"2018-04-03T01:59:34.000Z","volume":8000,"label":" ","price":11.12},{"type":"A","date":"2018-04-03T01:59:34.000Z","volume":11000,"label":" ","price":11.14},{"type":"B","date":"2018-04-03T01:59:34.000Z","volume":14000,"label":" ","price":11.12},{"type":"A","date":"2018-04-03T01:59:47.000Z","volume":1000,"label":" ","price":11.14},{"type":"A","date":"2018-04-03T02:00:01.000Z","volume":1000,"label":" ","price":11.14},{"type":"B","date":"2018-04-03T02:00:07.000Z","volume":40000,"label":" ","price":11.12},{"type":"B","date":"2018-04-03T02:00:15.000Z","volume":1000,"label":"Y","price":11.12},{"type":"B","date":"2018-04-03T02:00:15.000Z","volume":5000,"label":" ","price":11.12},{"type":"B","date":"2018-04-03T02:00:16.000Z","volume":14000,"label":" ","price":11.12},{"type":"A","date":"2018-04-03T02:00:16.000Z","volume":2000,"label":" ","price":11.14},{"type":"A","date":"2018-04-03T02:00:19.000Z","volume":30000,"label":" ","price":11.14},{"type":"A","date":"2018-04-03T02:00:27.000Z","volume":7000,"label":" ","price":11.14},{"type":"A","date":"2018-04-03T02:00:43.000Z","volume":126000,"label":" ","price":11.14},{"type":"A","date":"2018-04-03T02:00:43.000Z","volume":5000,"label":" ","price":11.16},{"type":"A","date":"2018-04-03T02:00:46.000Z","volume":1000,"label":" ","price":11.16},{"type":"A","date":"2018-04-03T02:00:46.000Z","volume":33000,"label":" ","price":11.16},{"type":"U","date":"2018-04-03T02:00:48.000Z","volume":1000,"label":" ","price":11.16},{"type":"U","date":"2018-04-03T02:00:48.000Z","volume":3000,"label":" ","price":11.16},{"type":"U","date":"2018-04-03T02:00:48.000Z","volume":14000,"label":" ","price":11.16},{"type":"U","date":"2018-04-03T02:00:57.000Z","volume":3000,"label":"X","price":11.15},{"type":"A","date":"2018-04-03T02:01:06.000Z","volume":17000,"label":" ","price":11.18},{"type":"A","date":"2018-04-03T02:01:06.000Z","volume":53000,"label":" ","price":11.18},{"type":"A","date":"2018-04-03T02:01:07.000Z","volume":4000,"label":" ","price":11.2},{"type":"B","date":"2018-04-03T02:01:11.000Z","volume":6000,"label":" ","price":11.18},{"type":"B","date":"2018-04-03T02:01:11.000Z","volume":45000,"label":" ","price":11.18},{"type":"B","date":"2018-04-03T02:01:11.000Z","volume":12000,"label":" ","price":11.18},{"type":"A","date":"2018-04-03T02:01:12.000Z","volume":1000,"label":" ","price":11.18},{"type":"B","date":"2018-04-03T02:01:13.000Z","volume":1000,"label":" ","price":11.18},{"type":"B","date":"2018-04-03T02:01:13.000Z","volume":27000,"label":" ","price":11.16},{"type":"B","date":"2018-04-03T02:01:13.000Z","volume":1000,"label":" ","price":11.16},{"type":"B","date":"2018-04-03T02:01:14.000Z","volume":1000,"label":" ","price":11.16},{"type":"U","date":"2018-04-03T02:01:28.000Z","volume":2000,"label":"X","price":11.139},{"type":"A","date":"2018-04-03T02:01:32.000Z","volume":5000,"label":" ","price":11.18},{"type":"U","date":"2018-04-03T02:01:47.000Z","volume":1000,"label":"X","price":11.16},{"type":"A","date":"2018-04-03T02:02:15.000Z","volume":89000,"label":" ","price":11.18},{"type":"B","date":"2018-04-03T02:02:15.000Z","volume":7000,"label":" ","price":11.18},{"type":"A","date":"2018-04-03T02:02:16.000Z","volume":3000,"label":" ","price":11.2},{"type":"B","date":"2018-04-03T02:02:19.000Z","volume":13000,"label":" ","price":11.18},{"type":"U","date":"2018-04-03T02:02:27.000Z","volume":1000,"label":"X","price":11.18},{"type":"B","date":"2018-04-03T02:02:32.000Z","volume":11000,"label":" ","price":11.18},{"type":"B","date":"2018-04-03T02:03:13.000Z","volume":3000,"label":" ","price":11.16},{"type":"B","date":"2018-04-03T02:03:20.000Z","volume":4000,"label":" ","price":11.16},{"type":"B","date":"2018-04-03T02:03:21.000Z","volume":2000,"label":" ","price":11.16},{"type":"A","date":"2018-04-03T02:03:28.000Z","volume":2000,"label":" ","price":11.18},{"type":"A","date":"2018-04-03T02:03:42.000Z","volume":1000,"label":" ","price":11.18},{"type":"B","date":"2018-04-03T02:03:43.000Z","volume":14000,"label":" ","price":11.16},{"type":"A","date":"2018-04-03T02:03:48.000Z","volume":3000,"label":" ","price":11.18},{"type":"B","date":"2018-04-03T02:03:55.000Z","volume":3000,"label":" ","price":11.16},{"type":"B","date":"2018-04-03T02:03:56.000Z","volume":6000,"label":" ","price":11.16},{"type":"B","date":"2018-04-03T02:03:56.000Z","volume":9000,"label":" ","price":11.16},{"type":"B","date":"2018-04-03T02:04:05.000Z","volume":40000,"label":" ","price":11.16},{"type":"B","date":"2018-04-03T02:04:15.000Z","volume":15000,"label":" ","price":11.16},{"type":"U","date":"2018-04-03T02:04:17.000Z","volume":1000,"label":"X","price":11.16},{"type":"U","date":"2018-04-03T02:04:18.000Z","volume":1000,"label":"X","price":11.161},{"type":"B","date":"2018-04-03T02:04:25.000Z","volume":12000,"label":" ","price":11.16},{"type":"B","date":"2018-04-03T02:04:25.000Z","volume":2000,"label":" ","price":11.16},{"type":"B","date":"2018-04-03T02:04:25.000Z","volume":2000,"label":" ","price":11.16},{"type":"U","date":"2018-04-03T02:04:27.000Z","volume":2000,"label":"X","price":11.16},{"type":"B","date":"2018-04-03T02:04:50.000Z","volume":26000,"label":" ","price":11.14},{"type":"B","date":"2018-04-03T02:05:10.000Z","volume":7000,"label":" ","price":11.14},{"type":"B","date":"2018-04-03T02:05:11.000Z","volume":13000,"label":" ","price":11.14},{"type":"B","date":"2018-04-03T02:05:11.000Z","volume":23000,"label":" ","price":11.14},{"type":"B","date":"2018-04-03T02:05:21.000Z","volume":6000,"label":" ","price":11.14},{"type":"B","date":"2018-04-03T02:05:22.000Z","volume":11000,"label":" ","price":11.14},{"type":"A","date":"2018-04-03T02:05:35.000Z","volume":10000,"label":" ","price":11.14},{"type":"B","date":"2018-04-03T02:05:56.000Z","volume":10000,"label":" ","price":11.12},{"type":"U","date":"2018-04-03T02:06:06.000Z","volume":1000,"label":"X","price":11.13},{"type":"A","date":"2018-04-03T02:06:14.000Z","volume":2000,"label":" ","price":11.14},{"type":"A","date":"2018-04-03T02:06:14.000Z","volume":6000,"label":" ","price":11.14},{"type":"B","date":"2018-04-03T02:06:17.000Z","volume":20000,"label":" ","price":11.12},{"type":"A","date":"2018-04-03T02:06:25.000Z","volume":1000,"label":" ","price":11.14},{"type":"U","date":"2018-04-03T02:06:28.000Z","volume":1000,"label":"X","price":11.12},{"type":"B","date":"2018-04-03T02:06:57.000Z","volume":6000,"label":" ","price":11.12},{"type":"B","date":"2018-04-03T02:07:24.000Z","volume":9000,"label":" ","price":11.12},{"type":"B","date":"2018-04-03T02:07:27.000Z","volume":7000,"label":" ","price":11.12},{"type":"B","date":"2018-04-03T02:07:51.000Z","volume":2000,"label":" ","price":11.12},{"type":"B","date":"2018-04-03T02:07:56.000Z","volume":7000,"label":" ","price":11.12},{"type":"A","date":"2018-04-03T02:08:07.000Z","volume":1000,"label":" ","price":11.14},{"type":"B","date":"2018-04-03T02:08:14.000Z","volume":7000,"label":" ","price":11.12},{"type":"B","date":"2018-04-03T02:08:14.000Z","volume":17000,"label":" ","price":11.12},{"type":"B","date":"2018-04-03T02:08:22.000Z","volume":4000,"label":" ","price":11.12},{"type":"B","date":"2018-04-03T02:08:32.000Z","volume":7000,"label":" ","price":11.12},{"type":"A","date":"2018-04-03T02:08:34.000Z","volume":4000,"label":" ","price":11.14},{"type":"B","date":"2018-04-03T02:08:41.000Z","volume":4000,"label":" ","price":11.12},{"type":"B","date":"2018-04-03T02:08:49.000Z","volume":4000,"label":" ","price":11.12},{"type":"B","date":"2018-04-03T02:08:51.000Z","volume":2000,"label":"Y","price":11.12},{"type":"B","date":"2018-04-03T02:08:51.000Z","volume":6000,"label":" ","price":11.12},{"type":"B","date":"2018-04-03T02:09:07.000Z","volume":7000,"label":" ","price":11.12},{"type":"B","date":"2018-04-03T02:09:08.000Z","volume":7000,"label":"Y","price":11.12},{"type":"B","date":"2018-04-03T02:09:08.000Z","volume":7000,"label":" ","price":11.12},{"type":"B","date":"2018-04-03T02:09:09.000Z","volume":1000,"label":" ","price":11.12},{"type":"A","date":"2018-04-03T02:09:10.000Z","volume":2000,"label":" ","price":11.14},{"type":"A","date":"2018-04-03T02:09:16.000Z","volume":50000,"label":" ","price":11.14},{"type":"B","date":"2018-04-03T02:09:30.000Z","volume":2000,"label":" ","price":11.12},{"type":"B","date":"2018-04-03T02:09:30.000Z","volume":2000,"label":" ","price":11.12},{"type":"B","date":"2018-04-03T02:09:36.000Z","volume":15000,"label":" ","price":11.12},{"type":"B","date":"2018-04-03T02:09:50.000Z","volume":2000,"label":" ","price":11.12},{"type":"A","date":"2018-04-03T02:09:52.000Z","volume":10000,"label":" ","price":11.14},{"type":"B","date":"2018-04-03T02:10:11.000Z","volume":27000,"label":" ","price":11.12},{"type":"B","date":"2018-04-03T02:10:29.000Z","volume":5000,"label":" ","price":11.12},{"type":"A","date":"2018-04-03T02:10:38.000Z","volume":2000,"label":" ","price":11.14},{"type":"B","date":"2018-04-03T02:10:38.000Z","volume":4000,"label":" ","price":11.12},{"type":"B","date":"2018-04-03T02:10:49.000Z","volume":5000,"label":" ","price":11.12},{"type":"A","date":"2018-04-03T02:10:51.000Z","volume":2000,"label":" ","price":11.14},{"type":"A","date":"2018-04-03T02:11:05.000Z","volume":1000,"label":" ","price":11.14},{"type":"A","date":"2018-04-03T02:11:06.000Z","volume":5000,"label":" ","price":11.14},{"type":"B","date":"2018-04-03T02:11:06.000Z","volume":6000,"label":" ","price":11.12},{"type":"B","date":"2018-04-03T02:11:16.000Z","volume":4000,"label":" ","price":11.12},{"type":"B","date":"2018-04-03T02:11:39.000Z","volume":7000,"label":" ","price":11.12},{"type":"B","date":"2018-04-03T02:11:51.000Z","volume":4000,"label":" ","price":11.12},{"type":"B","date":"2018-04-03T02:12:00.000Z","volume":4000,"label":" ","price":11.12},{"type":"B","date":"2018-04-03T02:12:02.000Z","volume":4000,"label":" ","price":11.12},{"type":"A","date":"2018-04-03T02:12:02.000Z","volume":1000,"label":" ","price":11.14},{"type":"B","date":"2018-04-03T02:12:17.000Z","volume":1000,"label":" ","price":11.12},{"type":"B","date":"2018-04-03T02:12:24.000Z","volume":7000,"label":" ","price":11.12},{"type":"A","date":"2018-04-03T02:12:33.000Z","volume":120000,"label":" ","price":11.14},{"type":"U","date":"2018-04-03T02:12:33.000Z","volume":1000,"label":"X","price":11.13},{"type":"A","date":"2018-04-03T02:12:34.000Z","volume":5000,"label":" ","price":11.14},{"type":"A","date":"2018-04-03T02:12:35.000Z","volume":160000,"label":" ","price":11.14},{"type":"A","date":"2018-04-03T02:12:35.000Z","volume":355000,"label":" ","price":11.14},{"type":"A","date":"2018-04-03T02:12:35.000Z","volume":64000,"label":" ","price":11.16},{"type":"A","date":"2018-04-03T02:12:35.000Z","volume":14000,"label":" ","price":11.16},{"type":"A","date":"2018-04-03T02:12:35.000Z","volume":7000,"label":" ","price":11.16},{"type":"A","date":"2018-04-03T02:12:35.000Z","volume":6000,"label":" ","price":11.16},{"type":"B","date":"2018-04-03T02:12:35.000Z","volume":4000,"label":" ","price":11.16},{"type":"A","date":"2018-04-03T02:12:35.000Z","volume":18000,"label":" ","price":11.18},{"type":"B","date":"2018-04-03T02:12:37.000Z","volume":21000,"label":" ","price":11.16},{"type":"A","date":"2018-04-03T02:12:37.000Z","volume":1000,"label":" ","price":11.16},{"type":"A","date":"2018-04-03T02:12:39.000Z","volume":10000,"label":" ","price":11.16},{"type":"B","date":"2018-04-03T02:13:12.000Z","volume":2000,"label":" ","price":11.14},{"type":"B","date":"2018-04-03T02:13:27.000Z","volume":120000,"label":" ","price":11.14},{"type":"B","date":"2018-04-03T02:13:27.000Z","volume":34000,"label":" ","price":11.14},{"type":"A","date":"2018-04-03T02:13:28.000Z","volume":1000,"label":" ","price":11.14},{"type":"A","date":"2018-04-03T02:13:29.000Z","volume":4000,"label":" ","price":11.14},{"type":"A","date":"2018-04-03T02:13:32.000Z","volume":6000,"label":" ","price":11.14},{"type":"B","date":"2018-04-03T02:13:40.000Z","volume":7000,"label":" ","price":11.12},{"type":"U","date":"2018-04-03T02:13:47.000Z","volume":7000,"label":"X","price":11.14},{"type":"U","date":"2018-04-03T02:13:47.000Z","volume":2000,"label":"X","price":11.13},{"type":"A","date":"2018-04-03T02:13:53.000Z","volume":6000,"label":" ","price":11.14},{"type":"B","date":"2018-04-03T02:14:00.000Z","volume":7000,"label":" ","price":11.12},{"type":"A","date":"2018-04-03T02:14:03.000Z","volume":2000,"label":" ","price":11.14},{"type":"A","date":"2018-04-03T02:14:05.000Z","volume":7000,"label":" ","price":11.14},{"type":"U","date":"2018-04-03T02:14:05.000Z","volume":26000,"label":"X","price":11.14},{"type":"U","date":"2018-04-03T02:14:18.000Z","volume":2000,"label":"X","price":11.139},{"type":"B","date":"2018-04-03T02:14:30.000Z","volume":7000,"label":" ","price":11.12},{"type":"U","date":"2018-04-03T02:14:33.000Z","volume":1000,"label":"X","price":11.12},{"type":"A","date":"2018-04-03T02:14:40.000Z","volume":1000,"label":" ","price":11.14},{"type":"A","date":"2018-04-03T02:14:42.000Z","volume":5000,"label":" ","price":11.14},{"type":"B","date":"2018-04-03T02:15:00.000Z","volume":7000,"label":" ","price":11.12},{"type":"B","date":"2018-04-03T02:15:02.000Z","volume":21000,"label":" ","price":11.12},{"type":"A","date":"2018-04-03T02:15:18.000Z","volume":1000,"label":"Y","price":11.14},{"type":"A","date":"2018-04-03T02:15:18.000Z","volume":9000,"label":" ","price":11.14},{"type":"B","date":"2018-04-03T02:15:20.000Z","volume":7000,"label":" ","price":11.12},{"type":"B","date":"2018-04-03T02:15:25.000Z","volume":1000,"label":" ","price":11.12},{"type":"B","date":"2018-04-03T02:15:30.000Z","volume":2000,"label":" ","price":11.12},{"type":"B","date":"2018-04-03T02:15:30.000Z","volume":7000,"label":"Y","price":11.12},{"type":"A","date":"2018-04-03T02:15:31.000Z","volume":2000,"label":" ","price":11.14},{"type":"B","date":"2018-04-03T02:15:40.000Z","volume":7000,"label":" ","price":11.12},{"type":"B","date":"2018-04-03T02:15:43.000Z","volume":14000,"label":" ","price":11.12},{"type":"U","date":"2018-04-03T02:15:51.000Z","volume":1000,"label":"X","price":11.13},{"type":"U","date":"2018-04-03T02:15:58.000Z","volume":1000,"label":"X","price":11.124},{"type":"B","date":"2018-04-03T02:16:00.000Z","volume":7000,"label":" ","price":11.12},{"type":"B","date":"2018-04-03T02:16:07.000Z","volume":7000,"label":" ","price":11.12},{"type":"B","date":"2018-04-03T02:16:07.000Z","volume":2000,"label":" ","price":11.12},{"type":"B","date":"2018-04-03T02:16:22.000Z","volume":5000,"label":" ","price":11.12},{"type":"A","date":"2018-04-03T02:16:22.000Z","volume":2000,"label":" ","price":11.14},{"type":"B","date":"2018-04-03T02:16:27.000Z","volume":7000,"label":" ","price":11.12},{"type":"B","date":"2018-04-03T02:16:47.000Z","volume":7000,"label":" ","price":11.12},{"type":"A","date":"2018-04-03T02:16:52.000Z","volume":20000,"label":" ","price":11.14},{"type":"A","date":"2018-04-03T02:16:57.000Z","volume":530000,"label":" ","price":11.14},{"type":"A","date":"2018-04-03T02:16:57.000Z","volume":215000,"label":" ","price":11.16},{"type":"A","date":"2018-04-03T02:16:57.000Z","volume":74000,"label":" ","price":11.16},{"type":"A","date":"2018-04-03T02:16:57.000Z","volume":38000,"label":" ","price":11.18},{"type":"B","date":"2018-04-03T02:16:57.000Z","volume":3000,"label":" ","price":11.18},{"type":"B","date":"2018-04-03T02:16:57.000Z","volume":2000,"label":" ","price":11.18},{"type":"B","date":"2018-04-03T02:16:57.000Z","volume":34000,"label":" ","price":11.18},{"type":"A","date":"2018-04-03T02:16:58.000Z","volume":4000,"label":"Y","price":11.2},{"type":"A","date":"2018-04-03T02:16:58.000Z","volume":28000,"label":" ","price":11.2},{"type":"A","date":"2018-04-03T02:17:02.000Z","volume":1000,"label":" ","price":11.2},{"type":"B","date":"2018-04-03T02:17:07.000Z","volume":7000,"label":" ","price":11.18},{"type":"B","date":"2018-04-03T02:17:10.000Z","volume":13000,"label":" ","price":11.18},{"type":"B","date":"2018-04-03T02:17:10.000Z","volume":7000,"label":" ","price":11.16},{"type":"A","date":"2018-04-03T02:17:10.000Z","volume":1000,"label":" ","price":11.18},{"type":"U","date":"2018-04-03T02:17:14.000Z","volume":20000,"label":"X","price":11.18},{"type":"A","date":"2018-04-03T02:17:14.000Z","volume":3000,"label":" ","price":11.18},{"type":"U","date":"2018-04-03T02:17:14.000Z","volume":23000,"label":"X","price":11.18},{"type":"U","date":"2018-04-03T02:17:17.000Z","volume":19000,"label":"X","price":11.14},{"type":"U","date":"2018-04-03T02:17:17.000Z","volume":9000,"label":"X","price":11.14},{"type":"A","date":"2018-04-03T02:17:23.000Z","volume":13000,"label":" ","price":11.18},{"type":"B","date":"2018-04-03T02:17:30.000Z","volume":8000,"label":" ","price":11.16},{"type":"B","date":"2018-04-03T02:17:45.000Z","volume":7000,"label":" ","price":11.16},{"type":"A","date":"2018-04-03T02:17:51.000Z","volume":7000,"label":"Y","price":11.18},{"type":"A","date":"2018-04-03T02:17:51.000Z","volume":93000,"label":" ","price":11.18},{"type":"B","date":"2018-04-03T02:18:00.000Z","volume":7000,"label":" ","price":11.16},{"type":"A","date":"2018-04-03T02:18:03.000Z","volume":5000,"label":" ","price":11.18},{"type":"A","date":"2018-04-03T02:18:07.000Z","volume":2000,"label":" ","price":11.18},{"type":"B","date":"2018-04-03T02:18:14.000Z","volume":20000,"label":" ","price":11.16},{"type":"B","date":"2018-04-03T02:18:15.000Z","volume":13000,"label":" ","price":11.16},{"type":"A","date":"2018-04-03T02:18:19.000Z","volume":5000,"label":" ","price":11.18},{"type":"B","date":"2018-04-03T02:18:20.000Z","volume":7000,"label":" ","price":11.16},{"type":"B","date":"2018-04-03T02:18:22.000Z","volume":15000,"label":" ","price":11.16},{"type":"B","date":"2018-04-03T02:18:23.000Z","volume":10000,"label":" ","price":11.16},{"type":"B","date":"2018-04-03T02:18:26.000Z","volume":8000,"label":" ","price":11.16},{"type":"B","date":"2018-04-03T02:18:32.000Z","volume":2000,"label":"Y","price":11.16},{"type":"B","date":"2018-04-03T02:18:32.000Z","volume":15000,"label":" ","price":11.16},{"type":"B","date":"2018-04-03T02:18:40.000Z","volume":7000,"label":" ","price":11.16},{"type":"U","date":"2018-04-03T02:18:40.000Z","volume":1000,"label":"X","price":11.17},{"type":"B","date":"2018-04-03T02:18:41.000Z","volume":9000,"label":" ","price":11.16},{"type":"B","date":"2018-04-03T02:18:45.000Z","volume":1000,"label":" ","price":11.16},{"type":"A","date":"2018-04-03T02:18:58.000Z","volume":2000,"label":"Y","price":11.18},{"type":"B","date":"2018-04-03T02:19:00.000Z","volume":7000,"label":" ","price":11.16},{"type":"B","date":"2018-04-03T02:19:01.000Z","volume":3000,"label":" ","price":11.16},{"type":"B","date":"2018-04-03T02:19:19.000Z","volume":1000,"label":" ","price":11.16},{"type":"B","date":"2018-04-03T02:19:19.000Z","volume":7000,"label":" ","price":11.16},{"type":"B","date":"2018-04-03T02:19:29.000Z","volume":7000,"label":" ","price":11.16},{"type":"B","date":"2018-04-03T02:19:55.000Z","volume":7000,"label":" ","price":11.16},{"type":"A","date":"2018-04-03T02:20:00.000Z","volume":1000,"label":" ","price":11.18},{"type":"A","date":"2018-04-03T02:20:20.000Z","volume":2000,"label":" ","price":11.18},{"type":"A","date":"2018-04-03T02:20:27.000Z","volume":5000,"label":" ","price":11.18},{"type":"U","date":"2018-04-03T02:20:44.000Z","volume":1000,"label":"X","price":11.17},{"type":"B","date":"2018-04-03T02:20:47.000Z","volume":8000,"label":" ","price":11.16},{"type":"B","date":"2018-04-03T02:21:00.000Z","volume":4000,"label":" ","price":11.16},{"type":"B","date":"2018-04-03T02:21:13.000Z","volume":13000,"label":" ","price":11.16},{"type":"B","date":"2018-04-03T02:21:23.000Z","volume":23000,"label":" ","price":11.16},{"type":"B","date":"2018-04-03T02:21:27.000Z","volume":7000,"label":" ","price":11.16},{"type":"A","date":"2018-04-03T02:21:27.000Z","volume":20000,"label":" ","price":11.18},{"type":"B","date":"2018-04-03T02:21:45.000Z","volume":10000,"label":" ","price":11.16},{"type":"A","date":"2018-04-03T02:21:47.000Z","volume":2000,"label":" ","price":11.18},{"type":"B","date":"2018-04-03T02:21:53.000Z","volume":7000,"label":" ","price":11.16},{"type":"A","date":"2018-04-03T02:21:59.000Z","volume":1000,"label":" ","price":11.18},{"type":"B","date":"2018-04-03T02:22:00.000Z","volume":10000,"label":" ","price":11.16},{"type":"B","date":"2018-04-03T02:22:04.000Z","volume":4000,"label":" ","price":11.16},{"type":"B","date":"2018-04-03T02:22:15.000Z","volume":8000,"label":" ","price":11.16},{"type":"B","date":"2018-04-03T02:22:15.000Z","volume":4000,"label":" ","price":11.16},{"type":"B","date":"2018-04-03T02:22:22.000Z","volume":4000,"label":" ","price":11.16},{"type":"B","date":"2018-04-03T02:22:30.000Z","volume":7000,"label":" ","price":11.16},{"type":"B","date":"2018-04-03T02:22:31.000Z","volume":6000,"label":" ","price":11.16},{"type":"U","date":"2018-04-03T02:22:31.000Z","volume":1000,"label":"X","price":11.17},{"type":"B","date":"2018-04-03T02:22:37.000Z","volume":5000,"label":" ","price":11.16},{"type":"B","date":"2018-04-03T02:22:38.000Z","volume":13000,"label":" ","price":11.16},{"type":"A","date":"2018-04-03T02:22:38.000Z","volume":1000,"label":" ","price":11.18},{"type":"B","date":"2018-04-03T02:22:40.000Z","volume":7000,"label":" ","price":11.16},{"type":"A","date":"2018-04-03T02:22:41.000Z","volume":1000,"label":" ","price":11.18},{"type":"A","date":"2018-04-03T02:22:43.000Z","volume":1000,"label":" ","price":11.18},{"type":"B","date":"2018-04-03T02:22:44.000Z","volume":3000,"label":" ","price":11.16},{"type":"B","date":"2018-04-03T02:22:44.000Z","volume":7000,"label":" ","price":11.16},{"type":"B","date":"2018-04-03T02:22:45.000Z","volume":2000,"label":" ","price":11.16},{"type":"B","date":"2018-04-03T02:22:52.000Z","volume":15000,"label":" ","price":11.16},{"type":"B","date":"2018-04-03T02:22:52.000Z","volume":5000,"label":" ","price":11.16},{"type":"B","date":"2018-04-03T02:22:52.000Z","volume":26000,"label":" ","price":11.16},{"type":"B","date":"2018-04-03T02:22:52.000Z","volume":10000,"label":"Y","price":11.16},{"type":"B","date":"2018-04-03T02:22:52.000Z","volume":1000,"label":" ","price":11.16},{"type":"B","date":"2018-04-03T02:22:52.000Z","volume":19000,"label":" ","price":11.16},{"type":"B","date":"2018-04-03T02:22:52.000Z","volume":29000,"label":" ","price":11.16},{"type":"B","date":"2018-04-03T02:22:52.000Z","volume":2000,"label":" ","price":11.16},{"type":"B","date":"2018-04-03T02:22:57.000Z","volume":6000,"label":" ","price":11.14},{"type":"A","date":"2018-04-03T02:23:14.000Z","volume":10000,"label":" ","price":11.16},{"type":"B","date":"2018-04-03T02:23:20.000Z","volume":8000,"label":" ","price":11.14},{"type":"A","date":"2018-04-03T02:23:24.000Z","volume":4000,"label":" ","price":11.16},{"type":"A","date":"2018-04-03T02:23:32.000Z","volume":4000,"label":" ","price":11.16},{"type":"U","date":"2018-04-03T02:23:38.000Z","volume":1000,"label":"X","price":11.16},{"type":"U","date":"2018-04-03T02:23:38.000Z","volume":1000,"label":"X","price":11.16},{"type":"U","date":"2018-04-03T02:23:39.000Z","volume":1000,"label":"X","price":11.16},{"type":"U","date":"2018-04-03T02:23:39.000Z","volume":1000,"label":"X","price":11.16},{"type":"B","date":"2018-04-03T02:23:40.000Z","volume":7000,"label":" ","price":11.14},{"type":"B","date":"2018-04-03T02:24:02.000Z","volume":9000,"label":" ","price":11.14},{"type":"B","date":"2018-04-03T02:24:13.000Z","volume":4000,"label":" ","price":11.14},{"type":"B","date":"2018-04-03T02:24:19.000Z","volume":5000,"label":" ","price":11.14},{"type":"B","date":"2018-04-03T02:24:28.000Z","volume":15000,"label":" ","price":11.14},{"type":"B","date":"2018-04-03T02:24:30.000Z","volume":6000,"label":" ","price":11.14},{"type":"A","date":"2018-04-03T02:24:39.000Z","volume":1000,"label":" ","price":11.16},{"type":"B","date":"2018-04-03T02:24:45.000Z","volume":10000,"label":" ","price":11.14},{"type":"B","date":"2018-04-03T02:24:45.000Z","volume":6000,"label":" ","price":11.14},{"type":"B","date":"2018-04-03T02:25:00.000Z","volume":9000,"label":" ","price":11.14},{"type":"B","date":"2018-04-03T02:25:01.000Z","volume":4000,"label":" ","price":11.14},{"type":"B","date":"2018-04-03T02:25:11.000Z","volume":1000,"label":" ","price":11.14},{"type":"B","date":"2018-04-03T02:25:14.000Z","volume":4000,"label":" ","price":11.14},{"type":"A","date":"2018-04-03T02:25:19.000Z","volume":1000,"label":" ","price":11.16},{"type":"B","date":"2018-04-03T02:25:30.000Z","volume":7000,"label":" ","price":11.14},{"type":"A","date":"2018-04-03T02:25:30.000Z","volume":5000,"label":" ","price":11.16},{"type":"B","date":"2018-04-03T02:25:31.000Z","volume":5000,"label":" ","price":11.14},{"type":"B","date":"2018-04-03T02:25:40.000Z","volume":58000,"label":" ","price":11.14},{"type":"U","date":"2018-04-03T02:25:40.000Z","volume":1000,"label":"X","price":11.15},{"type":"B","date":"2018-04-03T02:25:40.000Z","volume":1000,"label":" ","price":11.14},{"type":"B","date":"2018-04-03T02:25:40.000Z","volume":7000,"label":" ","price":11.14},{"type":"B","date":"2018-04-03T02:25:41.000Z","volume":26000,"label":" ","price":11.14}