[{"type":"A","date":"2018-03-14T07:59:04.000Z","volume":80000,"price":5.4,"category":"ubbull"},{"type":"A","date":"2018-03-14T07:57:27.000Z","volume":80000,"price":5.4,"category":"ubbull"},{"type":"A","date":"2018-03-14T07:57:13.000Z","volume":158000,"price":5.39,"category":"ubbull"},{"type":"A","date":"2018-03-14T07:57:12.000Z","volume":160000,"price":5.39,"category":"ubbull"},{"type":"A","date":"2018-03-14T07:55:12.000Z","volume":60000,"price":5.4,"category":"ubbull"},{"type":"A","date":"2018-03-14T07:54:27.000Z","volume":154000,"price":5.4,"category":"ubbull"},{"type":"A","date":"2018-03-14T07:53:07.000Z","volume":100000,"price":5.4,"category":"ubbull"},{"type":"A","date":"2018-03-14T07:50:31.000Z","volume":184000,"price":5.39,"category":"ubbull"},{"type":"A","date":"2018-03-14T07:50:19.000Z","volume":114000,"price":5.39,"category":"ubbull"},{"type":"A","date":"2018-03-14T07:50:13.000Z","volume":90000,"price":5.39,"category":"ubbull"},{"type":"A","date":"2018-03-14T07:49:49.000Z","volume":200000,"price":5.39,"category":"ubbull"},{"type":"A","date":"2018-03-14T07:49:05.000Z","volume":474000,"price":5.39,"category":"ubbull"},{"type":"A","date":"2018-03-14T07:47:15.000Z","volume":168000,"price":5.38,"category":"ubbull"},{"type":"A","date":"2018-03-14T07:47:15.000Z","volume":464000,"price":5.38,"category":"ubbull"},{"type":"A","date":"2018-03-14T07:45:22.000Z","volume":72000,"price":5.39,"category":"ubbull"},{"type":"A","date":"2018-03-14T07:43:22.000Z","volume":70000,"price":5.39,"category":"ubbull"},{"type":"A","date":"2018-03-14T07:41:22.000Z","volume":72000,"price":5.39,"category":"ubbull"},{"type":"A","date":"2018-03-14T07:39:31.000Z","volume":92000,"price":5.39,"category":"ubbull"},{"type":"A","date":"2018-03-14T07:39:22.000Z","volume":70000,"price":5.39,"category":"ubbull"},{"type":"A","date":"2018-03-14T07:39:21.000Z","volume":226000,"price":5.39,"category":"ubbull"},{"type":"A","date":"2018-03-14T07:36:12.000Z","volume":72000,"price":5.39,"category":"ubbull"},{"type":"A","date":"2018-03-14T07:35:28.000Z","volume":74000,"price":5.39,"category":"ubbull"},{"type":"A","date":"2018-03-14T07:34:41.000Z","volume":82000,"price":5.39,"category":"ubbull"},{"type":"A","date":"2018-03-14T07:30:43.000Z","volume":250000,"price":5.38,"category":"ubbull"},{"type":"A","date":"2018-03-14T07:27:05.000Z","volume":160000,"price":5.37,"category":"ubbull"},{"type":"A","date":"2018-03-14T07:25:08.000Z","volume":66000,"price":5.37,"category":"ubbull"},{"type":"A","date":"2018-03-14T07:24:19.000Z","volume":120000,"price":5.37,"category":"ubbull"},{"type":"A","date":"2018-03-14T07:20:48.000Z","volume":70000,"price":5.36,"category":"ubbull"},{"type":"A","date":"2018-03-14T07:20:43.000Z","volume":100000,"price":5.36,"category":"ubbull"},{"type":"A","date":"2018-03-14T07:19:42.000Z","volume":68000,"price":5.36,"category":"ubbull"},{"type":"A","date":"2018-03-14T07:16:31.000Z","volume":100000,"price":5.36,"category":"ubbull"},{"type":"A","date":"2018-03-14T07:15:52.000Z","volume":66000,"price":5.36,"category":"ubbull"},{"type":"A","date":"2018-03-14T07:15:36.000Z","volume":78000,"price":5.36,"category":"ubbull"},{"type":"A","date":"2018-03-14T07:08:35.000Z","volume":100000,"price":5.36,"category":"ubbull"},{"type":"A","date":"2018-03-14T06:54:53.000Z","volume":200000,"price":5.36,"category":"ubbull"},{"type":"A","date":"2018-03-14T06:54:27.000Z","volume":144000,"price":5.36,"category":"ubbull"},{"type":"A","date":"2018-03-14T06:42:15.000Z","volume":230000,"price":5.36,"category":"ubbull"},{"type":"A","date":"2018-03-14T06:42:14.000Z","volume":278000,"price":5.36,"category":"ubbull"},{"type":"A","date":"2018-03-14T06:41:15.000Z","volume":252000,"price":5.36,"category":"ubbull"},{"type":"A","date":"2018-03-14T06:40:13.000Z","volume":84000,"price":5.36,"category":"ubbull"},{"type":"A","date":"2018-03-14T06:34:05.000Z","volume":90000,"price":5.36,"category":"ubbull"},{"type":"A","date":"2018-03-14T06:33:08.000Z","volume":112000,"price":5.36,"category":"ubbull"},{"type":"A","date":"2018-03-14T06:28:45.000Z","volume":74000,"price":5.36,"category":"ubbull"},{"type":"A","date":"2018-03-14T06:28:22.000Z","volume":238000,"price":5.36,"category":"ubbull"},{"type":"A","date":"2018-03-14T06:28:22.000Z","volume":142000,"price":5.36,"category":"ubbull"},{"type":"A","date":"2018-03-14T06:27:19.000Z","volume":500000,"price":5.37,"category":"ubbull"},{"type":"A","date":"2018-03-14T06:27:19.000Z","volume":60000,"price":5.37,"category":"ubbull"},{"type":"A","date":"2018-03-14T06:22:46.000Z","volume":110000,"price":5.37,"category":"ubbull"},{"type":"A","date":"2018-03-14T06:14:42.000Z","volume":64000,"price":5.37,"category":"ubbull"},{"type":"A","date":"2018-03-14T06:13:25.000Z","volume":68000,"price":5.37,"category":"ubbull"},{"type":"A","date":"2018-03-14T06:10:40.000Z","volume":94000,"price":5.37,"category":"ubbull"},{"type":"A","date":"2018-03-14T06:08:53.000Z","volume":100000,"price":5.37,"category":"ubbull"},{"type":"A","date":"2018-03-14T06:00:00.000Z","volume":108000,"price":5.36,"category":"ubbull"},{"type":"A","date":"2018-03-14T05:59:38.000Z","volume":68000,"price":5.36,"category":"ubbull"},{"type":"A","date":"2018-03-14T05:59:27.000Z","volume":160000,"price":5.36,"category":"ubbull"},{"type":"A","date":"2018-03-14T05:56:17.000Z","volume":300000,"price":5.36,"category":"ubbull"},{"type":"A","date":"2018-03-14T05:55:15.000Z","volume":852000,"price":5.35,"category":"ubbull"},{"type":"A","date":"2018-03-14T05:55:15.000Z","volume":316000,"price":5.35,"category":"ubbull"},{"type":"A","date":"2018-03-14T05:55:15.000Z","volume":464000,"price":5.35,"category":"ubbull"},{"type":"A","date":"2018-03-14T05:55:15.000Z","volume":530000,"price":5.35,"category":"ubbull"},{"type":"A","date":"2018-03-14T05:51:07.000Z","volume":300000,"price":5.35,"category":"ubbull"},{"type":"A","date":"2018-03-14T05:49:17.000Z","volume":244000,"price":5.35,"category":"ubbull"},{"type":"A","date":"2018-03-14T05:39:37.000Z","volume":558000,"price":5.34,"category":"ubbull"},{"type":"A","date":"2018-03-14T05:39:37.000Z","volume":274000,"price":5.34,"category":"ubbull"},{"type":"A","date":"2018-03-14T05:38:34.000Z","volume":318000,"price":5.34,"category":"ubbull"},{"type":"A","date":"2018-03-14T05:36:32.000Z","volume":312000,"price":5.34,"category":"ubbull"},{"type":"A","date":"2018-03-14T05:13:56.000Z","volume":400000,"price":5.35,"category":"ubbull"},{"type":"A","date":"2018-03-14T05:13:51.000Z","volume":100000,"price":5.35,"category":"ubbull"},{"type":"A","date":"2018-03-14T05:10:49.000Z","volume":950000,"price":5.35,"category":"ubbull"},{"type":"A","date":"2018-03-14T05:00:00.000Z","volume":418000,"price":5.34,"category":"ubbull"},{"type":"A","date":"2018-03-14T03:48:28.000Z","volume":62000,"price":5.35,"category":"ubbull"},{"type":"A","date":"2018-03-14T03:36:18.000Z","volume":582000,"price":5.35,"category":"ubbull"},{"type":"A","date":"2018-03-14T03:36:16.000Z","volume":270000,"price":5.35,"category":"ubbull"},{"type":"A","date":"2018-03-14T03:21:27.000Z","volume":160000,"price":5.35,"category":"ubbull"},{"type":"A","date":"2018-03-14T03:08:55.000Z","volume":208000,"price":5.35,"category":"ubbull"},{"type":"A","date":"2018-03-14T03:08:55.000Z","volume":1000000,"price":5.35,"category":"ubbull"},{"type":"A","date":"2018-03-14T02:50:02.000Z","volume":192000,"price":5.36,"category":"ubbull"},{"type":"A","date":"2018-03-14T02:48:20.000Z","volume":1476000,"price":5.35,"category":"ubbull"},{"type":"A","date":"2018-03-14T02:35:30.000Z","volume":74000,"price":5.34,"category":"ubbull"},{"type":"A","date":"2018-03-14T02:35:29.000Z","volume":70000,"price":5.34,"category":"ubbull"},{"type":"A","date":"2018-03-14T02:35:29.000Z","volume":200000,"price":5.34,"category":"ubbull"},{"type":"A","date":"2018-03-14T02:34:51.000Z","volume":84000,"price":5.34,"category":"ubbull"},{"type":"A","date":"2018-03-14T02:21:29.000Z","volume":94000,"price":5.34,"category":"ubbull"},{"type":"A","date":"2018-03-14T02:21:05.000Z","volume":60000,"price":5.34,"category":"ubbull"},{"type":"A","date":"2018-03-14T02:20:54.000Z","volume":182000,"price":5.34,"category":"ubbull"},{"type":"A","date":"2018-03-14T02:17:15.000Z","volume":506000,"price":5.34,"category":"ubbull"},{"type":"A","date":"2018-03-14T02:17:15.000Z","volume":700000,"price":5.34,"category":"ubbull"},{"type":"A","date":"2018-03-14T02:14:45.000Z","volume":84000,"price":5.34,"category":"ubbull"},{"type":"A","date":"2018-03-14T02:13:52.000Z","volume":200000,"price":5.34,"category":"ubbull"},{"type":"A","date":"2018-03-14T02:11:56.000Z","volume":120000,"price":5.34,"category":"ubbull"},{"type":"A","date":"2018-03-14T02:09:11.000Z","volume":74000,"price":5.34,"category":"ubbull"},{"type":"A","date":"2018-03-14T02:09:11.000Z","volume":426000,"price":5.34,"category":"ubbull"},{"type":"A","date":"2018-03-14T02:09:11.000Z","volume":150000,"price":5.34,"category":"ubbull"},{"type":"A","date":"2018-03-14T01:39:40.000Z","volume":100000,"price":5.34,"category":"ubbull"},{"type":"A","date":"2018-03-14T01:39:32.000Z","volume":100000,"price":5.34,"category":"ubbull"},{"type":"A","date":"2018-03-14T01:39:27.000Z","volume":652000,"price":5.34,"category":"ubbull"},{"type":"A","date":"2018-03-14T01:32:54.000Z","volume":312000,"price":5.35,"category":"ubbull"},{"type":"A","date":"2018-03-14T01:32:44.000Z","volume":64000,"price":5.35,"category":"ubbull"},{"type":"A","date":"2018-03-14T01:31:37.000Z","volume":158000,"price":5.38,"category":"ubbull"},{"type":"A","date":"2018-03-14T01:31:31.000Z","volume":82000,"price":5.37,"category":"ubbull"},{"type":"A","date":"2018-03-14T01:31:31.000Z","volume":664000,"price":5.37,"category":"ubbull"},{"type":"A","date":"2018-03-14T01:31:30.000Z","volume":134000,"price":5.36,"category":"ubbull"},{"type":"A","date":"2018-03-14T01:31:30.000Z","volume":270000,"price":5.36,"category":"ubbull"},{"type":"A","date":"2018-03-14T01:30:00.000Z","volume":80000,"price":5.37,"category":"ubbull"},{"type":"A","date":"2018-03-14T07:59:54.000Z","volume":40000,"price":5.4,"category":"bbull"},{"type":"A","date":"2018-03-14T07:59:30.000Z","volume":22000,"price":5.4,"category":"bbull"},{"type":"A","date":"2018-03-14T07:59:06.000Z","volume":50000,"price":5.4,"category":"bbull"},{"type":"A","date":"2018-03-14T07:59:05.000Z","volume":26000,"price":5.4,"category":"bbull"},{"type":"A","date":"2018-03-14T07:59:04.000Z","volume":58000,"price":5.4,"category":"bbull"},{"type":"A","date":"2018-03-14T07:57:12.000Z","volume":28000,"price":5.39,"category":"bbull"},{"type":"A","date":"2018-03-14T07:57:11.000Z","volume":50000,"price":5.39,"category":"bbull"},{"type":"A","date":"2018-03-14T07:56:33.000Z","volume":20000,"price":5.39,"category":"bbull"},{"type":"A","date":"2018-03-14T07:54:04.000Z","volume":20000,"price":5.4,"category":"bbull"},{"type":"A","date":"2018-03-14T07:53:45.000Z","volume":40000,"price":5.4,"category":"bbull"},{"type":"A","date":"2018-03-14T07:50:34.000Z","volume":20000,"price":5.39,"category":"bbull"},{"type":"A","date":"2018-03-14T07:48:59.000Z","volume":50000,"price":5.39,"category":"bbull"},{"type":"A","date":"2018-03-14T07:47:57.000Z","volume":20000,"price":5.39,"category":"bbull"},{"type":"A","date":"2018-03-14T07:47:15.000Z","volume":30000,"price":5.38,"category":"bbull"},{"type":"A","date":"2018-03-14T07:47:06.000Z","volume":46000,"price":5.38,"category":"bbull"},{"type":"A","date":"2018-03-14T07:46:57.000Z","volume":24000,"price":5.38,"category":"bbull"},{"type":"A","date":"2018-03-14T07:46:52.000Z","volume":20000,"price":5.39,"category":"bbull"},{"type":"A","date":"2018-03-14T07:39:15.000Z","volume":26000,"price":5.39,"category":"bbull"},{"type":"A","date":"2018-03-14T07:39:00.000Z","volume":26000,"price":5.39,"category":"bbull"},{"type":"A","date":"2018-03-14T07:38:48.000Z","volume":26000,"price":5.39,"category":"bbull"},{"type":"A","date":"2018-03-14T07:38:36.000Z","volume":26000,"price":5.39,"category":"bbull"},{"type":"A","date":"2018-03-14T07:38:24.000Z","volume":26000,"price":5.39,"category":"bbull"},{"type":"A","date":"2018-03-14T07:38:12.000Z","volume":26000,"price":5.39,"category":"bbull"},{"type":"A","date":"2018-03-14T07:38:00.000Z","volume":26000,"price":5.39,"category":"bbull"},{"type":"A","date":"2018-03-14T07:37:45.000Z","volume":26000,"price":5.39,"category":"bbull"},{"type":"A","date":"2018-03-14T07:37:30.000Z","volume":26000,"price":5.39,"category":"bbull"},{"type":"A","date":"2018-03-14T07:36:48.000Z","volume":26000,"price":5.4,"category":"bbull"},{"type":"A","date":"2018-03-14T07:36:36.000Z","volume":26000,"price":5.4,"category":"bbull"},{"type":"A","date":"2018-03-14T07:36:24.000Z","volume":26000,"price":5.4,"category":"bbull"},{"type":"A","date":"2018-03-14T07:36:12.000Z","volume":46000,"price":5.39,"category":"bbull"},{"type":"A","date":"2018-03-14T07:36:00.000Z","volume":26000,"price":5.39,"category":"bbull"},{"type":"A","date":"2018-03-14T07:35:48.000Z","volume":22000,"price":5.39,"category":"bbull"},{"type":"A","date":"2018-03-14T07:35:36.000Z","volume":26000,"price":5.39,"category":"bbull"},{"type":"A","date":"2018-03-14T07:35:24.000Z","volume":26000,"price":5.39,"category":"bbull"},{"type":"A","date":"2018-03-14T07:35:12.000Z","volume":26000,"price":5.39,"category":"bbull"},{"type":"A","date":"2018-03-14T07:35:00.000Z","volume":20000,"price":5.39,"category":"bbull"},{"type":"A","date":"2018-03-14T07:34:45.000Z","volume":26000,"price":5.39,"category":"bbull"},{"type":"A","date":"2018-03-14T07:34:30.000Z","volume":26000,"price":5.39,"category":"bbull"},{"type":"A","date":"2018-03-14T07:34:15.000Z","volume":28000,"price":5.39,"category":"bbull"},{"type":"A","date":"2018-03-14T07:33:53.000Z","volume":28000,"price":5.39,"category":"bbull"},{"type":"A","date":"2018-03-14T07:33:40.000Z","volume":26000,"price":5.39,"category":"bbull"},{"type":"A","date":"2018-03-14T07:33:24.000Z","volume":26000,"price":5.39,"category":"bbull"},{"type":"A","date":"2018-03-14T07:33:12.000Z","volume":30000,"price":5.39,"category":"bbull"},{"type":"A","date":"2018-03-14T07:32:48.000Z","volume":28000,"price":5.39,"category":"bbull"},{"type":"A","date":"2018-03-14T07:32:30.000Z","volume":26000,"price":5.39,"category":"bbull"},{"type":"A","date":"2018-03-14T07:32:18.000Z","volume":24000,"price":5.39,"category":"bbull"},{"type":"A","date":"2018-03-14T07:32:15.000Z","volume":26000,"price":5.39,"category":"bbull"},{"type":"A","date":"2018-03-14T07:32:00.000Z","volume":26000,"price":5.39,"category":"bbull"},{"type":"A","date":"2018-03-14T07:31:48.000Z","volume":26000,"price":5.39,"category":"bbull"},{"type":"A","date":"2018-03-14T07:31:36.000Z","volume":26000,"price":5.39,"category":"bbull"},{"type":"A","date":"2018-03-14T07:31:29.000Z","volume":20000,"price":5.39,"category":"bbull"},{"type":"A","date":"2018-03-14T07:31:24.000Z","volume":26000,"price":5.39,"category":"bbull"},{"type":"A","date":"2018-03-14T07:31:12.000Z","volume":26000,"price":5.39,"category":"bbull"},{"type":"A","date":"2018-03-14T07:31:00.000Z","volume":26000,"price":5.39,"category":"bbull"},{"type":"A","date":"2018-03-14T07:30:48.000Z","volume":26000,"price":5.39,"category":"bbull"},{"type":"A","date":"2018-03-14T07:30:43.000Z","volume":48000,"price":5.38,"category":"bbull"},{"type":"A","date":"2018-03-14T07:30:24.000Z","volume":26000,"price":5.38,"category":"bbull"},{"type":"A","date":"2018-03-14T07:30:12.000Z","volume":28000,"price":5.38,"category":"bbull"},{"type":"A","date":"2018-03-14T07:29:59.000Z","volume":26000,"price":5.38,"category":"bbull"},{"type":"A","date":"2018-03-14T07:29:45.000Z","volume":26000,"price":5.38,"category":"bbull"},{"type":"A","date":"2018-03-14T07:29:30.000Z","volume":26000,"price":5.38,"category":"bbull"},{"type":"A","date":"2018-03-14T07:29:15.000Z","volume":26000,"price":5.38,"category":"bbull"},{"type":"A","date":"2018-03-14T07:29:00.000Z","volume":26000,"price":5.38,"category":"bbull"},{"type":"A","date":"2018-03-14T07:28:48.000Z","volume":26000,"price":5.38,"category":"bbull"},{"type":"A","date":"2018-03-14T07:28:36.000Z","volume":26000,"price":5.38,"category":"bbull"},{"type":"A","date":"2018-03-14T07:28:24.000Z","volume":26000,"price":5.38,"category":"bbull"},{"type":"A","date":"2018-03-14T07:28:12.000Z","volume":26000,"price":5.38,"category":"bbull"},{"type":"A","date":"2018-03-14T07:28:00.000Z","volume":26000,"price":5.38,"category":"bbull"},{"type":"A","date":"2018-03-14T07:27:45.000Z","volume":26000,"price":5.38,"category":"bbull"},{"type":"A","date":"2018-03-14T07:27:16.000Z","volume":34000,"price":5.38,"category":"bbull"},{"type":"A","date":"2018-03-14T07:27:15.000Z","volume":26000,"price":5.38,"category":"bbull"},{"type":"A","date":"2018-03-14T07:27:05.000Z","volume":44000,"price":5.37,"category":"bbull"},{"type":"A","date":"2018-03-14T07:26:57.000Z","volume":26000,"price":5.37,"category":"bbull"},{"type":"A","date":"2018-03-14T07:26:44.000Z","volume":40000,"price":5.37,"category":"bbull"},{"type":"A","date":"2018-03-14T07:26:24.000Z","volume":26000,"price":5.37,"category":"bbull"},{"type":"A","date":"2018-03-14T07:26:12.000Z","volume":26000,"price":5.37,"category":"bbull"},{"type":"A","date":"2018-03-14T07:26:00.000Z","volume":26000,"price":5.37,"category":"bbull"},{"type":"A","date":"2018-03-14T07:25:48.000Z","volume":26000,"price":5.37,"category":"bbull"},{"type":"A","date":"2018-03-14T07:25:36.000Z","volume":26000,"price":5.37,"category":"bbull"},{"type":"A","date":"2018-03-14T07:25:24.000Z","volume":26000,"price":5.37,"category":"bbull"},{"type":"A","date":"2018-03-14T07:25:12.000Z","volume":48000,"price":5.37,"category":"bbull"},{"type":"A","date":"2018-03-14T07:24:45.000Z","volume":26000,"price":5.37,"category":"bbull"},{"type":"A","date":"2018-03-14T07:24:30.000Z","volume":38000,"price":5.37,"category":"bbull"},{"type":"A","date":"2018-03-14T07:24:08.000Z","volume":34000,"price":5.37,"category":"bbull"},{"type":"A","date":"2018-03-14T07:23:48.000Z","volume":26000,"price":5.37,"category":"bbull"},{"type":"A","date":"2018-03-14T07:23:45.000Z","volume":28000,"price":5.37,"category":"bbull"},{"type":"A","date":"2018-03-14T07:23:36.000Z","volume":26000,"price":5.37,"category":"bbull"},{"type":"A","date":"2018-03-14T07:23:24.000Z","volume":26000,"price":5.37,"category":"bbull"},{"type":"A","date":"2018-03-14T07:23:12.000Z","volume":26000,"price":5.37,"category":"bbull"},{"type":"A","date":"2018-03-14T07:23:00.000Z","volume":40000,"price":5.37,"category":"bbull"},{"type":"A","date":"2018-03-14T07:22:41.000Z","volume":32000,"price":5.37,"category":"bbull"},{"type":"A","date":"2018-03-14T07:22:15.000Z","volume":26000,"price":5.37,"category":"bbull"},{"type":"A","date":"2018-03-14T07:21:48.000Z","volume":26000,"price":5.37,"category":"bbull"},{"type":"A","date":"2018-03-14T07:21:36.000Z","volume":26000,"price":5.37,"category":"bbull"},{"type":"A","date":"2018-03-14T07:21:34.000Z","volume":32000,"price":5.37,"category":"bbull"},{"type":"A","date":"2018-03-14T07:21:24.000Z","volume":26000,"price":5.37,"category":"bbull"},{"type":"A","date":"2018-03-14T07:21:12.000Z","volume":26000,"price":5.37,"category":"bbull"},{"type":"A","date":"2018-03-14T07:21:00.000Z","volume":26000,"price":5.37,"category":"bbull"},{"type":"A","date":"2018-03-14T07:20:48.000Z","volume":26000,"price":5.36,"category":"bbull"},{"type":"A","date":"2018-03-14T07:20:12.000Z","volume":26000,"price":5.37,"category":"bbull"},{"type":"A","date":"2018-03-14T07:20:00.000Z","volume":28000,"price":5.37,"category":"bbull"},{"type":"A","date":"2018-03-14T07:19:44.000Z","volume":26000,"price":5.37,"category":"bbull"},{"type":"A","date":"2018-03-14T07:19:42.000Z","volume":46000,"price":5.36,"category":"bbull"},{"type":"A","date":"2018-03-14T07:19:36.000Z","volume":20000,"price":5.36,"category":"bbull"},{"type":"A","date":"2018-03-14T07:19:31.000Z","volume":26000,"price":5.36,"category":"bbull"},{"type":"A","date":"2018-03-14T07:19:30.000Z","volume":26000,"price":5.36,"category":"bbull"},{"type":"A","date":"2018-03-14T07:19:20.000Z","volume":20000,"price":5.36,"category":"bbull"},{"type":"A","date":"2018-03-14T07:19:15.000Z","volume":26000,"price":5.36,"category":"bbull"},{"type":"A","date":"2018-03-14T07:19:07.000Z","volume":26000,"price":5.36,"category":"bbull"},{"type":"A","date":"2018-03-14T07:19:00.000Z","volume":26000,"price":5.36,"category":"bbull"},{"type":"A","date":"2018-03-14T07:18:48.000Z","volume":26000,"price":5.36,"category":"bbull"},{"type":"A","date":"2018-03-14T07:18:40.000Z","volume":26000,"price":5.36,"category":"bbull"},{"type":"A","date":"2018-03-14T07:18:36.000Z","volume":26000,"price":5.36,"category":"bbull"},{"type":"A","date":"2018-03-14T07:18:24.000Z","volume":26000,"price":5.36,"category":"bbull"},{"type":"A","date":"2018-03-14T07:18:12.000Z","volume":26000,"price":5.36,"category":"bbull"},{"type":"A","date":"2018-03-14T07:18:00.000Z","volume":26000,"price":5.36,"category":"bbull"},{"type":"A","date":"2018-03-14T07:17:45.000Z","volume":26000,"price":5.36,"category":"bbull"},{"type":"A","date":"2018-03-14T07:17:41.000Z","volume":26000,"price":5.36,"category":"bbull"},{"type":"A","date":"2018-03-14T07:17:30.000Z","volume":26000,"price":5.36,"category":"bbull"},{"type":"A","date":"2018-03-14T07:17:16.000Z","volume":20000,"price":5.36,"category":"bbull"},{"type":"A","date":"2018-03-14T07:17:15.000Z","volume":26000,"price":5.36,"category":"bbull"},{"type":"A","date":"2018-03-14T07:17:00.000Z","volume":26000,"price":5.36,"category":"bbull"},{"type":"A","date":"2018-03-14T07:16:48.000Z","volume":26000,"price":5.36,"category":"bbull"},{"type":"A","date":"2018-03-14T07:16:36.000Z","volume":26000,"price":5.36,"category":"bbull"},{"type":"A","date":"2018-03-14T07:16:24.000Z","volume":26000,"price":5.36,"category":"bbull"},{"type":"A","date":"2018-03-14T07:16:12.000Z","volume":26000,"price":5.36,"category":"bbull"},{"type":"A","date":"2018-03-14T07:16:00.000Z","volume":26000,"price":5.36,"category":"bbull"},{"type":"A","date":"2018-03-14T07:12:41.000Z","volume":54000,"price":5.36,"category":"bbull"},{"type":"A","date":"2018-03-14T07:09:01.000Z","volume":24000,"price":5.36,"category":"bbull"},{"type":"A","date":"2018-03-14T07:03:11.000Z","volume":32000,"price":5.36,"category":"bbull"},{"type":"A","date":"2018-03-14T06:35:25.000Z","volume":50000,"price":5.36,"category":"bbull"},{"type":"A","date":"2018-03-14T06:30:43.000Z","volume":28000,"price":5.36,"category":"bbull"},{"type":"A","date":"2018-03-14T06:28:45.000Z","volume":30000,"price":5.36,"category":"bbull"},{"type":"A","date":"2018-03-14T06:28:40.000Z","volume":50000,"price":5.36,"category":"bbull"},{"type":"A","date":"2018-03-14T06:28:22.000Z","volume":52000,"price":5.36,"category":"bbull"},{"type":"A","date":"2018-03-14T06:28:17.000Z","volume":24000,"price":5.36,"category":"bbull"},{"type":"A","date":"2018-03-14T06:27:03.000Z","volume":22000,"price":5.37,"category":"bbull"},{"type":"A","date":"2018-03-14T06:26:16.000Z","volume":30000,"price":5.37,"category":"bbull"},{"type":"A","date":"2018-03-14T06:23:53.000Z","volume":30000,"price":5.37,"category":"bbull"},{"type":"A","date":"2018-03-14T06:23:02.000Z","volume":22000,"price":5.37,"category":"bbull"},{"type":"A","date":"2018-03-14T06:15:19.000Z","volume":32000,"price":5.37,"category":"bbull"},{"type":"A","date":"2018-03-14T06:15:14.000Z","volume":52000,"price":5.37,"category":"bbull"},{"type":"A","date":"2018-03-14T06:13:18.000Z","volume":24000,"price":5.37,"category":"bbull"},{"type":"A","date":"2018-03-14T06:10:44.000Z","volume":20000,"price":5.37,"category":"bbull"},{"type":"A","date":"2018-03-14T06:10:24.000Z","volume":28000,"price":5.37,"category":"bbull"},{"type":"A","date":"2018-03-14T06:09:25.000Z","volume":20000,"price":5.37,"category":"bbull"},{"type":"A","date":"2018-03-14T06:09:14.000Z","volume":32000,"price":5.37,"category":"bbull"},{"type":"A","date":"2018-03-14T06:08:58.000Z","volume":24000,"price":5.37,"category":"bbull"},{"type":"A","date":"2018-03-14T06:04:59.000Z","volume":42000,"price":5.37,"category":"bbull"},{"type":"A","date":"2018-03-14T06:00:02.000Z","volume":26000,"price":5.36,"category":"bbull"},{"type":"A","date":"2018-03-14T05:59:52.000Z","volume":40000,"price":5.36,"category":"bbull"},{"type":"A","date":"2018-03-14T05:59:32.000Z","volume":40000,"price":5.36,"category":"bbull"},{"type":"A","date":"2018-03-14T05:59:28.000Z","volume":24000,"price":5.36,"category":"bbull"},{"type":"A","date":"2018-03-14T05:59:27.000Z","volume":24000,"price":5.36,"category":"bbull"},{"type":"A","date":"2018-03-14T05:58:55.000Z","volume":20000,"price":5.36,"category":"bbull"},{"type":"A","date":"2018-03-14T05:58:44.000Z","volume":24000,"price":5.36,"category":"bbull"},{"type":"A","date":"2018-03-14T05:58:18.000Z","volume":20000,"price":5.36,"category":"bbull"},{"type":"A","date":"2018-03-14T05:58:14.000Z","volume":32000,"price":5.36,"category":"bbull"},{"type":"A","date":"2018-03-14T05:56:14.000Z","volume":22000,"price":5.36,"category":"bbull"},{"type":"A","date":"2018-03-14T05:55:16.000Z","volume":44000,"price":5.36,"category":"bbull"},{"type":"A","date":"2018-03-14T05:55:14.000Z","volume":50000,"price":5.35,"category":"bbull"},{"type":"A","date":"2018-03-14T05:55:11.000Z","volume":30000,"price":5.35,"category":"bbull"},{"type":"A","date":"2018-03-14T05:54:17.000Z","volume":20000,"price":5.35,"category":"bbull"},{"type":"A","date":"2018-03-14T05:39:37.000Z","volume":26000,"price":5.34,"category":"bbull"},{"type":"A","date":"2018-03-14T05:39:37.000Z","volume":32000,"price":5.34,"category":"bbull"},{"type":"A","date":"2018-03-14T05:38:41.000Z","volume":52000,"price":5.34,"category":"bbull"},{"type":"A","date":"2018-03-14T05:38:13.000Z","volume":32000,"price":5.34,"category":"bbull"},{"type":"A","date":"2018-03-14T05:25:56.000Z","volume":50000,"price":5.34,"category":"bbull"},{"type":"A","date":"2018-03-14T05:19:50.000Z","volume":20000,"price":5.34,"category":"bbull"},{"type":"A","date":"2018-03-14T05:03:52.000Z","volume":36000,"price":5.35,"category":"bbull"},{"type":"A","date":"2018-03-14T05:00:32.000Z","volume":40000,"price":5.35,"category":"bbull"},{"type":"A","date":"2018-03-14T05:00:02.000Z","volume":36000,"price":5.35,"category":"bbull"},{"type":"A","date":"2018-03-14T05:00:01.000Z","volume":30000,"price":5.35,"category":"bbull"},{"type":"A","date":"2018-03-14T03:54:01.000Z","volume":20000,"price":5.34,"category":"bbull"},{"type":"A","date":"2018-03-14T03:48:21.000Z","volume":50000,"price":5.35,"category":"bbull"},{"type":"A","date":"2018-03-14T03:42:45.000Z","volume":20000,"price":5.36,"category":"bbull"},{"type":"A","date":"2018-03-14T03:36:21.000Z","volume":22000,"price":5.36,"category":"bbull"},{"type":"A","date":"2018-03-14T03:28:09.000Z","volume":32000,"price":5.35,"category":"bbull"},{"type":"A","date":"2018-03-14T03:27:27.000Z","volume":20000,"price":5.35,"category":"bbull"},{"type":"A","date":"2018-03-14T03:17:13.000Z","volume":30000,"price":5.35,"category":"bbull"},{"type":"A","date":"2018-03-14T03:14:58.000Z","volume":30000,"price":5.35,"category":"bbull"},{"type":"A","date":"2018-03-14T03:08:56.000Z","volume":22000,"price":5.36,"category":"bbull"},{"type":"A","date":"2018-03-14T02:53:45.000Z","volume":36000,"price":5.37,"category":"bbull"},{"type":"A","date":"2018-03-14T02:49:39.000Z","volume":40000,"price":5.36,"category":"bbull"},{"type":"A","date":"2018-03-14T02:49:13.000Z","volume":32000,"price":5.36,"category":"bbull"},{"type":"A","date":"2018-03-14T02:48:21.000Z","volume":30000,"price":5.36,"category":"bbull"},{"type":"A","date":"2018-03-14T02:48:18.000Z","volume":36000,"price":5.35,"category":"bbull"},{"type":"A","date":"2018-03-14T02:48:11.000Z","volume":48000,"price":5.34,"category":"bbull"},{"type":"A","date":"2018-03-14T02:36:12.000Z","volume":26000,"price":5.34,"category":"bbull"},{"type":"A","date":"2018-03-14T02:35:45.000Z","volume":26000,"price":5.34,"category":"bbull"},{"type":"A","date":"2018-03-14T02:30:58.000Z","volume":20000,"price":5.35,"category":"bbull"},{"type":"A","date":"2018-03-14T02:28:07.000Z","volume":42000,"price":5.34,"category":"bbull"},{"type":"A","date":"2018-03-14T02:20:44.000Z","volume":28000,"price":5.34,"category":"bbull"},{"type":"A","date":"2018-03-14T02:19:18.000Z","volume":38000,"price":5.34,"category":"bbull"},{"type":"A","date":"2018-03-14T02:18:00.000Z","volume":30000,"price":5.34,"category":"bbull"},{"type":"A","date":"2018-03-14T02:17:37.000Z","volume":26000,"price":5.34,"category":"bbull"},{"type":"A","date":"2018-03-14T02:17:15.000Z","volume":26000,"price":5.35,"category":"bbull"},{"type":"A","date":"2018-03-14T02:10:27.000Z","volume":20000,"price":5.34,"category":"bbull"},{"type":"A","date":"2018-03-14T02:10:13.000Z","volume":54000,"price":5.34,"category":"bbull"},{"type":"A","date":"2018-03-14T02:00:30.000Z","volume":20000,"price":5.34,"category":"bbull"},{"type":"A","date":"2018-03-14T01:54:49.000Z","volume":20000,"price":5.34,"category":"bbull"},{"type":"A","date":"2018-03-14T01:52:26.000Z","volume":20000,"price":5.34,"category":"bbull"},{"type":"A","date":"2018-03-14T01:48:04.000Z","volume":50000,"price":5.34,"category":"bbull"},{"type":"A","date":"2018-03-14T01:47:56.000Z","volume":30000,"price":5.34,"category":"bbull"},{"type":"A","date":"2018-03-14T01:41:14.000Z","volume":46000,"price":5.33,"category":"bbull"},{"type":"A","date":"2018-03-14T01:41:14.000Z","volume":20000,"price":5.33,"category":"bbull"},{"type":"A","date":"2018-03-14T01:41:04.000Z","volume":20000,"price":5.33,"category":"bbull"},{"type":"A","date":"2018-03-14T01:40:56.000Z","volume":26000,"price":5.33,"category":"bbull"},{"type":"A","date":"2018-03-14T01:40:30.000Z","volume":20000,"price":5.34,"category":"bbull"},{"type":"A","date":"2018-03-14T01:40:12.000Z","volume":44000,"price":5.34,"category":"bbull"},{"type":"A","date":"2018-03-14T01:40:12.000Z","volume":20000,"price":5.34,"category":"bbull"},{"type":"A","date":"2018-03-14T01:39:48.000Z","volume":20000,"price":5.34,"category":"bbull"},{"type":"A","date":"2018-03-14T01:36:10.000Z","volume":52000,"price":5.33,"category":"bbull"},{"type":"A","date":"2018-03-14T01:32:44.000Z","volume":44000,"price":5.35,"category":"bbull"},{"type":"A","date":"2018-03-14T01:32:28.000Z","volume":28000,"price":5.36,"category":"bbull"},{"type":"A","date":"2018-03-14T01:31:40.000Z","volume":42000,"price":5.36,"category":"bbull"},{"type":"A","date":"2018-03-14T01:31:36.000Z","volume":36000,"price":5.37,"category":"bbull"},{"type":"A","date":"2018-03-14T01:30:05.000Z","volume":32000,"price":5.37,"category":"bbull"},{"type":"A","date":"2018-03-14T07:59:58.000Z","volume":2000,"price":5.4,"category":"rbull"},{"type":"A","date":"2018-03-14T07:59:56.000Z","volume":2000,"price":5.41,"category":"rbull"},{"type":"A","date":"2018-03-14T07:59:41.000Z","volume":2000,"price":5.4,"category":"rbull"},{"type":"A","date":"2018-03-14T07:59:31.000Z","volume":2000,"price":5.4,"category":"rbull"},{"type":"A","date":"2018-03-14T07:59:31.000Z","volume":2000,"price":5.4,"category":"rbull"},{"type":"A","date":"2018-03-14T07:59:30.000Z","volume":2000,"price":5.4,"category":"rbull"},{"type":"A","date":"2018-03-14T07:59:30.000Z","volume":2000,"price":5.4,"category":"rbull"},{"type":"A","date":"2018-03-14T07:59:24.000Z","volume":2000,"price":5.4,"category":"rbull"},{"type":"A","date":"2018-03-14T07:59:23.000Z","volume":2000,"price":5.4,"category":"rbull"},{"type":"A","date":"2018-03-14T07:59:13.000Z","volume":2000,"price":5.4,"category":"rbull"},{"type":"A","date":"2018-03-14T07:59:12.000Z","volume":2000,"price":5.4,"category":"rbull"},{"type":"A","date":"2018-03-14T07:59:11.000Z","volume":2000,"price":5.4,"category":"rbull"},{"type":"A","date":"2018-03-14T07:59:10.000Z","volume":2000,"price":5.4,"category":"rbull"},{"type":"A","date":"2018-03-14T07:59:09.000Z","volume":2000,"price":5.4,"category":"rbull"},{"type":"A","date":"2018-03-14T07:59:06.000Z","volume":2000,"price":5.4,"category":"rbull"},{"type":"A","date":"2018-03-14T07:59:06.000Z","volume":2000,"price":5.4,"category":"rbull"},{"type":"A","date":"2018-03-14T07:59:05.000Z","volume":2000,"price":5.4,"category":"rbull"},{"type":"A","date":"2018-03-14T07:59:03.000Z","volume":2000,"price":5.4,"category":"rbull"},{"type":"A","date":"2018-03-14T07:59:01.000Z","volume":2000,"price":5.4,"category":"rbull"},{"type":"A","date":"2018-03-14T07:58:56.000Z","volume":2000,"price":5.4,"category":"rbull"},{"type":"A","date":"2018-03-14T07:58:52.000Z","volume":2000,"price":5.4,"category":"rbull"},{"type":"A","date":"2018-03-14T07:58:51.000Z","volume":2000,"price":5.4,"category":"rbull"},{"type":"A","date":"2018-03-14T07:58:51.000Z","volume":2000,"price":5.4,"category":"rbull"},{"type":"A","date":"2018-03-14T07:58:51.000Z","volume":2000,"price":5.4,"category":"rbull"},{"type":"A","date":"2018-03-14T07:58:37.000Z","volume":2000,"price":5.4,"category":"rbull"},{"type":"A","date":"2018-03-14T07:58:36.000Z","volume":2000,"price":5.4,"category":"rbull"},{"type":"A","date":"2018-03-14T07:58:31.000Z","volume":2000,"price":5.4,"category":"rbull"},{"type":"A","date":"2018-03-14T07:58:11.000Z","volume":2000,"price":5.4,"category":"rbull"},{"type":"A","date":"2018-03-14T07:58:11.000Z","volume":2000,"price":5.4,"category":"rbull"},{"type":"A","date":"2018-03-14T07:58:01.000Z","volume":2000,"price":5.4,"category":"rbull"},{"type":"A","date":"2018-03-14T07:57:28.000Z","volume":2000,"price":5.4,"category":"rbull"},{"type":"A","date":"2018-03-14T07:57:14.000Z","volume":2000,"price":5.4,"category":"rbull"},{"type":"A","date":"2018-03-14T07:57:12.000Z","volume":2000,"price":5.39,"category":"rbull"},{"type":"A","date":"2018-03-14T07:56:49.000Z","volume":2000,"price":5.39,"category":"rbull"},{"type":"A","date":"2018-03-14T07:55:15.000Z","volume":2000,"price":5.39,"category":"rbull"},{"type":"A","date":"2018-03-14T07:54:58.000Z","volume":2000,"price":5.4,"category":"rbull"},{"type":"A","date":"2018-03-14T07:54:32.000Z","volume":2000,"price":5.4,"category":"rbull"},{"type":"A","date":"2018-03-14T07:54:01.000Z","volume":2000,"price":5.4,"category":"rbull"},{"type":"A","date":"2018-03-14T07:53:08.000Z","volume":2000,"price":5.4,"category":"rbull"},{"type":"A","date":"2018-03-14T07:52:20.000Z","volume":2000,"price":5.4,"category":"rbull"},{"type":"A","date":"2018-03-14T07:51:23.000Z","volume":2000,"price":5.39,"category":"rbull"},{"type":"A","date":"2018-03-14T07:50:31.000Z","volume":2000,"price":5.39,"category":"rbull"},{"type":"A","date":"2018-03-14T07:50:24.000Z","volume":2000,"price":5.39,"category":"rbull"},{"type":"A","date":"2018-03-14T07:50:20.000Z","volume":2000,"price":5.39,"category":"rbull"},{"type":"A","date":"2018-03-14T07:50:15.000Z","volume":2000,"price":5.39,"category":"rbull"},{"type":"A","date":"2018-03-14T07:49:49.000Z","volume":2000,"price":5.39,"category":"rbull"},{"type":"A","date":"2018-03-14T07:48:32.000Z","volume":2000,"price":5.39,"category":"rbull"},{"type":"A","date":"2018-03-14T07:46:57.000Z","volume":2000,"price":5.38,"category":"rbull"},{"type":"A","date":"2018-03-14T07:45:46.000Z","volume":2000,"price":5.39,"category":"rbull"},{"type":"A","date":"2018-03-14T07:45:18.000Z","volume":2000,"price":5.39,"category":"rbull"},{"type":"A","date":"2018-03-14T07:44:17.000Z","volume":2000,"price":5.39,"category":"rbull"},{"type":"A","date":"2018-03-14T07:44:15.000Z","volume":2000,"price":5.39,"category":"rbull"},{"type":"A","date":"2018-03-14T07:43:23.000Z","volume":2000,"price":5.39,"category":"rbull"},{"type":"A","date":"2018-03-14T07:43:06.000Z","volume":2000,"price":5.39,"category":"rbull"},{"type":"A","date":"2018-03-14T07:40:06.000Z","volume":2000,"price":5.39,"category":"rbull"},{"type":"A","date":"2018-03-14T07:38:49.000Z","volume":2000,"price":5.39,"category":"rbull"},{"type":"A","date":"2018-03-14T07:38:44.000Z","volume":2000,"price":5.39,"category":"rbull"},{"type":"A","date":"2018-03-14T07:38:44.000Z","volume":2000,"price":5.39,"category":"rbull"},{"type":"A","date":"2018-03-14T07:38:13.000Z","volume":2000,"price":5.39,"category":"rbull"},{"type":"A","date":"2018-03-14T07:37:59.000Z","volume":2000,"price":5.39,"category":"rbull"},{"type":"A","date":"2018-03-14T07:37:30.000Z","volume":2000,"price":5.39,"category":"rbull"},{"type":"A","date":"2018-03-14T07:36:26.000Z","volume":2000,"price":5.4,"category":"rbull"},{"type":"A","date":"2018-03-14T07:36:06.000Z","volume":2000,"price":5.39,"category":"rbull"},{"type":"A","date":"2018-03-14T07:35:49.000Z","volume":2000,"price":5.39,"category":"rbull"},{"type":"A","date":"2018-03-14T07:35:33.000Z","volume":2000,"price":5.39,"category":"rbull"},{"type":"A","date":"2018-03-14T07:35:29.000Z","volume":2000,"price":5.39,"category":"rbull"},{"type":"A","date":"2018-03-14T07:35:01.000Z","volume":2000,"price":5.39,"category":"rbull"},{"type":"A","date":"2018-03-14T07:34:42.000Z","volume":2000,"price":5.39,"category":"rbull"},{"type":"A","date":"2018-03-14T07:34:16.000Z","volume":2000,"price":5.39,"category":"rbull"},{"type":"A","date":"2018-03-14T07:34:05.000Z","volume":2000,"price":5.39,"category":"rbull"},{"type":"A","date":"2018-03-14T07:32:49.000Z","volume":2000,"price":5.39,"category":"rbull"},{"type":"A","date":"2018-03-14T07:32:05.000Z","volume":2000,"price":5.39,"category":"rbull"},{"type":"A","date":"2018-03-14T07:32:01.000Z","volume":2000,"price":5.39,"category":"rbull"},{"type":"A","date":"2018-03-14T07:31:25.000Z","volume":2000,"price":5.39,"category":"rbull"},{"type":"A","date":"2018-03-14T07:30:13.000Z","volume":2000,"price":5.38,"category":"rbull"},{"type":"A","date":"2018-03-14T07:29:51.000Z","volume":2000,"price":5.38,"category":"rbull"},{"type":"A","date":"2018-03-14T07:29:31.000Z","volume":2000,"price":5.38,"category":"rbull"},{"type":"A","date":"2018-03-14T07:28:49.000Z","volume":2000,"price":5.38,"category":"rbull"},{"type":"A","date":"2018-03-14T07:28:13.000Z","volume":2000,"price":5.38,"category":"rbull"},{"type":"A","date":"2018-03-14T07:27:39.000Z","volume":2000,"price":5.38,"category":"rbull"},{"type":"A","date":"2018-03-14T07:27:20.000Z","volume":2000,"price":5.38,"category":"rbull"},{"type":"A","date":"2018-03-14T07:27:16.000Z","volume":2000,"price":5.38,"category":"rbull"},{"type":"A","date":"2018-03-14T07:26:57.000Z","volume":2000,"price":5.37,"category":"rbull"},{"type":"A","date":"2018-03-14T07:26:32.000Z","volume":2000,"price":5.37,"category":"rbull"},{"type":"A","date":"2018-03-14T07:25:49.000Z","volume":2000,"price":5.37,"category":"rbull"},{"type":"A","date":"2018-03-14T07:25:13.000Z","volume":2000,"price":5.37,"category":"rbull"},{"type":"A","date":"2018-03-14T07:24:46.000Z","volume":2000,"price":5.37,"category":"rbull"},{"type":"A","date":"2018-03-14T07:24:20.000Z","volume":2000,"price":5.37,"category":"rbull"},{"type":"A","date":"2018-03-14T07:24:09.000Z","volume":2000,"price":5.37,"category":"rbull"},{"type":"A","date":"2018-03-14T07:23:36.000Z","volume":2000,"price":5.37,"category":"rbull"},{"type":"A","date":"2018-03-14T07:23:01.000Z","volume":2000,"price":5.37,"category":"rbull"},{"type":"A","date":"2018-03-14T07:22:16.000Z","volume":2000,"price":5.37,"category":"rbull"},{"type":"A","date":"2018-03-14T07:21:36.000Z","volume":2000,"price":5.37,"category":"rbull"},{"type":"A","date":"2018-03-14T07:21:13.000Z","volume":2000,"price":5.37,"category":"rbull"},{"type":"A","date":"2018-03-14T07:20:49.000Z","volume":2000,"price":5.37,"category":"rbull"},{"type":"A","date":"2018-03-14T07:20:44.000Z","volume":2000,"price":5.36,"category":"rbull"},{"type":"A","date":"2018-03-14T07:19:30.000Z","volume":2000,"price":5.36,"category":"rbull"},{"type":"A","date":"2018-03-14T07:19:27.000Z","volume":2000,"price":5.36,"category":"rbull"},{"type":"A","date":"2018-03-14T07:19:20.000Z","volume":2000,"price":5.36,"category":"rbull"},{"type":"A","date":"2018-03-14T07:19:08.000Z","volume":2000,"price":5.36,"category":"rbull"},{"type":"A","date":"2018-03-14T07:18:36.000Z","volume":2000,"price":5.36,"category":"rbull"},{"type":"A","date":"2018-03-14T07:18:13.000Z","volume":2000,"price":5.36,"category":"rbull"},{"type":"A","date":"2018-03-14T07:17:42.000Z","volume":2000,"price":5.36,"category":"rbull"},{"type":"A","date":"2018-03-14T07:17:01.000Z","volume":2000,"price":5.36,"category":"rbull"},{"type":"A","date":"2018-03-14T07:16:32.000Z","volume":2000,"price":5.36,"category":"rbull"},{"type":"A","date":"2018-03-14T07:16:25.000Z","volume":2000,"price":5.36,"category":"rbull"},{"type":"A","date":"2018-03-14T07:16:21.000Z","volume":2000,"price":5.36,"category":"rbull"},{"type":"A","date":"2018-03-14T07:15:53.000Z","volume":2000,"price":5.36,"category":"rbull"},{"type":"A","date":"2018-03-14T07:15:36.000Z","volume":2000,"price":5.36,"category":"rbull"},{"type":"A","date":"2018-03-14T07:14:13.000Z","volume":2000,"price":5.36,"category":"rbull"},{"type":"A","date":"2018-03-14T07:13:58.000Z","volume":2000,"price":5.36,"category":"rbull"},{"type":"A","date":"2018-03-14T07:13:26.000Z","volume":2000,"price":5.36,"category":"rbull"},{"type":"A","date":"2018-03-14T07:12:47.000Z","volume":2000,"price":5.36,"category":"rbull"},{"type":"A","date":"2018-03-14T07:12:42.000Z","volume":2000,"price":5.36,"category":"rbull"},{"type":"A","date":"2018-03-14T07:11:47.000Z","volume":2000,"price":5.36,"category":"rbull"},{"type":"A","date":"2018-03-14T07:11:11.000Z","volume":2000,"price":5.36,"category":"rbull"},{"type":"A","date":"2018-03-14T07:09:02.000Z","volume":2000,"price":5.36,"category":"rbull"},{"type":"A","date":"2018-03-14T07:08:36.000Z","volume":2000,"price":5.36,"category":"rbull"},{"type":"A","date":"2018-03-14T07:08:21.000Z","volume":2000,"price":5.36,"category":"rbull"},{"type":"A","date":"2018-03-14T07:03:11.000Z","volume":2000,"price":5.36,"category":"rbull"},{"type":"A","date":"2018-03-14T07:02:10.000Z","volume":2000,"price":5.36,"category":"rbull"},{"type":"A","date":"2018-03-14T07:00:59.000Z","volume":2000,"price":5.36,"category":"rbull"},{"type":"A","date":"2018-03-14T06:58:45.000Z","volume":2000,"price":5.36,"category":"rbull"},{"type":"A","date":"2018-03-14T06:54:54.000Z","volume":2000,"price":5.36,"category":"rbull"},{"type":"A","date":"2018-03-14T06:54:28.000Z","volume":2000,"price":5.36,"category":"rbull"},{"type":"A","date":"2018-03-14T06:54:25.000Z","volume":2000,"price":5.36,"category":"rbull"},{"type":"A","date":"2018-03-14T06:52:22.000Z","volume":2000,"price":5.36,"category":"rbull"},{"type":"A","date":"2018-03-14T06:51:44.000Z","volume":2000,"price":5.36,"category":"rbull"},{"type":"A","date":"2018-03-14T06:46:01.000Z","volume":2000,"price":5.36,"category":"rbull"},{"type":"A","date":"2018-03-14T06:45:16.000Z","volume":2000,"price":5.36,"category":"rbull"},{"type":"A","date":"2018-03-14T06:42:46.000Z","volume":2000,"price":5.36,"category":"rbull"},{"type":"A","date":"2018-03-14T06:41:45.000Z","volume":2000,"price":5.36,"category":"rbull"},{"type":"A","date":"2018-03-14T06:40:14.000Z","volume":2000,"price":5.36,"category":"rbull"},{"type":"A","date":"2018-03-14T06:38:22.000Z","volume":2000,"price":5.36,"category":"rbull"},{"type":"A","date":"2018-03-14T06:37:28.000Z","volume":2000,"price":5.36,"category":"rbull"},{"type":"A","date":"2018-03-14T06:34:06.000Z","volume":2000,"price":5.37,"category":"rbull"},{"type":"A","date":"2018-03-14T06:33:13.000Z","volume":2000,"price":5.36,"category":"rbull"},{"type":"A","date":"2018-03-14T06:28:46.000Z","volume":2000,"price":5.36,"category":"rbull"},{"type":"A","date":"2018-03-14T06:28:41.000Z","volume":2000,"price":5.37,"category":"rbull"},{"type":"A","date":"2018-03-14T06:28:23.000Z","volume":2000,"price":5.37,"category":"rbull"},{"type":"A","date":"2018-03-14T06:27:34.000Z","volume":2000,"price":5.37,"category":"rbull"},{"type":"A","date":"2018-03-14T06:27:33.000Z","volume":2000,"price":5.37,"category":"rbull"},{"type":"A","date":"2018-03-14T06:27:04.000Z","volume":2000,"price":5.37,"category":"rbull"},{"type":"A","date":"2018-03-14T06:26:15.000Z","volume":2000,"price":5.37,"category":"rbull"},{"type":"A","date":"2018-03-14T06:24:52.000Z","volume":2000,"price":5.37,"category":"rbull"},{"type":"A","date":"2018-03-14T06:23:55.000Z","volume":2000,"price":5.37,"category":"rbull"},{"type":"A","date":"2018-03-14T06:23:44.000Z","volume":2000,"price":5.37,"category":"rbull"},{"type":"A","date":"2018-03-14T06:22:47.000Z","volume":2000,"price":5.37,"category":"rbull"},{"type":"A","date":"2018-03-14T06:21:29.000Z","volume":2000,"price":5.37,"category":"rbull"},{"type":"A","date":"2018-03-14T06:20:50.000Z","volume":2000,"price":5.37,"category":"rbull"},{"type":"A","date":"2018-03-14T06:19:11.000Z","volume":2000,"price":5.37,"category":"rbull"},{"type":"A","date":"2018-03-14T06:19:02.000Z","volume":2000,"price":5.37,"category":"rbull"},{"type":"A","date":"2018-03-14T06:17:36.000Z","volume":2000,"price":5.37,"category":"rbull"},{"type":"A","date":"2018-03-14T06:17:15.000Z","volume":2000,"price":5.37,"category":"rbull"},{"type":"A","date":"2018-03-14T06:17:06.000Z","volume":2000,"price":5.37,"category":"rbull"},{"type":"A","date":"2018-03-14T06:16:57.000Z","volume":2000,"price":5.37,"category":"rbull"},{"type":"A","date":"2018-03-14T06:16:35.000Z","volume":2000,"price":5.37,"category":"rbull"},{"type":"A","date":"2018-03-14T06:16:29.000Z","volume":2000,"price":5.37,"category":"rbull"},{"type":"A","date":"2018-03-14T06:15:50.000Z","volume":2000,"price":5.37,"category":"rbull"},{"type":"A","date":"2018-03-14T06:15:26.000Z","volume":2000,"price":5.37,"category":"rbull"},{"type":"A","date":"2018-03-14T06:15:25.000Z","volume":2000,"price":5.37,"category":"rbull"},{"type":"A","date":"2018-03-14T06:15:15.000Z","volume":2000,"price":5.37,"category":"rbull"},{"type":"A","date":"2018-03-14T06:13:44.000Z","volume":2000,"price":5.37,"category":"rbull"},{"type":"A","date":"2018-03-14T06:13:23.000Z","volume":2000,"price":5.37,"category":"rbull"},{"type":"A","date":"2018-03-14T06:13:19.000Z","volume":2000,"price":5.37,"category":"rbull"},{"type":"A","date":"2018-03-14T06:13:16.000Z","volume":2000,"price":5.37,"category":"rbull"},{"type":"A","date":"2018-03-14T06:12:54.000Z","volume":2000,"price":5.37,"category":"rbull"},{"type":"A","date":"2018-03-14T06:12:41.000Z","volume":2000,"price":5.37,"category":"rbull"},{"type":"A","date":"2018-03-14T06:11:45.000Z","volume":2000,"price":5.37,"category":"rbull"},{"type":"A","date":"2018-03-14T06:10:57.000Z","volume":2000,"price":5.37,"category":"rbull"},{"type":"A","date":"2018-03-14T06:10:48.000Z","volume":2000,"price":5.37,"category":"rbull"},{"type":"A","date":"2018-03-14T06:10:47.000Z","volume":2000,"price":5.37,"category":"rbull"},{"type":"A","date":"2018-03-14T06:10:41.000Z","volume":2000,"price":5.37,"category":"rbull"},{"type":"A","date":"2018-03-14T06:10:24.000Z","volume":2000,"price":5.37,"category":"rbull"},{"type":"A","date":"2018-03-14T06:09:30.000Z","volume":2000,"price":5.37,"category":"rbull"},{"type":"A","date":"2018-03-14T06:09:26.000Z","volume":2000,"price":5.37,"category":"rbull"},{"type":"A","date":"2018-03-14T06:08:54.000Z","volume":2000,"price":5.37,"category":"rbull"},{"type":"A","date":"2018-03-14T06:08:50.000Z","volume":2000,"price":5.37,"category":"rbull"},{"type":"A","date":"2018-03-14T06:07:47.000Z","volume":2000,"price":5.37,"category":"rbull"},{"type":"A","date":"2018-03-14T06:06:45.000Z","volume":2000,"price":5.37,"category":"rbull"},{"type":"A","date":"2018-03-14T06:06:31.000Z","volume":2000,"price":5.37,"category":"rbull"},{"type":"A","date":"2018-03-14T06:05:40.000Z","volume":2000,"price":5.37,"category":"rbull"},{"type":"A","date":"2018-03-14T06:05:22.000Z","volume":2000,"price":5.37,"category":"rbull"},{"type":"A","date":"2018-03-14T06:05:07.000Z","volume":2000,"price":5.37,"category":"rbull"},{"type":"A","date":"2018-03-14T06:05:00.000Z","volume":2000,"price":5.37,"category":"rbull"},{"type":"A","date":"2018-03-14T06:04:31.000Z","volume":2000,"price":5.37,"category":"rbull"},{"type":"A","date":"2018-03-14T06:03:54.000Z","volume":2000,"price":5.37,"category":"rbull"},{"type":"A","date":"2018-03-14T06:03:29.000Z","volume":2000,"price":5.37,"category":"rbull"},{"type":"A","date":"2018-03-14T06:03:26.000Z","volume":2000,"price":5.37,"category":"rbull"},{"type":"A","date":"2018-03-14T06:02:22.000Z","volume":2000,"price":5.37,"category":"rbull"},{"type":"A","date":"2018-03-14T06:02:10.000Z","volume":2000,"price":5.37,"category":"rbull"},{"type":"A","date":"2018-03-14T06:01:20.000Z","volume":2000,"price":5.37,"category":"rbull"},{"type":"A","date":"2018-03-14T06:00:18.000Z","volume":2000,"price":5.37,"category":"rbull"},{"type":"A","date":"2018-03-14T06:00:07.000Z","volume":2000,"price":5.37,"category":"rbull"},{"type":"A","date":"2018-03-14T06:00:01.000Z","volume":2000,"price":5.37,"category":"rbull"},{"type":"A","date":"2018-03-14T05:59:55.000Z","volume":2000,"price":5.36,"category":"rbull"},{"type":"A","date":"2018-03-14T05:59:54.000Z","volume":2000,"price":5.36,"category":"rbull"},{"type":"A","date":"2018-03-14T05:59:53.000Z","volume":2000,"price":5.36,"category":"rbull"},{"type":"A","date":"2018-03-14T05:59:39.000Z","volume":2000,"price":5.36,"category":"rbull"},{"type":"A","date":"2018-03-14T05:59:34.000Z","volume":2000,"price":5.36,"category":"rbull"},{"type":"A","date":"2018-03-14T05:59:33.000Z","volume":2000,"price":5.36,"category":"rbull"},{"type":"A","date":"2018-03-14T05:59:31.000Z","volume":2000,"price":5.36,"category":"rbull"},{"type":"A","date":"2018-03-14T05:59:16.000Z","volume":2000,"price":5.36,"category":"rbull"},{"type":"A","date":"2018-03-14T05:59:01.000Z","volume":2000,"price":5.36,"category":"rbull"},{"type":"A","date":"2018-03-14T05:59:00.000Z","volume":2000,"price":5.36,"category":"rbull"},{"type":"A","date":"2018-03-14T05:58:57.000Z","volume":2000,"price":5.36,"category":"rbull"},{"type":"A","date":"2018-03-14T05:58:53.000Z","volume":2000,"price":5.36,"category":"rbull"},{"type":"A","date":"2018-03-14T05:58:15.000Z","volume":2000,"price":5.36,"category":"rbull"},{"type":"A","date":"2018-03-14T05:58:12.000Z","volume":2000,"price":5.36,"category":"rbull"},{"type":"A","date":"2018-03-14T05:57:53.000Z","volume":2000,"price":5.36,"category":"rbull"},{"type":"A","date":"2018-03-14T05:57:22.000Z","volume":2000,"price":5.36,"category":"rbull"},{"type":"A","date":"2018-03-14T05:57:18.000Z","volume":2000,"price":5.36,"category":"rbull"},{"type":"A","date":"2018-03-14T05:57:10.000Z","volume":2000,"price":5.36,"category":"rbull"},{"type":"A","date":"2018-03-14T05:56:24.000Z","volume":2000,"price":5.36,"category":"rbull"},{"type":"A","date":"2018-03-14T05:56:09.000Z","volume":2000,"price":5.36,"category":"rbull"},{"type":"A","date":"2018-03-14T05:55:27.000Z","volume":2000,"price":5.36,"category":"rbull"},{"type":"A","date":"2018-03-14T05:55:12.000Z","volume":2000,"price":5.35,"category":"rbull"},{"type":"A","date":"2018-03-14T05:55:06.000Z","volume":2000,"price":5.35,"category":"rbull"},{"type":"A","date":"2018-03-14T05:54:40.000Z","volume":2000,"price":5.35,"category":"rbull"},{"type":"A","date":"2018-03-14T05:54:33.000Z","volume":2000,"price":5.35,"category":"rbull"},{"type":"A","date":"2018-03-14T05:54:03.000Z","volume":2000,"price":5.35,"category":"rbull"},{"type":"A","date":"2018-03-14T05:53:01.000Z","volume":2000,"price":5.35,"category":"rbull"},{"type":"A","date":"2018-03-14T05:52:13.000Z","volume":2000,"price":5.35,"category":"rbull"},{"type":"A","date":"2018-03-14T05:51:55.000Z","volume":2000,"price":5.35,"category":"rbull"},{"type":"A","date":"2018-03-14T05:50:52.000Z","volume":2000,"price":5.35,"category":"rbull"},{"type":"A","date":"2018-03-14T05:49:50.000Z","volume":2000,"price":5.35,"category":"rbull"},{"type":"A","date":"2018-03-14T05:48:47.000Z","volume":2000,"price":5.35,"category":"rbull"},{"type":"A","date":"2018-03-14T05:47:45.000Z","volume":2000,"price":5.35,"category":"rbull"},{"type":"A","date":"2018-03-14T05:46:42.000Z","volume":2000,"price":5.35,"category":"rbull"},{"type":"A","date":"2018-03-14T05:45:58.000Z","volume":2000,"price":5.35,"category":"rbull"},{"type":"A","date":"2018-03-14T05:45:38.000Z","volume":2000,"price":5.35,"category":"rbull"},{"type":"A","date":"2018-03-14T05:44:37.000Z","volume":2000,"price":5.35,"category":"rbull"},{"type":"A","date":"2018-03-14T05:43:34.000Z","volume":2000,"price":5.35,"category":"rbull"},{"type":"A","date":"2018-03-14T05:43:10.000Z","volume":2000,"price":5.35,"category":"rbull"},{"type":"A","date":"2018-03-14T05:42:30.000Z","volume":2000,"price":5.35,"category":"rbull"},{"type":"A","date":"2018-03-14T05:41:26.000Z","volume":2000,"price":5.35,"category":"rbull"},{"type":"A","date":"2018-03-14T05:40:19.000Z","volume":2000,"price":5.35,"category":"rbull"},{"type":"A","date":"2018-03-14T05:39:48.000Z","volume":2000,"price":5.35,"category":"rbull"},{"type":"A","date":"2018-03-14T05:39:41.000Z","volume":2000,"price":5.35,"category":"rbull"},{"type":"A","date":"2018-03-14T05:39:10.000Z","volume":2000,"price":5.34,"category":"rbull"},{"type":"A","date":"2018-03-14T05:38:42.000Z","volume":2000,"price":5.34,"category":"rbull"},{"type":"A","date":"2018-03-14T05:38:07.000Z","volume":2000,"price":5.34,"category":"rbull"},{"type":"A","date":"2018-03-14T05:37:24.000Z","volume":2000,"price":5.34,"category":"rbull"},{"type":"A","date":"2018-03-14T05:37:04.000Z","volume":2000,"price":5.34,"category":"rbull"},{"type":"A","date":"2018-03-14T05:36:33.000Z","volume":2000,"price":5.34,"category":"rbull"},{"type":"A","date":"2018-03-14T05:36:02.000Z","volume":2000,"price":5.34,"category":"rbull"},{"type":"A","date":"2018-03-14T05:34:58.000Z","volume":2000,"price":5.34,"category":"rbull"},{"type":"A","date":"2018-03-14T05:34:06.000Z","volume":2000,"price":5.34,"category":"rbull"},{"type":"A","date":"2018-03-14T05:33:55.000Z","volume":2000,"price":5.34,"category":"rbull"},{"type":"A","date":"2018-03-14T05:33:42.000Z","volume":2000,"price":5.34,"category":"rbull"},{"type":"A","date":"2018-03-14T05:32:53.000Z","volume":2000,"price":5.34,"category":"rbull"},{"type":"A","date":"2018-03-14T05:32:00.000Z","volume":2000,"price":5.34,"category":"rbull"},{"type":"A","date":"2018-03-14T05:31:50.000Z","volume":2000,"price":5.34,"category":"rbull"},{"type":"A","date":"2018-03-14T05:30:48.000Z","volume":2000,"price":5.34,"category":"rbull"},{"type":"A","date":"2018-03-14T05:29:44.000Z","volume":2000,"price":5.34,"category":"rbull"},{"type":"A","date":"2018-03-14T05:26:20.000Z","volume":2000,"price":5.34,"category":"rbull"},{"type":"A","date":"2018-03-14T05:24:13.000Z","volume":2000,"price":5.34,"category":"rbull"},{"type":"A","date":"2018-03-14T05:22:31.000Z","volume":2000,"price":5.34,"category":"rbull"},{"type":"A","date":"2018-03-14T05:19:47.000Z","volume":2000,"price":5.34,"category":"rbull"},{"type":"A","date":"2018-03-14T05:18:36.000Z","volume":2000,"price":5.34,"category":"rbull"},{"type":"A","date":"2018-03-14T05:17:01.000Z","volume":2000,"price":5.35,"category":"rbull"},{"type":"A","date":"2018-03-14T05:14:02.000Z","volume":2000,"price":5.35,"category":"rbull"},{"type":"A","date":"2018-03-14T05:13:52.000Z","volume":2000,"price":5.35,"category":"rbull"},{"type":"A","date":"2018-03-14T05:08:53.000Z","volume":2000,"price":5.35,"category":"rbull"},{"type":"A","date":"2018-03-14T05:08:46.000Z","volume":2000,"price":5.35,"category":"rbull"},{"type":"A","date":"2018-03-14T05:07:18.000Z","volume":2000,"price":5.35,"category":"rbull"},{"type":"A","date":"2018-03-14T05:06:45.000Z","volume":2000,"price":5.35,"category":"rbull"},{"type":"A","date":"2018-03-14T05:03:09.000Z","volume":2000,"price":5.35,"category":"rbull"},{"type":"A","date":"2018-03-14T05:03:09.000Z","volume":2000,"price":5.35,"category":"rbull"},{"type":"A","date":"2018-03-14T05:00:04.000Z","volume":2000,"price":5.35,"category":"rbull"},{"type":"A","date":"2018-03-14T05:00:02.000Z","volume":2000,"price":5.35,"category":"rbull"},{"type":"A","date":"2018-03-14T05:00:02.000Z","volume":2000,"price":5.35,"category":"rbull"},{"type":"A","date":"2018-03-14T05:00:00.000Z","volume":2000,"price":5.34,"category":"rbull"},{"type":"A","date":"2018-03-14T05:00:00.000Z","volume":2000,"price":5.34,"category":"rbull"},{"type":"A","date":"2018-03-14T03:54:01.000Z","volume":2000,"price":5.34,"category":"rbull"},{"type":"A","date":"2018-03-14T03:53:50.000Z","volume":2000,"price":5.35,"category":"rbull"},{"type":"A","date":"2018-03-14T03:53:47.000Z","volume":2000,"price":5.35,"category":"rbull"},{"type":"A","date":"2018-03-14T03:51:26.000Z","volume":2000,"price":5.35,"category":"rbull"},{"type":"A","date":"2018-03-14T03:51:26.000Z","volume":2000,"price":5.35,"category":"rbull"},{"type":"A","date":"2018-03-14T03:48:32.000Z","volume":2000,"price":5.36,"category":"rbull"},{"type":"A","date":"2018-03-14T03:48:29.000Z","volume":2000,"price":5.36,"category":"rbull"},{"type":"A","date":"2018-03-14T03:48:02.000Z","volume":2000,"price":5.35,"category":"rbull"},{"type":"A","date":"2018-03-14T03:43:21.000Z","volume":2000,"price":5.36,"category":"rbull"},{"type":"A","date":"2018-03-14T03:42:46.000Z","volume":2000,"price":5.36,"category":"rbull"},{"type":"A","date":"2018-03-14T03:42:09.000Z","volume":2000,"price":5.36,"category":"rbull"},{"type":"A","date":"2018-03-14T03:40:44.000Z","volume":2000,"price":5.36,"category":"rbull"},{"type":"A","date":"2018-03-14T03:39:01.000Z","volume":2000,"price":5.36,"category":"rbull"},{"type":"A","date":"2018-03-14T03:36:22.000Z","volume":2000,"price":5.36,"category":"rbull"},{"type":"A","date":"2018-03-14T03:35:56.000Z","volume":2000,"price":5.35,"category":"rbull"},{"type":"A","date":"2018-03-14T03:34:22.000Z","volume":2000,"price":5.35,"category":"rbull"},{"type":"A","date":"2018-03-14T03:32:18.000Z","volume":2000,"price":5.35,"category":"rbull"},{"type":"A","date":"2018-03-14T03:32:18.000Z","volume":2000,"price":5.35,"category":"rbull"},{"type":"A","date":"2018-03-14T03:28:18.000Z","volume":2000,"price":5.35,"category":"rbull"},{"type":"A","date":"2018-03-14T03:27:17.000Z","volume":2000,"price":5.35,"category":"rbull"},{"type":"A","date":"2018-03-14T03:22:51.000Z","volume":2000,"price":5.35,"category":"rbull"},{"type":"A","date":"2018-03-14T03:22:29.000Z","volume":2000,"price":5.35,"category":"rbull"},{"type":"A","date":"2018-03-14T03:21:28.000Z","volume":2000,"price":5.35,"category":"rbull"},{"type":"A","date":"2018-03-14T03:20:53.000Z","volume":2000,"price":5.35,"category":"rbull"},{"type":"A","date":"2018-03-14T03:17:14.000Z","volume":2000,"price":5.35,"category":"rbull"},{"type":"A","date":"2018-03-14T03:14:59.000Z","volume":2000,"price":5.35,"category":"rbull"},{"type":"A","date":"2018-03-14T03:14:59.000Z","volume":2000,"price":5.35,"category":"rbull"},{"type":"A","date":"2018-03-14T03:13:19.000Z","volume":2000,"price":5.35,"category":"rbull"},{"type":"A","date":"2018-03-14T03:11:07.000Z","volume":2000,"price":5.35,"category":"rbull"},{"type":"A","date":"2018-03-14T03:09:09.000Z","volume":2000,"price":5.35,"category":"rbull"},{"type":"A","date":"2018-03-14T03:02:21.000Z","volume":2000,"price":5.35,"category":"rbull"},{"type":"A","date":"2018-03-14T02:59:34.000Z","volume":2000,"price":5.35,"category":"rbull"},{"type":"A","date":"2018-03-14T02:56:23.000Z","volume":2000,"price":5.36,"category":"rbull"},{"type":"A","date":"2018-03-14T02:55:34.000Z","volume":2000,"price":5.35,"category":"rbull"},{"type":"A","date":"2018-03-14T02:55:34.000Z","volume":2000,"price":5.35,"category":"rbull"},{"type":"A","date":"2018-03-14T02:53:46.000Z","volume":2000,"price":5.37,"category":"rbull"},{"type":"A","date":"2018-03-14T02:50:03.000Z","volume":2000,"price":5.37,"category":"rbull"},{"type":"A","date":"2018-03-14T02:50:03.000Z","volume":2000,"price":5.37,"category":"rbull"},{"type":"A","date":"2018-03-14T02:50:02.000Z","volume":2000,"price":5.37,"category":"rbull"},{"type":"A","date":"2018-03-14T02:49:14.000Z","volume":2000,"price":5.36,"category":"rbull"},{"type":"A","date":"2018-03-14T02:48:24.000Z","volume":2000,"price":5.36,"category":"rbull"},{"type":"A","date":"2018-03-14T02:48:24.000Z","volume":2000,"price":5.36,"category":"rbull"},{"type":"A","date":"2018-03-14T02:48:12.000Z","volume":2000,"price":5.35,"category":"rbull"},{"type":"A","date":"2018-03-14T02:48:10.000Z","volume":2000,"price":5.34,"category":"rbull"},{"type":"A","date":"2018-03-14T02:42:36.000Z","volume":2000,"price":5.35,"category":"rbull"},{"type":"A","date":"2018-03-14T02:36:13.000Z","volume":2000,"price":5.35,"category":"rbull"},{"type":"A","date":"2018-03-14T02:35:30.000Z","volume":2000,"price":5.35,"category":"rbull"},{"type":"A","date":"2018-03-14T02:34:54.000Z","volume":2000,"price":5.34,"category":"rbull"},{"type":"A","date":"2018-03-14T02:34:49.000Z","volume":2000,"price":5.34,"category":"rbull"},{"type":"A","date":"2018-03-14T02:34:48.000Z","volume":2000,"price":5.34,"category":"rbull"},{"type":"A","date":"2018-03-14T02:34:47.000Z","volume":2000,"price":5.34,"category":"rbull"},{"type":"A","date":"2018-03-14T02:34:46.000Z","volume":2000,"price":5.34,"category":"rbull"},{"type":"A","date":"2018-03-14T02:34:36.000Z","volume":2000,"price":5.35,"category":"rbull"},{"type":"A","date":"2018-03-14T02:31:05.000Z","volume":2000,"price":5.35,"category":"rbull"},{"type":"A","date":"2018-03-14T02:30:46.000Z","volume":2000,"price":5.35,"category":"rbull"},{"type":"A","date":"2018-03-14T02:30:08.000Z","volume":2000,"price":5.35,"category":"rbull"},{"type":"A","date":"2018-03-14T02:29:23.000Z","volume":2000,"price":5.35,"category":"rbull"},{"type":"A","date":"2018-03-14T02:27:57.000Z","volume":2000,"price":5.34,"category":"rbull"},{"type":"A","date":"2018-03-14T02:22:55.000Z","volume":2000,"price":5.35,"category":"rbull"},{"type":"A","date":"2018-03-14T02:22:55.000Z","volume":2000,"price":5.35,"category":"rbull"},{"type":"A","date":"2018-03-14T02:22:44.000Z","volume":2000,"price":5.34,"category":"rbull"},{"type":"A","date":"2018-03-14T02:22:30.000Z","volume":2000,"price":5.34,"category":"rbull"},{"type":"A","date":"2018-03-14T02:22:16.000Z","volume":2000,"price":5.34,"category":"rbull"},{"type":"A","date":"2018-03-14T02:21:30.000Z","volume":2000,"price":5.34,"category":"rbull"},{"type":"A","date":"2018-03-14T02:19:48.000Z","volume":2000,"price":5.34,"category":"rbull"},{"type":"A","date":"2018-03-14T02:15:48.000Z","volume":2000,"price":5.34,"category":"rbull"},{"type":"A","date":"2018-03-14T02:14:46.000Z","volume":2000,"price":5.34,"category":"rbull"},{"type":"A","date":"2018-03-14T02:14:29.000Z","volume":2000,"price":5.34,"category":"rbull"},{"type":"A","date":"2018-03-14T02:13:53.000Z","volume":2000,"price":5.34,"category":"rbull"},{"type":"A","date":"2018-03-14T02:12:35.000Z","volume":2000,"price":5.34,"category":"rbull"},{"type":"A","date":"2018-03-14T02:12:14.000Z","volume":2000,"price":5.34,"category":"rbull"},{"type":"A","date":"2018-03-14T02:11:57.000Z","volume":2000,"price":5.34,"category":"rbull"},{"type":"A","date":"2018-03-14T02:11:51.000Z","volume":2000,"price":5.34,"category":"rbull"},{"type":"A","date":"2018-03-14T02:11:32.000Z","volume":2000,"price":5.34,"category":"rbull"},{"type":"A","date":"2018-03-14T02:10:23.000Z","volume":2000,"price":5.34,"category":"rbull"},{"type":"A","date":"2018-03-14T02:10:14.000Z","volume":2000,"price":5.34,"category":"rbull"},{"type":"A","date":"2018-03-14T02:08:40.000Z","volume":2000,"price":5.34,"category":"rbull"},{"type":"A","date":"2018-03-14T02:06:30.000Z","volume":2000,"price":5.34,"category":"rbull"},{"type":"A","date":"2018-03-14T02:04:55.000Z","volume":2000,"price":5.34,"category":"rbull"},{"type":"A","date":"2018-03-14T02:03:51.000Z","volume":2000,"price":5.34,"category":"rbull"},{"type":"A","date":"2018-03-14T02:02:21.000Z","volume":2000,"price":5.34,"category":"rbull"},{"type":"A","date":"2018-03-14T02:01:06.000Z","volume":2000,"price":5.34,"category":"rbull"},{"type":"A","date":"2018-03-14T01:58:13.000Z","volume":2000,"price":5.34,"category":"rbull"},{"type":"A","date":"2018-03-14T01:57:18.000Z","volume":2000,"price":5.34,"category":"rbull"},{"type":"A","date":"2018-03-14T01:55:28.000Z","volume":2000,"price":5.34,"category":"rbull"},{"type":"A","date":"2018-03-14T01:52:27.000Z","volume":2000,"price":5.34,"category":"rbull"},{"type":"A","date":"2018-03-14T01:51:42.000Z","volume":2000,"price":5.34,"category":"rbull"},{"type":"A","date":"2018-03-14T01:48:39.000Z","volume":2000,"price":5.34,"category":"rbull"},{"type":"A","date":"2018-03-14T01:47:57.000Z","volume":2000,"price":5.34,"category":"rbull"},{"type":"A","date":"2018-03-14T01:46:58.000Z","volume":2000,"price":5.34,"category":"rbull"},{"type":"A","date":"2018-03-14T01:46:50.000Z","volume":2000,"price":5.34,"category":"rbull"},{"type":"A","date":"2018-03-14T01:46:41.000Z","volume":2000,"price":5.34,"category":"rbull"},{"type":"A","date":"2018-03-14T01:44:48.000Z","volume":2000,"price":5.34,"category":"rbull"},{"type":"A","date":"2018-03-14T01:43:05.000Z","volume":2000,"price":5.34,"category":"rbull"},{"type":"A","date":"2018-03-14T01:42:57.000Z","volume":2000,"price":5.34,"category":"rbull"},{"type":"A","date":"2018-03-14T01:42:07.000Z","volume":2000,"price":5.34,"category":"rbull"},{"type":"A","date":"2018-03-14T01:41:14.000Z","volume":2000,"price":5.33,"category":"rbull"},{"type":"A","date":"2018-03-14T01:40:56.000Z","volume":2000,"price":5.33,"category":"rbull"},{"type":"A","date":"2018-03-14T01:40:51.000Z","volume":2000,"price":5.33,"category":"rbull"},{"type":"A","date":"2018-03-14T01:40:30.000Z","volume":2000,"price":5.34,"category":"rbull"},{"type":"A","date":"2018-03-14T01:40:22.000Z","volume":2000,"price":5.34,"category":"rbull"},{"type":"A","date":"2018-03-14T01:40:12.000Z","volume":2000,"price":5.34,"category":"rbull"},{"type":"A","date":"2018-03-14T01:40:12.000Z","volume":2000,"price":5.34,"category":"rbull"},{"type":"A","date":"2018-03-14T01:39:48.000Z","volume":2000,"price":5.34,"category":"rbull"},{"type":"A","date":"2018-03-14T01:36:04.000Z","volume":2000,"price":5.33,"category":"rbull"},{"type":"A","date":"2018-03-14T01:35:48.000Z","volume":2000,"price":5.33,"category":"rbull"},{"type":"A","date":"2018-03-14T01:35:27.000Z","volume":2000,"price":5.33,"category":"rbull"},{"type":"A","date":"2018-03-14T01:35:18.000Z","volume":2000,"price":5.33,"category":"rbull"},{"type":"A","date":"2018-03-14T01:35:11.000Z","volume":2000,"price":5.33,"category":"rbull"},{"type":"A","date":"2018-03-14T01:34:51.000Z","volume":2000,"price":5.34,"category":"rbull"},{"type":"A","date":"2018-03-14T01:33:48.000Z","volume":2000,"price":5.35,"category":"rbull"},{"type":"A","date":"2018-03-14T01:32:54.000Z","volume":2000,"price":5.35,"category":"rbull"},{"type":"A","date":"2018-03-14T01:32:54.000Z","volume":2000,"price":5.35,"category":"rbull"},{"type":"A","date":"2018-03-14T01:31:56.000Z","volume":2000,"price":5.36,"category":"rbull"},{"type":"A","date":"2018-03-14T01:31:36.000Z","volume":2000,"price":5.37,"category":"rbull"},{"type":"A","date":"2018-03-14T01:31:33.000Z","volume":2000,"price":5.36,"category":"rbull"},{"type":"A","date":"2018-03-14T01:31:32.000Z","volume":2000,"price":5.36,"category":"rbull"},{"type":"A","date":"2018-03-14T01:31:25.000Z","volume":2000,"price":5.36,"category":"rbull"},{"type":"A","date":"2018-03-14T01:31:22.000Z","volume":2000,"price":5.36,"category":"rbull"},{"type":"A","date":"2018-03-14T01:31:17.000Z","volume":2000,"price":5.36,"category":"rbull"},{"type":"A","date":"2018-03-14T01:30:40.000Z","volume":2000,"price":5.36,"category":"rbull"},{"type":"A","date":"2018-03-14T01:30:35.000Z","volume":2000,"price":5.36,"category":"rbull"},{"type":"A","date":"2018-03-14T01:30:25.000Z","volume":2000,"price":5.36,"category":"rbull"},{"type":"A","date":"2018-03-14T01:30:20.000Z","volume":2000,"price":5.36,"category":"rbull"},{"type":"A","date":"2018-03-14T01:30:15.000Z","volume":2000,"price":5.36,"category":"rbull"},{"type":"A","date":"2018-03-14T01:30:07.000Z","volume":2000,"price":5.36,"category":"rbull"},{"type":"A","date":"2018-03-14T01:30:05.000Z","volume":2000,"price":5.37,"category":"rbull"},{"type":"A","date":"2018-03-14T01:30:04.000Z","volume":2000,"price":5.37,"category":"rbull"},{"type":"A","date":"2018-03-14T01:30:02.000Z","volume":2000,"price":5.37,"category":"rbull"},{"type":"A","date":"2018-03-14T01:30:02.000Z","volume":2000,"price":5.37,"category":"rbull"},{"type":"A","date":"2018-03-14T01:30:01.000Z","volume":2000,"price":5.37,"category":"rbull"},{"type":"A","date":"2018-03-14T01:30:01.000Z","volume":2000,"price":5.37,"category":"rbull"},{"type":"B","date":"2018-03-14T07:59:53.000Z","volume":2000,"price":5.39,"category":"rbear"},{"type":"B","date":"2018-03-14T07:59:40.000Z","volume":2000,"price":5.39,"category":"rbear"},{"type":"B","date":"2018-03-14T07:59:37.000Z","volume":2000,"price":5.39,"category":"rbear"},{"type":"B","date":"2018-03-14T07:59:11.000Z","volume":2000,"price":5.39,"category":"rbear"},{"type":"B","date":"2018-03-14T07:59:09.000Z","volume":2000,"price":5.39,"category":"rbear"},{"type":"B","date":"2018-03-14T07:59:02.000Z","volume":2000,"price":5.39,"category":"rbear"},{"type":"B","date":"2018-03-14T07:59:02.000Z","volume":2000,"price":5.39,"category":"rbear"},{"type":"B","date":"2018-03-14T07:58:29.000Z","volume":2000,"price":5.39,"category":"rbear"},{"type":"B","date":"2018-03-14T07:57:53.000Z","volume":2000,"price":5.39,"category":"rbear"},{"type":"B","date":"2018-03-14T07:56:52.000Z","volume":2000,"price":5.38,"category":"rbear"},{"type":"B","date":"2018-03-14T07:56:45.000Z","volume":2000,"price":5.38,"category":"rbear"},{"type":"B","date":"2018-03-14T07:56:15.000Z","volume":2000,"price":5.38,"category":"rbear"},{"type":"B","date":"2018-03-14T07:55:44.000Z","volume":2000,"price":5.38,"category":"rbear"},{"type":"B","date":"2018-03-14T07:55:39.000Z","volume":2000,"price":5.38,"category":"rbear"},{"type":"B","date":"2018-03-14T07:55:09.000Z","volume":2000,"price":5.39,"category":"rbear"},{"type":"B","date":"2018-03-14T07:53:55.000Z","volume":2000,"price":5.39,"category":"rbear"},{"type":"B","date":"2018-03-14T07:53:24.000Z","volume":2000,"price":5.39,"category":"rbear"},{"type":"B","date":"2018-03-14T07:51:38.000Z","volume":2000,"price":5.39,"category":"rbear"},{"type":"B","date":"2018-03-14T07:50:33.000Z","volume":2000,"price":5.38,"category":"rbear"},{"type":"B","date":"2018-03-14T07:49:02.000Z","volume":2000,"price":5.38,"category":"rbear"},{"type":"B","date":"2018-03-14T07:48:43.000Z","volume":2000,"price":5.38,"category":"rbear"},{"type":"B","date":"2018-03-14T07:48:03.000Z","volume":2000,"price":5.38,"category":"rbear"},{"type":"B","date":"2018-03-14T07:47:39.000Z","volume":2000,"price":5.38,"category":"rbear"},{"type":"B","date":"2018-03-14T07:45:16.000Z","volume":2000,"price":5.38,"category":"rbear"},{"type":"B","date":"2018-03-14T07:43:09.000Z","volume":2000,"price":5.38,"category":"rbear"},{"type":"B","date":"2018-03-14T07:42:19.000Z","volume":2000,"price":5.38,"category":"rbear"},{"type":"B","date":"2018-03-14T07:39:26.000Z","volume":2000,"price":5.38,"category":"rbear"},{"type":"B","date":"2018-03-14T07:36:54.000Z","volume":2000,"price":5.38,"category":"rbear"},{"type":"B","date":"2018-03-14T07:36:48.000Z","volume":2000,"price":5.39,"category":"rbear"},{"type":"B","date":"2018-03-14T07:31:32.000Z","volume":2000,"price":5.38,"category":"rbear"},{"type":"B","date":"2018-03-14T07:27:41.000Z","volume":2000,"price":5.37,"category":"rbear"},{"type":"B","date":"2018-03-14T07:27:19.000Z","volume":2000,"price":5.37,"category":"rbear"},{"type":"B","date":"2018-03-14T07:26:56.000Z","volume":2000,"price":5.36,"category":"rbear"},{"type":"B","date":"2018-03-14T07:22:30.000Z","volume":2000,"price":5.36,"category":"rbear"},{"type":"B","date":"2018-03-14T07:20:15.000Z","volume":2000,"price":5.36,"category":"rbear"},{"type":"B","date":"2018-03-14T07:19:42.000Z","volume":2000,"price":5.36,"category":"rbear"},{"type":"B","date":"2018-03-14T07:18:31.000Z","volume":2000,"price":5.35,"category":"rbear"},{"type":"B","date":"2018-03-14T07:17:59.000Z","volume":2000,"price":5.35,"category":"rbear"},{"type":"B","date":"2018-03-14T07:16:01.000Z","volume":2000,"price":5.35,"category":"rbear"},{"type":"B","date":"2018-03-14T07:10:26.000Z","volume":2000,"price":5.35,"category":"rbear"},{"type":"B","date":"2018-03-14T07:07:46.000Z","volume":2000,"price":5.35,"category":"rbear"},{"type":"B","date":"2018-03-14T07:07:28.000Z","volume":2000,"price":5.35,"category":"rbear"},{"type":"B","date":"2018-03-14T07:05:50.000Z","volume":2000,"price":5.35,"category":"rbear"},{"type":"B","date":"2018-03-14T07:02:03.000Z","volume":2000,"price":5.35,"category":"rbear"},{"type":"B","date":"2018-03-14T06:58:44.000Z","volume":2000,"price":5.35,"category":"rbear"},{"type":"B","date":"2018-03-14T06:58:04.000Z","volume":2000,"price":5.35,"category":"rbear"},{"type":"B","date":"2018-03-14T06:56:43.000Z","volume":2000,"price":5.35,"category":"rbear"},{"type":"B","date":"2018-03-14T06:56:36.000Z","volume":2000,"price":5.35,"category":"rbear"},{"type":"B","date":"2018-03-14T06:54:31.000Z","volume":2000,"price":5.35,"category":"rbear"},{"type":"B","date":"2018-03-14T06:54:02.000Z","volume":2000,"price":5.35,"category":"rbear"},{"type":"B","date":"2018-03-14T06:53:47.000Z","volume":2000,"price":5.35,"category":"rbear"},{"type":"B","date":"2018-03-14T06:48:32.000Z","volume":2000,"price":5.35,"category":"rbear"},{"type":"B","date":"2018-03-14T06:37:02.000Z","volume":2000,"price":5.35,"category":"rbear"},{"type":"B","date":"2018-03-14T06:35:17.000Z","volume":2000,"price":5.35,"category":"rbear"},{"type":"B","date":"2018-03-14T06:34:49.000Z","volume":2000,"price":5.35,"category":"rbear"},{"type":"B","date":"2018-03-14T06:31:32.000Z","volume":2000,"price":5.35,"category":"rbear"},{"type":"B","date":"2018-03-14T06:29:28.000Z","volume":2000,"price":5.35,"category":"rbear"},{"type":"B","date":"2018-03-14T06:28:23.000Z","volume":2000,"price":5.36,"category":"rbear"},{"type":"B","date":"2018-03-14T06:28:23.000Z","volume":2000,"price":5.36,"category":"rbear"},{"type":"B","date":"2018-03-14T06:28:23.000Z","volume":2000,"price":5.36,"category":"rbear"},{"type":"B","date":"2018-03-14T06:24:26.000Z","volume":2000,"price":5.36,"category":"rbear"},{"type":"B","date":"2018-03-14T06:23:38.000Z","volume":2000,"price":5.36,"category":"rbear"},{"type":"B","date":"2018-03-14T06:15:42.000Z","volume":2000,"price":5.36,"category":"rbear"},{"type":"B","date":"2018-03-14T06:15:04.000Z","volume":2000,"price":5.36,"category":"rbear"},{"type":"B","date":"2018-03-14T06:14:11.000Z","volume":2000,"price":5.36,"category":"rbear"},{"type":"B","date":"2018-03-14T06:13:51.000Z","volume":2000,"price":5.36,"category":"rbear"},{"type":"B","date":"2018-03-14T06:13:43.000Z","volume":2000,"price":5.36,"category":"rbear"},{"type":"B","date":"2018-03-14T06:06:59.000Z","volume":2000,"price":5.36,"category":"rbear"},{"type":"B","date":"2018-03-14T06:05:17.000Z","volume":2000,"price":5.36,"category":"rbear"},{"type":"B","date":"2018-03-14T05:59:49.000Z","volume":2000,"price":5.35,"category":"rbear"},{"type":"B","date":"2018-03-14T05:59:44.000Z","volume":2000,"price":5.35,"category":"rbear"},{"type":"B","date":"2018-03-14T05:59:38.000Z","volume":2000,"price":5.35,"category":"rbear"},{"type":"B","date":"2018-03-14T05:59:29.000Z","volume":2000,"price":5.35,"category":"rbear"},{"type":"B","date":"2018-03-14T05:58:56.000Z","volume":2000,"price":5.35,"category":"rbear"},{"type":"B","date":"2018-03-14T05:56:59.000Z","volume":2000,"price":5.35,"category":"rbear"},{"type":"B","date":"2018-03-14T05:54:05.000Z","volume":2000,"price":5.34,"category":"rbear"},{"type":"B","date":"2018-03-14T05:52:30.000Z","volume":2000,"price":5.34,"category":"rbear"},{"type":"B","date":"2018-03-14T05:51:10.000Z","volume":2000,"price":5.34,"category":"rbear"},{"type":"B","date":"2018-03-14T05:51:09.000Z","volume":2000,"price":5.34,"category":"rbear"},{"type":"B","date":"2018-03-14T05:49:02.000Z","volume":2000,"price":5.34,"category":"rbear"},{"type":"B","date":"2018-03-14T05:48:49.000Z","volume":2000,"price":5.34,"category":"rbear"},{"type":"B","date":"2018-03-14T05:44:45.000Z","volume":2000,"price":5.34,"category":"rbear"},{"type":"B","date":"2018-03-14T05:43:20.000Z","volume":2000,"price":5.34,"category":"rbear"},{"type":"B","date":"2018-03-14T05:39:31.000Z","volume":2000,"price":5.33,"category":"rbear"},{"type":"B","date":"2018-03-14T05:37:23.000Z","volume":2000,"price":5.33,"category":"rbear"},{"type":"B","date":"2018-03-14T05:36:45.000Z","volume":2000,"price":5.33,"category":"rbear"},{"type":"B","date":"2018-03-14T05:36:40.000Z","volume":2000,"price":5.33,"category":"rbear"},{"type":"B","date":"2018-03-14T05:34:02.000Z","volume":2000,"price":5.33,"category":"rbear"},{"type":"B","date":"2018-03-14T05:31:47.000Z","volume":2000,"price":5.33,"category":"rbear"},{"type":"B","date":"2018-03-14T05:31:13.000Z","volume":2000,"price":5.33,"category":"rbear"},{"type":"B","date":"2018-03-14T05:28:58.000Z","volume":2000,"price":5.33,"category":"rbear"},{"type":"B","date":"2018-03-14T05:28:28.000Z","volume":2000,"price":5.33,"category":"rbear"},{"type":"B","date":"2018-03-14T05:26:30.000Z","volume":2000,"price":5.33,"category":"rbear"},{"type":"B","date":"2018-03-14T05:25:00.000Z","volume":2000,"price":5.33,"category":"rbear"},{"type":"B","date":"2018-03-14T05:22:49.000Z","volume":2000,"price":5.33,"category":"rbear"},{"type":"B","date":"2018-03-14T05:20:54.000Z","volume":2000,"price":5.33,"category":"rbear"},{"type":"B","date":"2018-03-14T05:20:16.000Z","volume":2000,"price":5.33,"category":"rbear"},{"type":"B","date":"2018-03-14T05:15:01.000Z","volume":2000,"price":5.34,"category":"rbear"},{"type":"B","date":"2018-03-14T05:14:44.000Z","volume":2000,"price":5.34,"category":"rbear"},{"type":"B","date":"2018-03-14T05:14:10.000Z","volume":2000,"price":5.34,"category":"rbear"},{"type":"B","date":"2018-03-14T05:11:45.000Z","volume":2000,"price":5.34,"category":"rbear"},{"type":"B","date":"2018-03-14T05:10:49.000Z","volume":2000,"price":5.34,"category":"rbear"},{"type":"B","date":"2018-03-14T05:10:27.000Z","volume":2000,"price":5.34,"category":"rbear"},{"type":"B","date":"2018-03-14T05:09:36.000Z","volume":2000,"price":5.34,"category":"rbear"},{"type":"B","date":"2018-03-14T05:09:11.000Z","volume":2000,"price":5.34,"category":"rbear"},{"type":"B","date":"2018-03-14T05:07:12.000Z","volume":2000,"price":5.34,"category":"rbear"},{"type":"B","date":"2018-03-14T05:06:20.000Z","volume":2000,"price":5.34,"category":"rbear"},{"type":"B","date":"2018-03-14T05:04:55.000Z","volume":2000,"price":5.34,"category":"rbear"},{"type":"B","date":"2018-03-14T05:00:06.000Z","volume":2000,"price":5.34,"category":"rbear"},{"type":"B","date":"2018-03-14T03:59:51.000Z","volume":2000,"price":5.33,"category":"rbear"},{"type":"B","date":"2018-03-14T03:55:25.000Z","volume":2000,"price":5.33,"category":"rbear"},{"type":"B","date":"2018-03-14T03:54:57.000Z","volume":2000,"price":5.33,"category":"rbear"},{"type":"B","date":"2018-03-14T03:54:00.000Z","volume":2000,"price":5.34,"category":"rbear"},{"type":"B","date":"2018-03-14T03:47:20.000Z","volume":2000,"price":5.35,"category":"rbear"},{"type":"B","date":"2018-03-14T03:47:09.000Z","volume":2000,"price":5.35,"category":"rbear"},{"type":"B","date":"2018-03-14T03:46:07.000Z","volume":2000,"price":5.35,"category":"rbear"},{"type":"B","date":"2018-03-14T03:45:37.000Z","volume":2000,"price":5.35,"category":"rbear"},{"type":"B","date":"2018-03-14T03:44:31.000Z","volume":2000,"price":5.35,"category":"rbear"},{"type":"B","date":"2018-03-14T03:43:39.000Z","volume":2000,"price":5.35,"category":"rbear"},{"type":"B","date":"2018-03-14T03:42:51.000Z","volume":2000,"price":5.35,"category":"rbear"},{"type":"B","date":"2018-03-14T03:41:58.000Z","volume":2000,"price":5.35,"category":"rbear"},{"type":"B","date":"2018-03-14T03:41:06.000Z","volume":2000,"price":5.35,"category":"rbear"},{"type":"B","date":"2018-03-14T03:40:43.000Z","volume":2000,"price":5.35,"category":"rbear"},{"type":"B","date":"2018-03-14T03:40:17.000Z","volume":2000,"price":5.35,"category":"rbear"},{"type":"B","date":"2018-03-14T03:39:29.000Z","volume":2000,"price":5.35,"category":"rbear"},{"type":"B","date":"2018-03-14T03:38:41.000Z","volume":2000,"price":5.35,"category":"rbear"},{"type":"B","date":"2018-03-14T03:37:50.000Z","volume":2000,"price":5.35,"category":"rbear"},{"type":"B","date":"2018-03-14T03:36:25.000Z","volume":2000,"price":5.35,"category":"rbear"},{"type":"B","date":"2018-03-14T03:36:18.000Z","volume":2000,"price":5.35,"category":"rbear"},{"type":"B","date":"2018-03-14T03:35:37.000Z","volume":2000,"price":5.34,"category":"rbear"},{"type":"B","date":"2018-03-14T03:35:00.000Z","volume":2000,"price":5.34,"category":"rbear"},{"type":"B","date":"2018-03-14T03:34:42.000Z","volume":2000,"price":5.34,"category":"rbear"},{"type":"B","date":"2018-03-14T03:33:44.000Z","volume":2000,"price":5.34,"category":"rbear"},{"type":"B","date":"2018-03-14T03:32:39.000Z","volume":2000,"price":5.34,"category":"rbear"},{"type":"B","date":"2018-03-14T03:31:35.000Z","volume":2000,"price":5.34,"category":"rbear"},{"type":"B","date":"2018-03-14T03:30:52.000Z","volume":2000,"price":5.34,"category":"rbear"},{"type":"B","date":"2018-03-14T03:30:35.000Z","volume":2000,"price":5.34,"category":"rbear"},{"type":"B","date":"2018-03-14T03:29:38.000Z","volume":2000,"price":5.34,"category":"rbear"},{"type":"B","date":"2018-03-14T03:28:42.000Z","volume":2000,"price":5.34,"category":"rbear"},{"type":"B","date":"2018-03-14T03:27:50.000Z","volume":2000,"price":5.34,"category":"rbear"},{"type":"B","date":"2018-03-14T03:27:07.000Z","volume":2000,"price":5.34,"category":"rbear"},{"type":"B","date":"2018-03-14T03:26:59.000Z","volume":2000,"price":5.34,"category":"rbear"},{"type":"B","date":"2018-03-14T03:26:07.000Z","volume":2000,"price":5.34,"category":"rbear"},{"type":"B","date":"2018-03-14T03:25:15.000Z","volume":2000,"price":5.34,"category":"rbear"},{"type":"B","date":"2018-03-14T03:24:27.000Z","volume":2000,"price":5.34,"category":"rbear"},{"type":"B","date":"2018-03-14T03:23:38.000Z","volume":2000,"price":5.34,"category":"rbear"},{"type":"B","date":"2018-03-14T03:23:18.000Z","volume":2000,"price":5.34,"category":"rbear"},{"type":"B","date":"2018-03-14T03:22:50.000Z","volume":2000,"price":5.34,"category":"rbear"},{"type":"B","date":"2018-03-14T03:22:40.000Z","volume":2000,"price":5.34,"category":"rbear"},{"type":"B","date":"2018-03-14T03:22:03.000Z","volume":2000,"price":5.34,"category":"rbear"},{"type":"B","date":"2018-03-14T03:21:12.000Z","volume":2000,"price":5.34,"category":"rbear"},{"type":"B","date":"2018-03-14T03:20:24.000Z","volume":2000,"price":5.34,"category":"rbear"},{"type":"B","date":"2018-03-14T03:18:59.000Z","volume":2000,"price":5.34,"category":"rbear"},{"type":"B","date":"2018-03-14T03:16:11.000Z","volume":2000,"price":5.34,"category":"rbear"},{"type":"B","date":"2018-03-14T03:12:14.000Z","volume":2000,"price":5.34,"category":"rbear"},{"type":"B","date":"2018-03-14T03:08:50.000Z","volume":2000,"price":5.34,"category":"rbear"},{"type":"B","date":"2018-03-14T03:05:50.000Z","volume":2000,"price":5.34,"category":"rbear"},{"type":"B","date":"2018-03-14T03:05:22.000Z","volume":2000,"price":5.34,"category":"rbear"},{"type":"B","date":"2018-03-14T03:05:12.000Z","volume":2000,"price":5.34,"category":"rbear"},{"type":"B","date":"2018-03-14T03:04:34.000Z","volume":2000,"price":5.34,"category":"rbear"},{"type":"B","date":"2018-03-14T03:03:47.000Z","volume":2000,"price":5.34,"category":"rbear"},{"type":"B","date":"2018-03-14T03:02:28.000Z","volume":2000,"price":5.34,"category":"rbear"},{"type":"B","date":"2018-03-14T03:01:46.000Z","volume":2000,"price":5.34,"category":"rbear"},{"type":"B","date":"2018-03-14T02:57:10.000Z","volume":2000,"price":5.35,"category":"rbear"},{"type":"B","date":"2018-03-14T02:55:35.000Z","volume":2000,"price":5.35,"category":"rbear"},{"type":"B","date":"2018-03-14T02:55:34.000Z","volume":2000,"price":5.34,"category":"rbear"},{"type":"B","date":"2018-03-14T02:55:34.000Z","volume":2000,"price":5.35,"category":"rbear"},{"type":"B","date":"2018-03-14T02:51:58.000Z","volume":2000,"price":5.36,"category":"rbear"},{"type":"B","date":"2018-03-14T02:49:46.000Z","volume":2000,"price":5.35,"category":"rbear"},{"type":"B","date":"2018-03-14T02:46:45.000Z","volume":2000,"price":5.34,"category":"rbear"},{"type":"B","date":"2018-03-14T02:45:52.000Z","volume":2000,"price":5.34,"category":"rbear"},{"type":"B","date":"2018-03-14T02:44:29.000Z","volume":2000,"price":5.34,"category":"rbear"},{"type":"B","date":"2018-03-14T02:43:00.000Z","volume":2000,"price":5.34,"category":"rbear"},{"type":"B","date":"2018-03-14T02:42:37.000Z","volume":2000,"price":5.34,"category":"rbear"},{"type":"B","date":"2018-03-14T02:42:24.000Z","volume":2000,"price":5.34,"category":"rbear"},{"type":"B","date":"2018-03-14T02:40:36.000Z","volume":2000,"price":5.34,"category":"rbear"},{"type":"B","date":"2018-03-14T02:37:01.000Z","volume":2000,"price":5.34,"category":"rbear"},{"type":"B","date":"2018-03-14T02:35:30.000Z","volume":2000,"price":5.34,"category":"rbear"},{"type":"B","date":"2018-03-14T02:34:49.000Z","volume":2000,"price":5.33,"category":"rbear"},{"type":"B","date":"2018-03-14T02:30:41.000Z","volume":2000,"price":5.34,"category":"rbear"},{"type":"B","date":"2018-03-14T02:29:59.000Z","volume":2000,"price":5.34,"category":"rbear"},{"type":"B","date":"2018-03-14T02:26:36.000Z","volume":2000,"price":5.34,"category":"rbear"},{"type":"B","date":"2018-03-14T02:20:15.000Z","volume":2000,"price":5.33,"category":"rbear"},{"type":"B","date":"2018-03-14T02:19:26.000Z","volume":2000,"price":5.33,"category":"rbear"},{"type":"B","date":"2018-03-14T02:17:48.000Z","volume":2000,"price":5.33,"category":"rbear"},{"type":"B","date":"2018-03-14T02:17:16.000Z","volume":2000,"price":5.34,"category":"rbear"},{"type":"B","date":"2018-03-14T02:12:05.000Z","volume":2000,"price":5.33,"category":"rbear"},{"type":"B","date":"2018-03-14T02:10:45.000Z","volume":2000,"price":5.33,"category":"rbear"},{"type":"B","date":"2018-03-14T02:09:36.000Z","volume":2000,"price":5.33,"category":"rbear"},{"type":"B","date":"2018-03-14T02:09:11.000Z","volume":2000,"price":5.34,"category":"rbear"},{"type":"B","date":"2018-03-14T02:06:24.000Z","volume":2000,"price":5.33,"category":"rbear"},{"type":"B","date":"2018-03-14T02:03:37.000Z","volume":2000,"price":5.33,"category":"rbear"},{"type":"B","date":"2018-03-14T02:00:44.000Z","volume":2000,"price":5.33,"category":"rbear"},{"type":"B","date":"2018-03-14T02:00:23.000Z","volume":2000,"price":5.33,"category":"rbear"},{"type":"B","date":"2018-03-14T01:57:55.000Z","volume":2000,"price":5.33,"category":"rbear"},{"type":"B","date":"2018-03-14T01:52:31.000Z","volume":2000,"price":5.33,"category":"rbear"},{"type":"B","date":"2018-03-14T01:44:37.000Z","volume":2000,"price":5.33,"category":"rbear"},{"type":"B","date":"2018-03-14T01:44:29.000Z","volume":2000,"price":5.33,"category":"rbear"},{"type":"B","date":"2018-03-14T01:44:18.000Z","volume":2000,"price":5.33,"category":"rbear"},{"type":"B","date":"2018-03-14T01:44:15.000Z","volume":2000,"price":5.33,"category":"rbear"},{"type":"B","date":"2018-03-14T01:44:11.000Z","volume":2000,"price":5.33,"category":"rbear"},{"type":"B","date":"2018-03-14T01:44:06.000Z","volume":2000,"price":5.33,"category":"rbear"},{"type":"B","date":"2018-03-14T01:43:59.000Z","volume":2000,"price":5.33,"category":"rbear"},{"type":"B","date":"2018-03-14T01:43:53.000Z","volume":2000,"price":5.33,"category":"rbear"},{"type":"B","date":"2018-03-14T01:43:45.000Z","volume":2000,"price":5.33,"category":"rbear"},{"type":"B","date":"2018-03-14T01:40:44.000Z","volume":2000,"price":5.33,"category":"rbear"},{"type":"B","date":"2018-03-14T01:38:00.000Z","volume":2000,"price":5.33,"category":"rbear"},{"type":"B","date":"2018-03-14T01:36:24.000Z","volume":2000,"price":5.33,"category":"rbear"},{"type":"B","date":"2018-03-14T01:34:35.000Z","volume":2000,"price":5.33,"category":"rbear"},{"type":"B","date":"2018-03-14T01:34:34.000Z","volume":2000,"price":5.33,"category":"rbear"},{"type":"B","date":"2018-03-14T01:33:05.000Z","volume":2000,"price":5.34,"category":"rbear"},{"type":"B","date":"2018-03-14T01:33:05.000Z","volume":2000,"price":5.34,"category":"rbear"},{"type":"B","date":"2018-03-14T01:33:05.000Z","volume":2000,"price":5.34,"category":"rbear"},{"type":"B","date":"2018-03-14T01:32:21.000Z","volume":2000,"price":5.34,"category":"rbear"},{"type":"B","date":"2018-03-14T01:31:38.000Z","volume":2000,"price":5.36,"category":"rbear"},{"type":"B","date":"2018-03-14T01:31:18.000Z","volume":2000,"price":5.35,"category":"rbear"},{"type":"B","date":"2018-03-14T01:31:17.000Z","volume":2000,"price":5.35,"category":"rbear"},{"type":"B","date":"2018-03-14T01:30:30.000Z","volume":2000,"price":5.35,"category":"rbear"},{"type":"B","date":"2018-03-14T07:59:53.000Z","volume":46000,"price":5.39,"category":"bbear"},{"type":"B","date":"2018-03-14T07:59:53.000Z","volume":30000,"price":5.39,"category":"bbear"},{"type":"B","date":"2018-03-14T07:59:53.000Z","volume":48000,"price":5.39,"category":"bbear"},{"type":"B","date":"2018-03-14T07:59:31.000Z","volume":34000,"price":5.39,"category":"bbear"},{"type":"B","date":"2018-03-14T07:59:10.000Z","volume":52000,"price":5.39,"category":"bbear"},{"type":"B","date":"2018-03-14T07:54:00.000Z","volume":20000,"price":5.39,"category":"bbear"},{"type":"B","date":"2018-03-14T07:53:23.000Z","volume":20000,"price":5.39,"category":"bbear"},{"type":"B","date":"2018-03-14T07:52:19.000Z","volume":20000,"price":5.39,"category":"bbear"},{"type":"B","date":"2018-03-14T07:51:30.000Z","volume":50000,"price":5.39,"category":"bbear"},{"type":"B","date":"2018-03-14T07:48:32.000Z","volume":50000,"price":5.38,"category":"bbear"},{"type":"B","date":"2018-03-14T07:46:57.000Z","volume":36000,"price":5.38,"category":"bbear"},{"type":"B","date":"2018-03-14T07:44:56.000Z","volume":20000,"price":5.38,"category":"bbear"},{"type":"B","date":"2018-03-14T07:44:17.000Z","volume":22000,"price":5.38,"category":"bbear"},{"type":"B","date":"2018-03-14T07:41:10.000Z","volume":20000,"price":5.38,"category":"bbear"},{"type":"B","date":"2018-03-14T07:41:07.000Z","volume":30000,"price":5.38,"category":"bbear"},{"type":"B","date":"2018-03-14T07:40:58.000Z","volume":50000,"price":5.38,"category":"bbear"},{"type":"B","date":"2018-03-14T07:27:19.000Z","volume":50000,"price":5.37,"category":"bbear"},{"type":"B","date":"2018-03-14T07:20:15.000Z","volume":36000,"price":5.36,"category":"bbear"},{"type":"B","date":"2018-03-14T07:14:39.000Z","volume":20000,"price":5.35,"category":"bbear"},{"type":"B","date":"2018-03-14T07:13:45.000Z","volume":30000,"price":5.35,"category":"bbear"},{"type":"B","date":"2018-03-14T06:29:32.000Z","volume":50000,"price":5.35,"category":"bbear"},{"type":"B","date":"2018-03-14T06:28:17.000Z","volume":38000,"price":5.36,"category":"bbear"},{"type":"B","date":"2018-03-14T06:19:04.000Z","volume":40000,"price":5.36,"category":"bbear"},{"type":"B","date":"2018-03-14T06:10:23.000Z","volume":50000,"price":5.36,"category":"bbear"},{"type":"B","date":"2018-03-14T06:09:49.000Z","volume":42000,"price":5.36,"category":"bbear"},{"type":"B","date":"2018-03-14T05:45:57.000Z","volume":20000,"price":5.34,"category":"bbear"},{"type":"B","date":"2018-03-14T05:07:57.000Z","volume":24000,"price":5.34,"category":"bbear"},{"type":"B","date":"2018-03-14T05:06:44.000Z","volume":36000,"price":5.34,"category":"bbear"},{"type":"B","date":"2018-03-14T05:00:08.000Z","volume":44000,"price":5.34,"category":"bbear"},{"type":"B","date":"2018-03-14T03:53:46.000Z","volume":50000,"price":5.34,"category":"bbear"},{"type":"B","date":"2018-03-14T03:42:27.000Z","volume":20000,"price":5.35,"category":"bbear"},{"type":"B","date":"2018-03-14T03:04:27.000Z","volume":50000,"price":5.34,"category":"bbear"},{"type":"B","date":"2018-03-14T02:46:47.000Z","volume":20000,"price":5.34,"category":"bbear"},{"type":"B","date":"2018-03-14T02:46:45.000Z","volume":40000,"price":5.34,"category":"bbear"},{"type":"B","date":"2018-03-14T02:44:35.000Z","volume":50000,"price":5.34,"category":"bbear"},{"type":"B","date":"2018-03-14T02:36:12.000Z","volume":30000,"price":5.34,"category":"bbear"},{"type":"B","date":"2018-03-14T02:09:11.000Z","volume":58000,"price":5.34,"category":"bbear"},{"type":"B","date":"2018-03-14T02:02:46.000Z","volume":20000,"price":5.33,"category":"bbear"},{"type":"B","date":"2018-03-14T01:58:05.000Z","volume":50000,"price":5.33,"category":"bbear"},{"type":"B","date":"2018-03-14T01:48:38.000Z","volume":40000,"price":5.33,"category":"bbear"},{"type":"B","date":"2018-03-14T01:42:49.000Z","volume":44000,"price":5.33,"category":"bbear"},{"type":"B","date":"2018-03-14T01:42:21.000Z","volume":30000,"price":5.33,"category":"bbear"},{"type":"B","date":"2018-03-14T01:41:26.000Z","volume":26000,"price":5.33,"category":"bbear"},{"type":"B","date":"2018-03-14T01:40:45.000Z","volume":34000,"price":5.32,"category":"bbear"},{"type":"B","date":"2018-03-14T01:40:44.000Z","volume":20000,"price":5.33,"category":"bbear"},{"type":"B","date":"2018-03-14T01:40:44.000Z","volume":26000,"price":5.33,"category":"bbear"},{"type":"B","date":"2018-03-14T01:40:19.000Z","volume":30000,"price":5.33,"category":"bbear"},{"type":"B","date":"2018-03-14T01:39:28.000Z","volume":20000,"price":5.34,"category":"bbear"},{"type":"B","date":"2018-03-14T01:34:29.000Z","volume":38000,"price":5.33,"category":"bbear"},{"type":"B","date":"2018-03-14T01:34:28.000Z","volume":24000,"price":5.33,"category":"bbear"},{"type":"B","date":"2018-03-14T01:33:44.000Z","volume":22000,"price":5.33,"category":"bbear"},{"type":"B","date":"2018-03-14T01:33:43.000Z","volume":50000,"price":5.33,"category":"bbear"},{"type":"B","date":"2018-03-14T01:33:05.000Z","volume":22000,"price":5.34,"category":"bbear"},{"type":"B","date":"2018-03-14T01:33:01.000Z","volume":22000,"price":5.34,"category":"bbear"},{"type":"B","date":"2018-03-14T01:32:55.000Z","volume":20000,"price":5.34,"category":"bbear"},{"type":"B","date":"2018-03-14T01:32:55.000Z","volume":34000,"price":5.34,"category":"bbear"},{"type":"B","date":"2018-03-14T01:32:35.000Z","volume":36000,"price":5.34,"category":"bbear"},{"type":"B","date":"2018-03-14T01:32:21.000Z","volume":42000,"price":5.34,"category":"bbear"},{"type":"B","date":"2018-03-14T01:32:21.000Z","volume":22000,"price":5.34,"category":"bbear"},{"type":"B","date":"2018-03-14T01:31:35.000Z","volume":26000,"price":5.35,"category":"bbear"},{"type":"B","date":"2018-03-14T01:31:33.000Z","volume":20000,"price":5.35,"category":"bbear"},{"type":"B","date":"2018-03-14T01:31:17.000Z","volume":40000,"price":5.35,"category":"bbear"},{"type":"B","date":"2018-03-14T01:30:25.000Z","volume":30000,"price":5.35,"category":"bbear"},{"type":"B","date":"2018-03-14T01:30:05.000Z","volume":56000,"price":5.35,"category":"bbear"},{"type":"B","date":"2018-03-14T01:30:00.000Z","volume":26000,"price":5.37,"category":"bbear"},{"type":"B","date":"2018-03-14T01:30:00.000Z","volume":58000,"price":5.37,"category":"bbear"},{"type":"B","date":"2018-03-14T07:59:53.000Z","volume":122000,"price":5.39,"category":"ubbear"},{"type":"B","date":"2018-03-14T07:55:45.000Z","volume":100000,"price":5.38,"category":"ubbear"},{"type":"B","date":"2018-03-14T07:55:15.000Z","volume":178000,"price":5.39,"category":"ubbear"},{"type":"B","date":"2018-03-14T07:55:15.000Z","volume":110000,"price":5.39,"category":"ubbear"},{"type":"B","date":"2018-03-14T07:50:59.000Z","volume":114000,"price":5.39,"category":"ubbear"},{"type":"B","date":"2018-03-14T07:47:30.000Z","volume":246000,"price":5.38,"category":"ubbear"},{"type":"B","date":"2018-03-14T07:46:57.000Z","volume":612000,"price":5.38,"category":"ubbear"},{"type":"B","date":"2018-03-14T07:46:57.000Z","volume":500000,"price":5.38,"category":"ubbear"},{"type":"B","date":"2018-03-14T07:36:48.000Z","volume":260000,"price":5.39,"category":"ubbear"},{"type":"B","date":"2018-03-14T07:36:25.000Z","volume":100000,"price":5.39,"category":"ubbear"},{"type":"B","date":"2018-03-14T07:32:04.000Z","volume":62000,"price":5.38,"category":"ubbear"},{"type":"B","date":"2018-03-14T07:32:04.000Z","volume":220000,"price":5.38,"category":"ubbear"},{"type":"B","date":"2018-03-14T07:20:15.000Z","volume":200000,"price":5.36,"category":"ubbear"},{"type":"B","date":"2018-03-14T06:42:45.000Z","volume":92000,"price":5.36,"category":"ubbear"},{"type":"B","date":"2018-03-14T06:34:09.000Z","volume":82000,"price":5.36,"category":"ubbear"},{"type":"B","date":"2018-03-14T06:34:09.000Z","volume":154000,"price":5.36,"category":"ubbear"},{"type":"B","date":"2018-03-14T06:33:45.000Z","volume":134000,"price":5.36,"category":"ubbear"},{"type":"B","date":"2018-03-14T06:28:17.000Z","volume":2322000,"price":5.36,"category":"ubbear"},{"type":"B","date":"2018-03-14T06:27:33.000Z","volume":182000,"price":5.37,"category":"ubbear"},{"type":"B","date":"2018-03-14T06:00:02.000Z","volume":316000,"price":5.36,"category":"ubbear"},{"type":"B","date":"2018-03-14T05:51:30.000Z","volume":64000,"price":5.34,"category":"ubbear"},{"type":"B","date":"2018-03-14T05:46:23.000Z","volume":108000,"price":5.34,"category":"ubbear"},{"type":"B","date":"2018-03-14T05:17:48.000Z","volume":394000,"price":5.34,"category":"ubbear"},{"type":"B","date":"2018-03-14T03:54:00.000Z","volume":118000,"price":5.34,"category":"ubbear"},{"type":"B","date":"2018-03-14T03:54:00.000Z","volume":1138000,"price":5.34,"category":"ubbear"},{"type":"B","date":"2018-03-14T03:51:25.000Z","volume":100000,"price":5.34,"category":"ubbear"},{"type":"B","date":"2018-03-14T03:47:35.000Z","volume":200000,"price":5.35,"category":"ubbear"},{"type":"B","date":"2018-03-14T03:09:09.000Z","volume":152000,"price":5.35,"category":"ubbear"},{"type":"B","date":"2018-03-14T03:01:34.000Z","volume":66000,"price":5.34,"category":"ubbear"},{"type":"B","date":"2018-03-14T03:00:07.000Z","volume":64000,"price":5.34,"category":"ubbear"},{"type":"B","date":"2018-03-14T02:57:10.000Z","volume":66000,"price":5.35,"category":"ubbear"},{"type":"B","date":"2018-03-14T02:55:34.000Z","volume":538000,"price":5.35,"category":"ubbear"},{"type":"B","date":"2018-03-14T02:55:26.000Z","volume":348000,"price":5.36,"category":"ubbear"},{"type":"B","date":"2018-03-14T02:54:20.000Z","volume":150000,"price":5.36,"category":"ubbear"},{"type":"B","date":"2018-03-14T02:51:38.000Z","volume":150000,"price":5.36,"category":"ubbear"},{"type":"B","date":"2018-03-14T02:48:09.000Z","volume":108000,"price":5.34,"category":"ubbear"},{"type":"B","date":"2018-03-14T02:48:09.000Z","volume":192000,"price":5.34,"category":"ubbear"},{"type":"B","date":"2018-03-14T02:46:45.000Z","volume":258000,"price":5.34,"category":"ubbear"},{"type":"B","date":"2018-03-14T02:46:45.000Z","volume":202000,"price":5.34,"category":"ubbear"},{"type":"B","date":"2018-03-14T02:35:42.000Z","volume":236000,"price":5.34,"category":"ubbear"},{"type":"B","date":"2018-03-14T02:35:42.000Z","volume":200000,"price":5.34,"category":"ubbear"},{"type":"B","date":"2018-03-14T02:34:46.000Z","volume":402000,"price":5.34,"category":"ubbear"},{"type":"B","date":"2018-03-14T02:34:46.000Z","volume":400000,"price":5.34,"category":"ubbear"},{"type":"B","date":"2018-03-14T02:27:57.000Z","volume":122000,"price":5.34,"category":"ubbear"},{"type":"B","date":"2018-03-14T02:22:55.000Z","volume":74000,"price":5.34,"category":"ubbear"},{"type":"B","date":"2018-03-14T02:17:16.000Z","volume":252000,"price":5.34,"category":"ubbear"},{"type":"B","date":"2018-03-14T01:51:42.000Z","volume":90000,"price":5.33,"category":"ubbear"},{"type":"B","date":"2018-03-14T01:45:05.000Z","volume":200000,"price":5.33,"category":"ubbear"},{"type":"B","date":"2018-03-14T01:40:44.000Z","volume":164000,"price":5.33,"category":"ubbear"},{"type":"B","date":"2018-03-14T01:40:44.000Z","volume":80000,"price":5.33,"category":"ubbear"},{"type":"B","date":"2018-03-14T01:40:44.000Z","volume":294000,"price":5.33,"category":"ubbear"},{"type":"B","date":"2018-03-14T01:39:28.000Z","volume":110000,"price":5.34,"category":"ubbear"},{"type":"B","date":"2018-03-14T01:38:09.000Z","volume":74000,"price":5.33,"category":"ubbear"},{"type":"B","date":"2018-03-14T01:37:56.000Z","volume":82000,"price":5.33,"category":"ubbear"},{"type":"B","date":"2018-03-14T01:35:10.000Z","volume":98000,"price":5.32,"category":"ubbear"},{"type":"B","date":"2018-03-14T01:35:10.000Z","volume":94000,"price":5.33,"category":"ubbear"}