[{"type":"U","date":"2018-04-06T01:20:00.000Z","volume":30000,"label":"U","price":0.41},{"type":"B","date":"2018-04-06T01:58:46.000Z","volume":50000,"label":" ","price":0.415},{"type":"B","date":"2018-04-06T02:12:36.000Z","volume":20000,"label":" ","price":0.415},{"type":"B","date":"2018-04-06T02:13:35.000Z","volume":40000,"label":" ","price":0.415},{"type":"A","date":"2018-04-06T02:13:35.000Z","volume":10000,"label":" ","price":0.42},{"type":"A","date":"2018-04-06T02:19:04.000Z","volume":40000,"label":" ","price":0.42},{"type":"A","date":"2018-04-06T02:19:04.000Z","volume":10000,"label":" ","price":0.42},{"type":"A","date":"2018-04-06T02:19:04.000Z","volume":40000,"label":" ","price":0.42},{"type":"A","date":"2018-04-06T02:34:15.000Z","volume":10000,"label":" ","price":0.425},{"type":"A","date":"2018-04-06T02:36:56.000Z","volume":290000,"label":" ","price":0.425},{"type":"A","date":"2018-04-06T02:36:56.000Z","volume":10000,"label":" ","price":0.43},{"type":"A","date":"2018-04-06T02:36:56.000Z","volume":30000,"label":" ","price":0.43},{"type":"B","date":"2018-04-06T02:37:01.000Z","volume":10000,"label":" ","price":0.425},{"type":"B","date":"2018-04-06T02:37:07.000Z","volume":20000,"label":" ","price":0.425},{"type":"B","date":"2018-04-06T02:37:13.000Z","volume":20000,"label":" ","price":0.425},{"type":"A","date":"2018-04-06T02:38:27.000Z","volume":120000,"label":" ","price":0.43},{"type":"A","date":"2018-04-06T02:38:45.000Z","volume":100000,"label":" ","price":0.43},{"type":"A","date":"2018-04-06T02:41:23.000Z","volume":20000,"label":" ","price":0.43},{"type":"B","date":"2018-04-06T02:42:57.000Z","volume":30000,"label":" ","price":0.425},{"type":"B","date":"2018-04-06T02:42:58.000Z","volume":30000,"label":" ","price":0.425},{"type":"B","date":"2018-04-06T02:43:17.000Z","volume":10000,"label":" ","price":0.425},{"type":"B","date":"2018-04-06T02:44:31.000Z","volume":80000,"label":" ","price":0.425},{"type":"A","date":"2018-04-06T03:00:23.000Z","volume":10000,"label":" ","price":0.425},{"type":"A","date":"2018-04-06T03:04:06.000Z","volume":10000,"label":" ","price":0.425},{"type":"A","date":"2018-04-06T03:06:19.000Z","volume":10000,"label":" ","price":0.425},{"type":"B","date":"2018-04-06T03:19:17.000Z","volume":10000,"label":" ","price":0.42},{"type":"A","date":"2018-04-06T03:19:17.000Z","volume":10000,"label":" ","price":0.425},{"type":"B","date":"2018-04-06T03:44:05.000Z","volume":20000,"label":" ","price":0.42},{"type":"A","date":"2018-04-06T03:45:53.000Z","volume":10000,"label":" ","price":0.425},{"type":"A","date":"2018-04-06T05:02:38.000Z","volume":50000,"label":" ","price":0.425},{"type":"A","date":"2018-04-06T05:05:34.000Z","volume":10000,"label":" ","price":0.425},{"type":"A","date":"2018-04-06T05:10:53.000Z","volume":10000,"label":" ","price":0.425},{"type":"A","date":"2018-04-06T05:18:42.000Z","volume":10000,"label":" ","price":0.425},{"type":"B","date":"2018-04-06T05:23:55.000Z","volume":100000,"label":" ","price":0.42},{"type":"B","date":"2018-04-06T05:24:08.000Z","volume":50000,"label":" ","price":0.42},{"type":"A","date":"2018-04-06T05:48:22.000Z","volume":10000,"label":" ","price":0.42},{"type":"A","date":"2018-04-06T06:01:52.000Z","volume":40000,"label":" ","price":0.42},{"type":"A","date":"2018-04-06T06:11:06.000Z","volume":50000,"label":" ","price":0.42},{"type":"A","date":"2018-04-06T06:11:06.000Z","volume":10000,"label":" ","price":0.42},{"type":"A","date":"2018-04-06T06:15:33.000Z","volume":10000,"label":" ","price":0.42},{"type":"A","date":"2018-04-06T06:15:33.000Z","volume":10000,"label":" ","price":0.42},{"type":"A","date":"2018-04-06T06:21:03.000Z","volume":10000,"label":" ","price":0.42},{"type":"A","date":"2018-04-06T06:26:39.000Z","volume":10000,"label":" ","price":0.42},{"type":"B","date":"2018-04-06T06:27:01.000Z","volume":1390000,"label":" ","price":0.415},{"type":"A","date":"2018-04-06T06:27:03.000Z","volume":50000,"label":" ","price":0.415},{"type":"A","date":"2018-04-06T06:28:22.000Z","volume":30000,"label":" ","price":0.415},{"type":"B","date":"2018-04-06T06:29:21.000Z","volume":100000,"label":" ","price":0.415},{"type":"B","date":"2018-04-06T06:29:21.000Z","volume":40000,"label":" ","price":0.415},{"type":"A","date":"2018-04-06T06:49:58.000Z","volume":190000,"label":" ","price":0.415},{"type":"A","date":"2018-04-06T06:58:18.000Z","volume":20000,"label":" ","price":0.415},{"type":"A","date":"2018-04-06T07:03:57.000Z","volume":10000,"label":" ","price":0.415},{"type":"A","date":"2018-04-06T07:06:37.000Z","volume":300000,"label":" ","price":0.415},{"type":"A","date":"2018-04-06T07:07:22.000Z","volume":200000,"label":" ","price":0.415},{"type":"A","date":"2018-04-06T07:07:27.000Z","volume":100000,"label":" ","price":0.415},{"type":"A","date":"2018-04-06T07:08:08.000Z","volume":30000,"label":" ","price":0.415},{"type":"A","date":"2018-04-06T07:13:41.000Z","volume":10000,"label":" ","price":0.415},{"type":"A","date":"2018-04-06T07:14:31.000Z","volume":100000,"label":" ","price":0.415},{"type":"A","date":"2018-04-06T07:14:31.000Z","volume":40000,"label":" ","price":0.415},{"type":"A","date":"2018-04-06T07:24:54.000Z","volume":50000,"label":" ","price":0.42},{"type":"A","date":"2018-04-06T07:29:39.000Z","volume":30000,"label":" ","price":0.42},{"type":"A","date":"2018-04-06T07:30:23.000Z","volume":60000,"label":" ","price":0.42},{"type":"B","date":"2018-04-06T07:34:40.000Z","volume":30000,"label":" ","price":0.415},{"type":"A","date":"2018-04-06T07:34:40.000Z","volume":20000,"label":" ","price":0.42},{"type":"A","date":"2018-04-06T07:35:50.000Z","volume":20000,"label":" ","price":0.42},{"type":"A","date":"2018-04-06T07:41:01.000Z","volume":40000,"label":" ","price":0.42},{"type":"A","date":"2018-04-06T07:41:20.000Z","volume":2130000,"label":" ","price":0.42},{"type":"A","date":"2018-04-06T07:46:38.000Z","volume":30000,"label":" ","price":0.425},{"type":"A","date":"2018-04-06T07:47:14.000Z","volume":20000,"label":" ","price":0.425},{"type":"A","date":"2018-04-06T07:47:28.000Z","volume":100000,"label":" ","price":0.425},{"type":"A","date":"2018-04-06T07:50:16.000Z","volume":30000,"label":" ","price":0.425},{"type":"A","date":"2018-04-06T07:53:34.000Z","volume":20000,"label":" ","price":0.425},{"type":"A","date":"2018-04-06T07:55:37.000Z","volume":30000,"label":" ","price":0.425},{"type":"A","date":"2018-04-06T07:56:50.000Z","volume":10000,"label":" ","price":0.425},{"type":"A","date":"2018-04-06T07:57:59.000Z","volume":10000,"label":" ","price":0.425},{"type":"A","date":"2018-04-06T07:59:41.000Z","volume":20000,"label":" ","price":0.425},{"type":"A","date":"2018-04-06T07:59:59.000Z","volume":20000,"label":"Y","price":0.425},{"type":"A","date":"2018-04-06T07:59:59.000Z","volume":80000,"label":" ","price":0.425}]