[{"type":"B","date":"2018-03-20T01:42:23.000Z","volume":1000,"label":" ","price":0.74},{"type":"B","date":"2018-03-20T01:42:36.000Z","volume":6000,"label":" ","price":0.74},{"type":"B","date":"2018-03-20T01:54:43.000Z","volume":110000,"label":" ","price":0.74},{"type":"B","date":"2018-03-20T02:12:59.000Z","volume":110000,"label":" ","price":0.74},{"type":"A","date":"2018-03-20T02:15:21.000Z","volume":1000,"label":" ","price":0.75},{"type":"B","date":"2018-03-20T02:19:09.000Z","volume":100000,"label":" ","price":0.74},{"type":"B","date":"2018-03-20T02:21:25.000Z","volume":8000,"label":" ","price":0.74},{"type":"B","date":"2018-03-20T02:47:27.000Z","volume":7000,"label":" ","price":0.74},{"type":"B","date":"2018-03-20T02:51:37.000Z","volume":2000,"label":" ","price":0.74},{"type":"A","date":"2018-03-20T02:54:47.000Z","volume":8000,"label":" ","price":0.74},{"type":"A","date":"2018-03-20T02:54:50.000Z","volume":1000,"label":" ","price":0.74},{"type":"B","date":"2018-03-20T02:55:13.000Z","volume":5000,"label":" ","price":0.73},{"type":"A","date":"2018-03-20T02:57:11.000Z","volume":12000,"label":" ","price":0.74},{"type":"A","date":"2018-03-20T02:57:11.000Z","volume":4000,"label":" ","price":0.75},{"type":"A","date":"2018-03-20T03:02:26.000Z","volume":1000,"label":" ","price":0.75},{"type":"B","date":"2018-03-20T03:25:45.000Z","volume":1000,"label":" ","price":0.73},{"type":"A","date":"2018-03-20T03:32:29.000Z","volume":1000,"label":" ","price":0.74},{"type":"B","date":"2018-03-20T03:40:26.000Z","volume":522000,"label":" ","price":0.73},{"type":"A","date":"2018-03-20T03:40:30.000Z","volume":5000,"label":" ","price":0.73},{"type":"A","date":"2018-03-20T03:47:25.000Z","volume":25000,"label":" ","price":0.73},{"type":"B","date":"2018-03-20T03:49:37.000Z","volume":10000,"label":" ","price":0.72},{"type":"B","date":"2018-03-20T03:50:32.000Z","volume":100000,"label":" ","price":0.72},{"type":"A","date":"2018-03-20T03:50:35.000Z","volume":1000,"label":" ","price":0.73},{"type":"B","date":"2018-03-20T03:50:38.000Z","volume":50000,"label":" ","price":0.72},{"type":"B","date":"2018-03-20T03:50:38.000Z","volume":17000,"label":" ","price":0.72},{"type":"B","date":"2018-03-20T03:50:38.000Z","volume":12000,"label":" ","price":0.72},{"type":"B","date":"2018-03-20T03:50:45.000Z","volume":16000,"label":" ","price":0.72},{"type":"B","date":"2018-03-20T03:51:53.000Z","volume":1000,"label":" ","price":0.72},{"type":"B","date":"2018-03-20T03:57:41.000Z","volume":24000,"label":" ","price":0.72},{"type":"A","date":"2018-03-20T03:57:43.000Z","volume":1000,"label":" ","price":0.73},{"type":"B","date":"2018-03-20T03:58:10.000Z","volume":90000,"label":" ","price":0.72},{"type":"A","date":"2018-03-20T03:59:34.000Z","volume":1000,"label":" ","price":0.72},{"type":"A","date":"2018-03-20T05:00:00.000Z","volume":12000,"label":" ","price":0.72},{"type":"B","date":"2018-03-20T05:16:31.000Z","volume":30000,"label":" ","price":0.72},{"type":"A","date":"2018-03-20T05:40:18.000Z","volume":1000,"label":" ","price":0.73},{"type":"A","date":"2018-03-20T05:49:13.000Z","volume":6000,"label":" ","price":0.73},{"type":"B","date":"2018-03-20T06:12:55.000Z","volume":10000,"label":" ","price":0.72},{"type":"A","date":"2018-03-20T06:15:17.000Z","volume":1000,"label":" ","price":0.73},{"type":"B","date":"2018-03-20T06:24:29.000Z","volume":60000,"label":" ","price":0.72},{"type":"A","date":"2018-03-20T06:24:33.000Z","volume":1000,"label":" ","price":0.73},{"type":"B","date":"2018-03-20T06:42:29.000Z","volume":90000,"label":" ","price":0.72},{"type":"A","date":"2018-03-20T06:42:34.000Z","volume":1000,"label":" ","price":0.73},{"type":"B","date":"2018-03-20T06:42:38.000Z","volume":1000,"label":" ","price":0.72},{"type":"A","date":"2018-03-20T06:45:07.000Z","volume":60000,"label":" ","price":0.73},{"type":"A","date":"2018-03-20T06:45:12.000Z","volume":1000,"label":" ","price":0.73},{"type":"A","date":"2018-03-20T07:19:11.000Z","volume":50000,"label":" ","price":0.73},{"type":"A","date":"2018-03-20T07:19:11.000Z","volume":1000,"label":" ","price":0.73},{"type":"B","date":"2018-03-20T07:31:13.000Z","volume":53000,"label":" ","price":0.72},{"type":"A","date":"2018-03-20T07:31:15.000Z","volume":1000,"label":" ","price":0.73},{"type":"B","date":"2018-03-20T07:31:38.000Z","volume":36000,"label":"Y","price":0.72},{"type":"B","date":"2018-03-20T07:31:38.000Z","volume":24000,"label":" ","price":0.72},{"type":"B","date":"2018-03-20T07:44:35.000Z","volume":64000,"label":"Y","price":0.72},{"type":"B","date":"2018-03-20T07:44:35.000Z","volume":6000,"label":" ","price":0.72},{"type":"A","date":"2018-03-20T07:44:38.000Z","volume":1000,"label":" ","price":0.73},{"type":"A","date":"2018-03-20T07:47:24.000Z","volume":50000,"label":" ","price":0.73},{"type":"A","date":"2018-03-20T07:57:22.000Z","volume":4000,"label":" ","price":0.73},{"type":"A","date":"2018-03-20T07:59:49.000Z","volume":10000,"label":" ","price":0.73},{"type":"U","date":"2018-03-20T08:08:31.000Z","volume":1000,"label":"U","price":0.73}]