[{"type":"B","date":"2018-03-21T02:25:37.000Z","volume":990000,"label":" ","price":0.28},{"type":"B","date":"2018-03-21T02:25:52.000Z","volume":24000,"label":" ","price":0.28},{"type":"B","date":"2018-03-21T02:32:34.000Z","volume":36000,"label":" ","price":0.28},{"type":"B","date":"2018-03-21T02:37:39.000Z","volume":3000,"label":" ","price":0.28},{"type":"U","date":"2018-03-21T02:42:51.000Z","volume":600,"label":"D","price":0.26},{"type":"A","date":"2018-03-21T02:42:56.000Z","volume":27000,"label":" ","price":0.285},{"type":"A","date":"2018-03-21T02:43:02.000Z","volume":27000,"label":" ","price":0.285},{"type":"A","date":"2018-03-21T03:01:00.000Z","volume":45000,"label":" ","price":0.285},{"type":"A","date":"2018-03-21T03:08:22.000Z","volume":60000,"label":" ","price":0.285},{"type":"A","date":"2018-03-21T03:08:54.000Z","volume":3000,"label":" ","price":0.285},{"type":"A","date":"2018-03-21T03:13:18.000Z","volume":72000,"label":" ","price":0.285},{"type":"A","date":"2018-03-21T03:28:06.000Z","volume":300000,"label":" ","price":0.285},{"type":"A","date":"2018-03-21T03:28:29.000Z","volume":60000,"label":" ","price":0.285},{"type":"A","date":"2018-03-21T03:32:22.000Z","volume":195000,"label":" ","price":0.285},{"type":"B","date":"2018-03-21T03:55:06.000Z","volume":15000,"label":" ","price":0.285},{"type":"B","date":"2018-03-21T06:19:48.000Z","volume":60000,"label":" ","price":0.285},{"type":"B","date":"2018-03-21T06:37:12.000Z","volume":15000,"label":" ","price":0.285},{"type":"A","date":"2018-03-21T06:37:15.000Z","volume":54000,"label":" ","price":0.285},{"type":"A","date":"2018-03-21T06:37:15.000Z","volume":330000,"label":" ","price":0.285},{"type":"B","date":"2018-03-21T06:37:17.000Z","volume":999000,"label":" ","price":0.28},{"type":"B","date":"2018-03-21T06:37:17.000Z","volume":105000,"label":" ","price":0.28},{"type":"B","date":"2018-03-21T06:37:17.000Z","volume":27000,"label":" ","price":0.28},{"type":"B","date":"2018-03-21T06:37:17.000Z","volume":6000,"label":" ","price":0.28},{"type":"B","date":"2018-03-21T06:45:38.000Z","volume":90000,"label":" ","price":0.275},{"type":"B","date":"2018-03-21T06:45:38.000Z","volume":120000,"label":" ","price":0.275},{"type":"A","date":"2018-03-21T06:53:51.000Z","volume":3000,"label":" ","price":0.275},{"type":"A","date":"2018-03-21T06:54:27.000Z","volume":36000,"label":" ","price":0.275},{"type":"A","date":"2018-03-21T07:03:13.000Z","volume":120000,"label":" ","price":0.28},{"type":"A","date":"2018-03-21T07:03:44.000Z","volume":120000,"label":" ","price":0.28},{"type":"A","date":"2018-03-21T07:40:15.000Z","volume":90000,"label":" ","price":0.28},{"type":"A","date":"2018-03-21T07:42:43.000Z","volume":99000,"label":" ","price":0.28},{"type":"A","date":"2018-03-21T07:44:58.000Z","volume":60000,"label":" ","price":0.28},{"type":"A","date":"2018-03-21T07:48:09.000Z","volume":72000,"label":" ","price":0.28},{"type":"A","date":"2018-03-21T07:59:53.000Z","volume":120000,"label":" ","price":0.28}]