[{"type":"A","date":"2018-04-23T01:30:01.000Z","volume":1000,"label":" ","price":44.8},{"type":"B","date":"2018-04-23T01:30:01.000Z","volume":1000,"label":" ","price":44.5},{"type":"U","date":"2018-04-23T01:30:03.000Z","volume":1000,"label":"X","price":44.8},{"type":"A","date":"2018-04-23T01:30:03.000Z","volume":1500,"label":" ","price":44.8},{"type":"A","date":"2018-04-23T01:30:03.000Z","volume":500,"label":" ","price":44.8},{"type":"A","date":"2018-04-23T01:30:04.000Z","volume":500,"label":" ","price":44.8},{"type":"A","date":"2018-04-23T01:30:05.000Z","volume":1500,"label":" ","price":44.8},{"type":"A","date":"2018-04-23T01:30:05.000Z","volume":500,"label":" ","price":45},{"type":"A","date":"2018-04-23T01:30:05.000Z","volume":500,"label":" ","price":44.8},{"type":"A","date":"2018-04-23T01:30:05.000Z","volume":1000,"label":" ","price":44.9},{"type":"A","date":"2018-04-23T01:30:05.000Z","volume":2000,"label":" ","price":44.9},{"type":"A","date":"2018-04-23T01:30:06.000Z","volume":500,"label":" ","price":45},{"type":"A","date":"2018-04-23T01:30:06.000Z","volume":1000,"label":" ","price":45},{"type":"A","date":"2018-04-23T01:30:06.000Z","volume":500,"label":" ","price":45},{"type":"A","date":"2018-04-23T01:30:06.000Z","volume":500,"label":" ","price":45},{"type":"A","date":"2018-04-23T01:30:17.000Z","volume":500,"label":" ","price":45.05},{"type":"U","date":"2018-04-23T01:30:19.000Z","volume":500,"label":"X","price":45},{"type":"A","date":"2018-04-23T01:30:20.000Z","volume":500,"label":" ","price":45},{"type":"U","date":"2018-04-23T01:30:21.000Z","volume":500,"label":"X","price":45},{"type":"A","date":"2018-04-23T01:30:25.000Z","volume":2000,"label":" ","price":45},{"type":"A","date":"2018-04-23T01:30:25.000Z","volume":500,"label":" ","price":45.05},{"type":"A","date":"2018-04-23T01:30:25.000Z","volume":1500,"label":" ","price":45.05},{"type":"U","date":"2018-04-23T01:30:25.000Z","volume":500,"label":" ","price":44.95},{"type":"A","date":"2018-04-23T01:30:26.000Z","volume":500,"label":" ","price":45.1},{"type":"A","date":"2018-04-23T01:30:27.000Z","volume":500,"label":" ","price":45.1},{"type":"A","date":"2018-04-23T01:30:36.000Z","volume":500,"label":" ","price":45.1},{"type":"A","date":"2018-04-23T01:30:37.000Z","volume":3000,"label":" ","price":45.1},{"type":"A","date":"2018-04-23T01:30:37.000Z","volume":500,"label":" ","price":45.1},{"type":"A","date":"2018-04-23T01:30:40.000Z","volume":500,"label":" ","price":45.2},{"type":"A","date":"2018-04-23T01:30:41.000Z","volume":500,"label":" ","price":45.2},{"type":"A","date":"2018-04-23T01:30:45.000Z","volume":500,"label":" ","price":45.25},{"type":"A","date":"2018-04-23T01:30:45.000Z","volume":500,"label":" ","price":45.25},{"type":"A","date":"2018-04-23T01:30:45.000Z","volume":500,"label":" ","price":45.25},{"type":"A","date":"2018-04-23T01:30:45.000Z","volume":500,"label":" ","price":45.25},{"type":"A","date":"2018-04-23T01:30:45.000Z","volume":500,"label":" ","price":45.25},{"type":"A","date":"2018-04-23T01:30:45.000Z","volume":500,"label":" ","price":45.25},{"type":"U","date":"2018-04-23T01:30:45.000Z","volume":500,"label":" ","price":45.1},{"type":"A","date":"2018-04-23T01:30:47.000Z","volume":500,"label":" ","price":45.25},{"type":"A","date":"2018-04-23T01:30:47.000Z","volume":500,"label":" ","price":45.25},{"type":"A","date":"2018-04-23T01:30:47.000Z","volume":500,"label":" ","price":45.25},{"type":"A","date":"2018-04-23T01:30:47.000Z","volume":500,"label":" ","price":45.25},{"type":"U","date":"2018-04-23T01:30:47.000Z","volume":500,"label":"X","price":45.25},{"type":"U","date":"2018-04-23T01:31:00.000Z","volume":1000,"label":" ","price":45.2},{"type":"A","date":"2018-04-23T01:31:01.000Z","volume":3500,"label":" ","price":45.25},{"type":"A","date":"2018-04-23T01:31:19.000Z","volume":500,"label":" ","price":45.4},{"type":"U","date":"2018-04-23T01:31:21.000Z","volume":500,"label":"X","price":45.4},{"type":"U","date":"2018-04-23T01:31:30.000Z","volume":1500,"label":" ","price":45.35},{"type":"U","date":"2018-04-23T01:31:30.000Z","volume":1500,"label":" ","price":45.35},{"type":"U","date":"2018-04-23T01:31:31.000Z","volume":500,"label":"X","price":45.4},{"type":"A","date":"2018-04-23T01:31:35.000Z","volume":7000,"label":" ","price":45.4},{"type":"A","date":"2018-04-23T01:31:43.000Z","volume":1000,"label":" ","price":45.45},{"type":"U","date":"2018-04-23T01:31:45.000Z","volume":500,"label":"X","price":45.45},{"type":"B","date":"2018-04-23T01:32:18.000Z","volume":9500,"label":" ","price":45.35},{"type":"B","date":"2018-04-23T01:32:18.000Z","volume":1000,"label":" ","price":45.35},{"type":"U","date":"2018-04-23T01:32:19.000Z","volume":1000,"label":"X","price":45.45},{"type":"B","date":"2018-04-23T01:32:30.000Z","volume":3500,"label":"Y","price":45.35},{"type":"B","date":"2018-04-23T01:32:30.000Z","volume":21500,"label":" ","price":45.35},{"type":"B","date":"2018-04-23T01:32:30.000Z","volume":2000,"label":" ","price":45.3},{"type":"B","date":"2018-04-23T01:32:30.000Z","volume":500,"label":" ","price":45.25},{"type":"B","date":"2018-04-23T01:32:30.000Z","volume":500,"label":" ","price":45.35},{"type":"B","date":"2018-04-23T01:32:30.000Z","volume":2000,"label":" ","price":45.35},{"type":"B","date":"2018-04-23T01:32:30.000Z","volume":1000,"label":" ","price":45.2},{"type":"B","date":"2018-04-23T01:32:30.000Z","volume":3500,"label":" ","price":45.2},{"type":"B","date":"2018-04-23T01:32:30.000Z","volume":500,"label":" ","price":45.2},{"type":"B","date":"2018-04-23T01:32:30.000Z","volume":500,"label":"Y","price":45.2},{"type":"B","date":"2018-04-23T01:32:30.000Z","volume":500,"label":"Y","price":45.2},{"type":"B","date":"2018-04-23T01:32:36.000Z","volume":500,"label":" ","price":45.15},{"type":"B","date":"2018-04-23T01:32:36.000Z","volume":500,"label":" ","price":45.15},{"type":"U","date":"2018-04-23T01:32:36.000Z","volume":500,"label":" ","price":45.1},{"type":"U","date":"2018-04-23T01:32:36.000Z","volume":500,"label":" ","price":45.15},{"type":"B","date":"2018-04-23T01:33:38.000Z","volume":4000,"label":" ","price":45.05},{"type":"U","date":"2018-04-23T01:33:38.000Z","volume":500,"label":" ","price":45.1},{"type":"U","date":"2018-04-23T01:33:38.000Z","volume":500,"label":" ","price":45.1},{"type":"B","date":"2018-04-23T01:33:38.000Z","volume":500,"label":" ","price":45.05},{"type":"B","date":"2018-04-23T01:33:38.000Z","volume":500,"label":" ","price":45.05},{"type":"A","date":"2018-04-23T01:33:39.000Z","volume":500,"label":" ","price":45.15},{"type":"B","date":"2018-04-23T01:33:39.000Z","volume":1500,"label":" ","price":45.05},{"type":"U","date":"2018-04-23T01:33:39.000Z","volume":500,"label":" ","price":45.1},{"type":"U","date":"2018-04-23T01:33:39.000Z","volume":500,"label":"X","price":45.15},{"type":"B","date":"2018-04-23T01:33:50.000Z","volume":500,"label":" ","price":45.05},{"type":"B","date":"2018-04-23T01:33:51.000Z","volume":500,"label":" ","price":45.05},{"type":"U","date":"2018-04-23T01:34:20.000Z","volume":5000,"label":" ","price":45.05},{"type":"B","date":"2018-04-23T01:34:20.000Z","volume":500,"label":" ","price":45},{"type":"U","date":"2018-04-23T01:34:20.000Z","volume":500,"label":"X","price":45.1},{"type":"B","date":"2018-04-23T01:34:34.000Z","volume":1500,"label":"Y","price":45},{"type":"U","date":"2018-04-23T01:34:36.000Z","volume":500,"label":"X","price":45.1},{"type":"U","date":"2018-04-23T01:34:39.000Z","volume":1500,"label":"X","price":45.1},{"type":"A","date":"2018-04-23T01:34:39.000Z","volume":500,"label":" ","price":45.1},{"type":"U","date":"2018-04-23T01:34:54.000Z","volume":6000,"label":" ","price":45.05},{"type":"A","date":"2018-04-23T01:34:54.000Z","volume":8500,"label":" ","price":45.1},{"type":"A","date":"2018-04-23T01:34:54.000Z","volume":9000,"label":" ","price":45.1},{"type":"A","date":"2018-04-23T01:34:54.000Z","volume":1000,"label":" ","price":45.1},{"type":"U","date":"2018-04-23T01:34:54.000Z","volume":500,"label":" ","price":45.1},{"type":"B","date":"2018-04-23T01:34:55.000Z","volume":1500,"label":" ","price":45.05},{"type":"B","date":"2018-04-23T01:34:55.000Z","volume":500,"label":" ","price":45.05},{"type":"B","date":"2018-04-23T01:34:55.000Z","volume":1000,"label":" ","price":45.05},{"type":"A","date":"2018-04-23T01:34:55.000Z","volume":1000,"label":" ","price":45.15},{"type":"U","date":"2018-04-23T01:34:55.000Z","volume":1500,"label":"X","price":45.15},{"type":"A","date":"2018-04-23T01:35:03.000Z","volume":500,"label":" ","price":45.1},{"type":"B","date":"2018-04-23T01:35:05.000Z","volume":500,"label":" ","price":45.05},{"type":"B","date":"2018-04-23T01:35:21.000Z","volume":500,"label":"Y","price":45.05},{"type":"B","date":"2018-04-23T01:35:21.000Z","volume":500,"label":" ","price":45.05},{"type":"A","date":"2018-04-23T01:35:23.000Z","volume":500,"label":" ","price":45.1},{"type":"A","date":"2018-04-23T01:35:23.000Z","volume":1000,"label":" ","price":45.1},{"type":"A","date":"2018-04-23T01:35:25.000Z","volume":1500,"label":" ","price":45.1},{"type":"A","date":"2018-04-23T01:35:25.000Z","volume":500,"label":" ","price":45.1},{"type":"A","date":"2018-04-23T01:35:34.000Z","volume":2500,"label":" ","price":45.1},{"type":"A","date":"2018-04-23T01:35:35.000Z","volume":1500,"label":" ","price":45.1},{"type":"U","date":"2018-04-23T01:35:36.000Z","volume":500,"label":"X","price":45.1},{"type":"B","date":"2018-04-23T01:35:36.000Z","volume":500,"label":" ","price":45.05},{"type":"A","date":"2018-04-23T01:35:44.000Z","volume":1500,"label":" ","price":45.1},{"type":"B","date":"2018-04-23T01:35:44.000Z","volume":3000,"label":" ","price":45.05},{"type":"B","date":"2018-04-23T01:35:44.000Z","volume":1500,"label":" ","price":45.05},{"type":"B","date":"2018-04-23T01:35:44.000Z","volume":500,"label":" ","price":45},{"type":"B","date":"2018-04-23T01:35:44.000Z","volume":500,"label":" ","price":45},{"type":"A","date":"2018-04-23T01:35:46.000Z","volume":1500,"label":" ","price":45.05},{"type":"A","date":"2018-04-23T01:35:48.000Z","volume":500,"label":" ","price":45.05},{"type":"U","date":"2018-04-23T01:35:48.000Z","volume":500,"label":"X","price":45.05},{"type":"A","date":"2018-04-23T01:35:49.000Z","volume":500,"label":" ","price":45.05},{"type":"A","date":"2018-04-23T01:35:59.000Z","volume":3000,"label":" ","price":45.05},{"type":"B","date":"2018-04-23T01:35:59.000Z","volume":500,"label":" ","price":45.05},{"type":"B","date":"2018-04-23T01:35:59.000Z","volume":500,"label":" ","price":45.05},{"type":"A","date":"2018-04-23T01:36:01.000Z","volume":500,"label":" ","price":45.1},{"type":"B","date":"2018-04-23T01:36:05.000Z","volume":500,"label":" ","price":45.05},{"type":"U","date":"2018-04-23T01:36:10.000Z","volume":2500,"label":" ","price":45.05},{"type":"B","date":"2018-04-23T01:36:24.000Z","volume":500,"label":" ","price":45.05},{"type":"A","date":"2018-04-23T01:36:24.000Z","volume":1000,"label":"Y","price":45.1},{"type":"A","date":"2018-04-23T01:36:24.000Z","volume":16000,"label":" ","price":45.1},{"type":"A","date":"2018-04-23T01:36:24.000Z","volume":500,"label":" ","price":45.1},{"type":"U","date":"2018-04-23T01:36:25.000Z","volume":2000,"label":"X","price":45.15},{"type":"U","date":"2018-04-23T01:36:31.000Z","volume":500,"label":" ","price":45.1},{"type":"B","date":"2018-04-23T01:36:53.000Z","volume":500,"label":" ","price":45.05},{"type":"U","date":"2018-04-23T01:37:15.000Z","volume":500,"label":"X","price":45.15},{"type":"A","date":"2018-04-23T01:37:15.000Z","volume":11500,"label":" ","price":45.15},{"type":"A","date":"2018-04-23T01:37:15.000Z","volume":500,"label":" ","price":45.15},{"type":"A","date":"2018-04-23T01:37:15.000Z","volume":5000,"label":" ","price":45.2},{"type":"U","date":"2018-04-23T01:37:16.000Z","volume":1500,"label":"X","price":45.2},{"type":"A","date":"2018-04-23T01:37:27.000Z","volume":500,"label":" ","price":45.2},{"type":"A","date":"2018-04-23T01:37:28.000Z","volume":6500,"label":" ","price":45.2},{"type":"A","date":"2018-04-23T01:37:30.000Z","volume":500,"label":" ","price":45.25},{"type":"U","date":"2018-04-23T01:37:30.000Z","volume":500,"label":"X","price":45.25},{"type":"B","date":"2018-04-23T01:38:02.000Z","volume":1000,"label":" ","price":45.2},{"type":"A","date":"2018-04-23T01:38:04.000Z","volume":500,"label":" ","price":45.25},{"type":"A","date":"2018-04-23T01:38:23.000Z","volume":2000,"label":" ","price":45.25},{"type":"A","date":"2018-04-23T01:38:32.000Z","volume":7000,"label":" ","price":45.25},{"type":"B","date":"2018-04-23T01:38:32.000Z","volume":500,"label":" ","price":45.2},{"type":"U","date":"2018-04-23T01:38:33.000Z","volume":1000,"label":" ","price":45.25},{"type":"U","date":"2018-04-23T01:38:33.000Z","volume":1000,"label":"X","price":45.3},{"type":"B","date":"2018-04-23T01:38:38.000Z","volume":4500,"label":" ","price":45.25},{"type":"B","date":"2018-04-23T01:38:46.000Z","volume":1500,"label":" ","price":45.25},{"type":"B","date":"2018-04-23T01:39:06.000Z","volume":1000,"label":" ","price":45.25},{"type":"A","date":"2018-04-23T01:39:26.000Z","volume":2000,"label":" ","price":45.3},{"type":"U","date":"2018-04-23T01:39:26.000Z","volume":500,"label":"X","price":45.3},{"type":"A","date":"2018-04-23T01:39:26.000Z","volume":2000,"label":" ","price":45.3},{"type":"A","date":"2018-04-23T01:39:26.000Z","volume":500,"label":" ","price":45.3},{"type":"B","date":"2018-04-23T01:39:44.000Z","volume":500,"label":" ","price":45.25},{"type":"U","date":"2018-04-23T01:39:45.000Z","volume":1000,"label":"X","price":45.35},{"type":"A","date":"2018-04-23T01:39:45.000Z","volume":2500,"label":" ","price":45.35},{"type":"A","date":"2018-04-23T01:39:45.000Z","volume":1000,"label":" ","price":45.35},{"type":"U","date":"2018-04-23T01:39:46.000Z","volume":500,"label":"X","price":45.4},{"type":"B","date":"2018-04-23T01:39:55.000Z","volume":1500,"label":" ","price":45.3},{"type":"B","date":"2018-04-23T01:40:10.000Z","volume":4000,"label":" ","price":45.3},{"type":"B","date":"2018-04-23T01:40:10.000Z","volume":500,"label":"Y","price":45.25},{"type":"B","date":"2018-04-23T01:40:10.000Z","volume":500,"label":" ","price":45.3},{"type":"A","date":"2018-04-23T01:40:19.000Z","volume":500,"label":" ","price":45.3},{"type":"A","date":"2018-04-23T01:40:42.000Z","volume":3000,"label":" ","price":45.3},{"type":"U","date":"2018-04-23T01:40:42.000Z","volume":500,"label":"X","price":45.3},{"type":"B","date":"2018-04-23T01:40:47.000Z","volume":500,"label":" ","price":45.25},{"type":"A","date":"2018-04-23T01:40:47.000Z","volume":500,"label":" ","price":45.3},{"type":"A","date":"2018-04-23T01:40:55.000Z","volume":1500,"label":" ","price":45.3},{"type":"A","date":"2018-04-23T01:40:55.000Z","volume":500,"label":"Y","price":45.3},{"type":"A","date":"2018-04-23T01:40:55.000Z","volume":500,"label":" ","price":45.3},{"type":"B","date":"2018-04-23T01:41:04.000Z","volume":1000,"label":" ","price":45.25},{"type":"A","date":"2018-04-23T01:41:04.000Z","volume":500,"label":" ","price":45.3},{"type":"U","date":"2018-04-23T01:41:05.000Z","volume":500,"label":"X","price":45.3},{"type":"B","date":"2018-04-23T01:41:19.000Z","volume":5000,"label":" ","price":45.25},{"type":"B","date":"2018-04-23T01:41:19.000Z","volume":3500,"label":" ","price":45.25},{"type":"A","date":"2018-04-23T01:41:20.000Z","volume":3000,"label":" ","price":45.25},{"type":"A","date":"2018-04-23T01:41:20.000Z","volume":500,"label":" ","price":45.25},{"type":"U","date":"2018-04-23T01:41:21.000Z","volume":500,"label":"X","price":45.3},{"type":"B","date":"2018-04-23T01:41:44.000Z","volume":6500,"label":" ","price":45.25},{"type":"B","date":"2018-04-23T01:41:44.000Z","volume":3500,"label":" ","price":45.25},{"type":"B","date":"2018-04-23T01:41:44.000Z","volume":500,"label":" ","price":45.2},{"type":"A","date":"2018-04-23T01:41:50.000Z","volume":500,"label":"Y","price":45.25},{"type":"A","date":"2018-04-23T01:41:50.000Z","volume":9500,"label":" ","price":45.25},{"type":"B","date":"2018-04-23T01:41:50.000Z","volume":500,"label":" ","price":45.2},{"type":"A","date":"2018-04-23T01:41:51.000Z","volume":500,"label":" ","price":45.25},{"type":"A","date":"2018-04-23T01:42:01.000Z","volume":12000,"label":" ","price":45.25},{"type":"A","date":"2018-04-23T01:42:01.000Z","volume":500,"label":" ","price":45.3},{"type":"A","date":"2018-04-23T01:42:01.000Z","volume":500,"label":" ","price":45.25},{"type":"A","date":"2018-04-23T01:42:01.000Z","volume":1000,"label":" ","price":45.25},{"type":"A","date":"2018-04-23T01:42:01.000Z","volume":5000,"label":" ","price":45.3},{"type":"A","date":"2018-04-23T01:42:03.000Z","volume":2000,"label":" ","price":45.35},{"type":"U","date":"2018-04-23T01:42:04.000Z","volume":3000,"label":" ","price":45.3},{"type":"A","date":"2018-04-23T01:42:05.000Z","volume":500,"label":" ","price":45.35},{"type":"U","date":"2018-04-23T01:42:25.000Z","volume":1500,"label":"X","price":45.35},{"type":"A","date":"2018-04-23T01:42:25.000Z","volume":10000,"label":" ","price":45.35},{"type":"A","date":"2018-04-23T01:42:25.000Z","volume":10500,"label":" ","price":45.35},{"type":"A","date":"2018-04-23T01:42:25.000Z","volume":15000,"label":" ","price":45.4},{"type":"A","date":"2018-04-23T01:42:26.000Z","volume":2000,"label":"Y","price":45.45},{"type":"A","date":"2018-04-23T01:42:26.000Z","volume":1500,"label":" ","price":45.45},{"type":"B","date":"2018-04-23T01:42:34.000Z","volume":500,"label":" ","price":45.35},{"type":"U","date":"2018-04-23T01:42:44.000Z","volume":500,"label":" ","price":45.4},{"type":"U","date":"2018-04-23T01:42:44.000Z","volume":1000,"label":" ","price":45.4},{"type":"A","date":"2018-04-23T01:42:47.000Z","volume":5000,"label":" ","price":45.45},{"type":"A","date":"2018-04-23T01:42:48.000Z","volume":1000,"label":" ","price":45.45},{"type":"A","date":"2018-04-23T01:42:58.000Z","volume":5000,"label":" ","price":45.45},{"type":"B","date":"2018-04-23T01:42:58.000Z","volume":2000,"label":" ","price":45.4},{"type":"U","date":"2018-04-23T01:42:58.000Z","volume":500,"label":"X","price":45.45},{"type":"A","date":"2018-04-23T01:43:06.000Z","volume":5000,"label":" ","price":45.45},{"type":"U","date":"2018-04-23T01:43:08.000Z","volume":500,"label":"X","price":45.45},{"type":"A","date":"2018-04-23T01:43:11.000Z","volume":5000,"label":" ","price":45.45},{"type":"U","date":"2018-04-23T01:43:12.000Z","volume":500,"label":"X","price":45.45},{"type":"A","date":"2018-04-23T01:43:24.000Z","volume":500,"label":"Y","price":45.45},{"type":"A","date":"2018-04-23T01:43:24.000Z","volume":2500,"label":" ","price":45.45},{"type":"B","date":"2018-04-23T01:43:31.000Z","volume":2500,"label":" ","price":45.4},{"type":"A","date":"2018-04-23T01:43:50.000Z","volume":500,"label":" ","price":45.45},{"type":"B","date":"2018-04-23T01:44:14.000Z","volume":1000,"label":" ","price":45.4},{"type":"A","date":"2018-04-23T01:44:14.000Z","volume":500,"label":" ","price":45.45},{"type":"B","date":"2018-04-23T01:44:25.000Z","volume":500,"label":" ","price":45.4},{"type":"A","date":"2018-04-23T01:44:39.000Z","volume":500,"label":" ","price":45.45},{"type":"A","date":"2018-04-23T01:44:39.000Z","volume":3000,"label":" ","price":45.45},{"type":"A","date":"2018-04-23T01:44:42.000Z","volume":10000,"label":" ","price":45.5},{"type":"A","date":"2018-04-23T01:44:42.000Z","volume":4000,"label":" ","price":45.5},{"type":"A","date":"2018-04-23T01:44:42.000Z","volume":2000,"label":" ","price":45.5},{"type":"A","date":"2018-04-23T01:44:42.000Z","volume":500,"label":" ","price":45.5},{"type":"B","date":"2018-04-23T01:44:42.000Z","volume":5000,"label":" ","price":45.45},{"type":"U","date":"2018-04-23T01:44:44.000Z","volume":3000,"label":" ","price":45.5},{"type":"U","date":"2018-04-23T01:45:02.000Z","volume":1000,"label":" ","price":45.5},{"type":"A","date":"2018-04-23T01:45:09.000Z","volume":500,"label":" ","price":45.55},{"type":"A","date":"2018-04-23T01:45:09.000Z","volume":3000,"label":" ","price":45.55},{"type":"A","date":"2018-04-23T01:45:11.000Z","volume":500,"label":" ","price":45.55},{"type":"A","date":"2018-04-23T01:45:11.000Z","volume":14000,"label":" ","price":45.55},{"type":"A","date":"2018-04-23T01:45:11.000Z","volume":4500,"label":" ","price":45.6},{"type":"A","date":"2018-04-23T01:45:11.000Z","volume":11000,"label":" ","price":45.65},{"type":"U","date":"2018-04-23T01:45:12.000Z","volume":14000,"label":" ","price":45.65},{"type":"U","date":"2018-04-23T01:45:12.000Z","volume":1000,"label":"X","price":45.65},{"type":"U","date":"2018-04-23T01:45:12.000Z","volume":500,"label":"X","price":45.65},{"type":"A","date":"2018-04-23T01:45:13.000Z","volume":500,"label":" ","price":45.65},{"type":"B","date":"2018-04-23T01:45:36.000Z","volume":2000,"label":" ","price":45.65},{"type":"B","date":"2018-04-23T01:45:36.000Z","volume":3000,"label":" ","price":45.65},{"type":"B","date":"2018-04-23T01:45:36.000Z","volume":1000,"label":"Y","price":45.65},{"type":"B","date":"2018-04-23T01:45:36.000Z","volume":11000,"label":" ","price":45.65},{"type":"B","date":"2018-04-23T01:45:37.000Z","volume":25000,"label":" ","price":45.6},{"type":"B","date":"2018-04-23T01:45:37.000Z","volume":500,"label":" ","price":45.65},{"type":"B","date":"2018-04-23T01:45:37.000Z","volume":2000,"label":"Y","price":45.65},{"type":"U","date":"2018-04-23T01:45:37.000Z","volume":1500,"label":"X","price":45.65},{"type":"B","date":"2018-04-23T01:45:39.000Z","volume":1500,"label":" ","price":45.55},{"type":"A","date":"2018-04-23T01:45:39.000Z","volume":1000,"label":"Y","price":45.65},{"type":"B","date":"2018-04-23T01:45:50.000Z","volume":500,"label":" ","price":45.55},{"type":"B","date":"2018-04-23T01:46:34.000Z","volume":1000,"label":" ","price":45.55},{"type":"B","date":"2018-04-23T01:46:34.000Z","volume":1000,"label":" ","price":45.55},{"type":"B","date":"2018-04-23T01:46:34.000Z","volume":500,"label":" ","price":45.55},{"type":"B","date":"2018-04-23T01:46:39.000Z","volume":25500,"label":" ","price":45.55},{"type":"B","date":"2018-04-23T01:46:39.000Z","volume":2000,"label":" ","price":45.5},{"type":"B","date":"2018-04-23T01:46:39.000Z","volume":1500,"label":" ","price":45.45},{"type":"A","date":"2018-04-23T01:46:54.000Z","volume":500,"label":" ","price":45.55},{"type":"B","date":"2018-04-23T01:47:00.000Z","volume":1500,"label":" ","price":45.5},{"type":"B","date":"2018-04-23T01:47:00.000Z","volume":1000,"label":" ","price":45.5},{"type":"B","date":"2018-04-23T01:47:00.000Z","volume":500,"label":" ","price":45.5},{"type":"B","date":"2018-04-23T01:47:00.000Z","volume":1000,"label":"Y","price":45.5},{"type":"B","date":"2018-04-23T01:47:00.000Z","volume":1000,"label":"Y","price":45.5},{"type":"B","date":"2018-04-23T01:47:00.000Z","volume":500,"label":" ","price":45.45},{"type":"U","date":"2018-04-23T01:47:01.000Z","volume":500,"label":"X","price":45.55},{"type":"B","date":"2018-04-23T01:47:12.000Z","volume":500,"label":" ","price":45.45},{"type":"U","date":"2018-04-23T01:47:19.000Z","volume":500,"label":" ","price":45.5},{"type":"U","date":"2018-04-23T01:47:19.000Z","volume":4000,"label":" ","price":45.5},{"type":"U","date":"2018-04-23T01:47:19.000Z","volume":500,"label":"X","price":45.55},{"type":"A","date":"2018-04-23T01:47:21.000Z","volume":1000,"label":" ","price":45.5},{"type":"U","date":"2018-04-23T01:47:22.000Z","volume":500,"label":" ","price":45.5},{"type":"U","date":"2018-04-23T01:47:22.000Z","volume":500,"label":" ","price":45.5},{"type":"U","date":"2018-04-23T01:47:23.000Z","volume":500,"label":" ","price":45.5},{"type":"U","date":"2018-04-23T01:47:23.000Z","volume":500,"label":"X","price":45.55},{"type":"A","date":"2018-04-23T01:47:27.000Z","volume":500,"label":" ","price":45.5},{"type":"B","date":"2018-04-23T01:47:27.000Z","volume":500,"label":" ","price":45.45},{"type":"U","date":"2018-04-23T01:47:36.000Z","volume":500,"label":" ","price":45.5},{"type":"A","date":"2018-04-23T01:47:48.000Z","volume":2000,"label":" ","price":45.5},{"type":"U","date":"2018-04-23T01:47:48.000Z","volume":500,"label":" ","price":45.5},{"type":"A","date":"2018-04-23T01:47:56.000Z","volume":500,"label":" ","price":45.5},{"type":"U","date":"2018-04-23T01:48:11.000Z","volume":1500,"label":"X","price":45.5},{"type":"A","date":"2018-04-23T01:48:11.000Z","volume":12500,"label":" ","price":45.5},{"type":"A","date":"2018-04-23T01:48:11.000Z","volume":1000,"label":" ","price":45.5},{"type":"A","date":"2018-04-23T01:48:11.000Z","volume":500,"label":" ","price":45.5},{"type":"A","date":"2018-04-23T01:48:11.000Z","volume":3000,"label":" ","price":45.5},{"type":"B","date":"2018-04-23T01:48:11.000Z","volume":500,"label":" ","price":45.5},{"type":"B","date":"2018-04-23T01:48:11.000Z","volume":1500,"label":" ","price":45.5},{"type":"U","date":"2018-04-23T01:48:12.000Z","volume":2000,"label":"X","price":45.55},{"type":"B","date":"2018-04-23T01:48:20.000Z","volume":5000,"label":" ","price":45.5},{"type":"B","date":"2018-04-23T01:48:20.000Z","volume":500,"label":" ","price":45.5},{"type":"B","date":"2018-04-23T01:48:21.000Z","volume":1000,"label":" ","price":45.5},{"type":"A","date":"2018-04-23T01:48:23.000Z","volume":4500,"label":" ","price":45.55},{"type":"A","date":"2018-04-23T01:48:23.000Z","volume":2000,"label":" ","price":45.55},{"type":"B","date":"2018-04-23T01:48:23.000Z","volume":500,"label":" ","price":45.5},{"type":"U","date":"2018-04-23T01:48:24.000Z","volume":500,"label":"X","price":45.6},{"type":"B","date":"2018-04-23T01:48:37.000Z","volume":4000,"label":" ","price":45.55},{"type":"B","date":"2018-04-23T01:49:08.000Z","volume":20500,"label":" ","price":45.5},{"type":"B","date":"2018-04-23T01:49:08.000Z","volume":2000,"label":" ","price":45.5},{"type":"A","date":"2018-04-23T01:49:08.000Z","volume":2500,"label":" ","price":45.5},{"type":"B","date":"2018-04-23T01:49:08.000Z","volume":500,"label":"Y","price":45.5},{"type":"B","date":"2018-04-23T01:49:08.000Z","volume":500,"label":"Y","price":45.45},{"type":"B","date":"2018-04-23T01:49:08.000Z","volume":1000,"label":" ","price":45.45},{"type":"B","date":"2018-04-23T01:49:08.000Z","volume":500,"label":" ","price":45.45},{"type":"B","date":"2018-04-23T01:49:08.000Z","volume":3000,"label":" ","price":45.5},{"type":"B","date":"2018-04-23T01:49:08.000Z","volume":500,"label":" ","price":45.5},{"type":"B","date":"2018-04-23T01:49:08.000Z","volume":3500,"label":" ","price":45.5},{"type":"B","date":"2018-04-23T01:49:08.000Z","volume":500,"label":" ","price":45.45},{"type":"B","date":"2018-04-23T01:49:08.000Z","volume":1000,"label":" ","price":45.5},{"type":"U","date":"2018-04-23T01:49:10.000Z","volume":1000,"label":"X","price":45.5},{"type":"B","date":"2018-04-23T01:49:13.000Z","volume":1000,"label":" ","price":45.45},{"type":"B","date":"2018-04-23T01:49:13.000Z","volume":500,"label":" ","price":45.4},{"type":"B","date":"2018-04-23T01:49:17.000Z","volume":500,"label":" ","price":45.4},{"type":"B","date":"2018-04-23T01:49:32.000Z","volume":2000,"label":" ","price":45.35},{"type":"A","date":"2018-04-23T01:49:42.000Z","volume":500,"label":" ","price":45.4},{"type":"B","date":"2018-04-23T01:50:17.000Z","volume":500,"label":" ","price":45.3},{"type":"B","date":"2018-04-23T01:50:27.000Z","volume":3000,"label":" ","price":45.25},{"type":"A","date":"2018-04-23T01:50:51.000Z","volume":4000,"label":" ","price":45.4},{"type":"B","date":"2018-04-23T01:50:51.000Z","volume":500,"label":" ","price":45.2},{"type":"A","date":"2018-04-23T01:50:53.000Z","volume":500,"label":" ","price":45.4},{"type":"U","date":"2018-04-23T01:51:08.000Z","volume":4,"label":"D","price":45.4},{"type":"A","date":"2018-04-23T01:51:14.000Z","volume":9000,"label":" ","price":45.35},{"type":"A","date":"2018-04-23T01:51:14.000Z","volume":1000,"label":" ","price":45.4},{"type":"B","date":"2018-04-23T01:51:15.000Z","volume":500,"label":" ","price":45.25},{"type":"A","date":"2018-04-23T01:51:16.000Z","volume":1000,"label":" ","price":45.4},{"type":"U","date":"2018-04-23T01:51:46.000Z","volume":500,"label":"Y","price":45.35},{"type":"A","date":"2018-04-23T01:51:47.000Z","volume":500,"label":" ","price":45.35},{"type":"A","date":"2018-04-23T01:51:59.000Z","volume":500,"label":" ","price":45.35},{"type":"U","date":"2018-04-23T01:52:41.000Z","volume":1000,"label":" ","price":45.3},{"type":"B","date":"2018-04-23T01:52:43.000Z","volume":5000,"label":" ","price":45.3},{"type":"B","date":"2018-04-23T01:52:43.000Z","volume":500,"label":" ","price":45.3},{"type":"A","date":"2018-04-23T01:52:44.000Z","volume":500,"label":" ","price":45.35},{"type":"A","date":"2018-04-23T01:53:07.000Z","volume":11000,"label":" ","price":45.35},{"type":"A","date":"2018-04-23T01:53:07.000Z","volume":1500,"label":" ","price":45.35},{"type":"B","date":"2018-04-23T01:53:08.000Z","volume":500,"label":" ","price":45.35},{"type":"B","date":"2018-04-23T01:53:08.000Z","volume":1000,"label":" ","price":45.35},{"type":"B","date":"2018-04-23T01:53:08.000Z","volume":500,"label":" ","price":45.35},{"type":"A","date":"2018-04-23T01:53:09.000Z","volume":2000,"label":" ","price":45.4},{"type":"B","date":"2018-04-23T01:53:21.000Z","volume":500,"label":" ","price":45.35},{"type":"B","date":"2018-04-23T01:53:26.000Z","volume":4500,"label":" ","price":45.35},{"type":"B","date":"2018-04-23T01:53:26.000Z","volume":500,"label":" ","price":45.35},{"type":"A","date":"2018-04-23T01:53:40.000Z","volume":8000,"label":" ","price":45.35},{"type":"A","date":"2018-04-23T01:53:42.000Z","volume":7500,"label":" ","price":45.35},{"type":"A","date":"2018-04-23T01:53:42.000Z","volume":1500,"label":" ","price":45.35},{"type":"B","date":"2018-04-23T01:54:17.000Z","volume":10000,"label":" ","price":45.3},{"type":"B","date":"2018-04-23T01:54:17.000Z","volume":1500,"label":" ","price":45.3},{"type":"B","date":"2018-04-23T01:54:57.000Z","volume":500,"label":" ","price":45.25},{"type":"A","date":"2018-04-23T01:55:14.000Z","volume":4500,"label":" ","price":45.3},{"type":"A","date":"2018-04-23T01:55:15.000Z","volume":500,"label":" ","price":45.35},{"type":"B","date":"2018-04-23T01:55:15.000Z","volume":500,"label":" ","price":45.3},{"type":"U","date":"2018-04-23T01:55:41.000Z","volume":9500,"label":" ","price":45.3},{"type":"B","date":"2018-04-23T01:55:41.000Z","volume":500,"label":" ","price":45.25},{"type":"A","date":"2018-04-23T01:55:42.000Z","volume":1000,"label":" ","price":45.3},{"type":"B","date":"2018-04-23T01:55:46.000Z","volume":4000,"label":" ","price":45.25},{"type":"A","date":"2018-04-23T01:55:48.000Z","volume":500,"label":" ","price":45.3},{"type":"B","date":"2018-04-23T01:56:17.000Z","volume":1500,"label":" ","price":45.25},{"type":"A","date":"2018-04-23T01:56:35.000Z","volume":500,"label":"Y","price":45.25},{"type":"A","date":"2018-04-23T01:56:35.000Z","volume":500,"label":" ","price":45.25},{"type":"B","date":"2018-04-23T01:56:35.000Z","volume":500,"label":" ","price":45.2},{"type":"B","date":"2018-04-23T01:56:36.000Z","volume":5500,"label":" ","price":45.2},{"type":"U","date":"2018-04-23T01:56:36.000Z","volume":500,"label":" ","price":45.2},{"type":"A","date":"2018-04-23T01:56:37.000Z","volume":500,"label":" ","price":45.25},{"type":"B","date":"2018-04-23T01:56:37.000Z","volume":500,"label":" ","price":45.2},{"type":"B","date":"2018-04-23T01:56:37.000Z","volume":500,"label":" ","price":45.2},{"type":"B","date":"2018-04-23T01:56:37.000Z","volume":1500,"label":" ","price":45.2},{"type":"B","date":"2018-04-23T01:56:37.000Z","volume":2000,"label":" ","price":45.2},{"type":"B","date":"2018-04-23T01:56:37.000Z","volume":500,"label":" ","price":45.1},{"type":"A","date":"2018-04-23T01:56:39.000Z","volume":500,"label":" ","price":45.25},{"type":"B","date":"2018-04-23T01:56:49.000Z","volume":7000,"label":" ","price":45.2},{"type":"B","date":"2018-04-23T01:56:49.000Z","volume":1500,"label":" ","price":45.2},{"type":"B","date":"2018-04-23T01:56:49.000Z","volume":1000,"label":" ","price":45.2},{"type":"B","date":"2018-04-23T01:56:49.000Z","volume":4000,"label":" ","price":45.2},{"type":"B","date":"2018-04-23T01:56:49.000Z","volume":500,"label":" ","price":45.1},{"type":"B","date":"2018-04-23T01:56:49.000Z","volume":500,"label":" ","price":45.1},{"type":"A","date":"2018-04-23T01:56:51.000Z","volume":1000,"label":" ","price":45.2},{"type":"A","date":"2018-04-23T01:56:55.000Z","volume":5500,"label":" ","price":45.2},{"type":"A","date":"2018-04-23T01:56:57.000Z","volume":500,"label":" ","price":45.25},{"type":"B","date":"2018-04-23T01:57:18.000Z","volume":500,"label":" ","price":45.15},{"type":"B","date":"2018-04-23T01:57:35.000Z","volume":9500,"label":" ","price":45.15},{"type":"B","date":"2018-04-23T01:57:35.000Z","volume":500,"label":"Y","price":45.15},{"type":"B","date":"2018-04-23T01:57:35.000Z","volume":500,"label":" ","price":45.15},{"type":"B","date":"2018-04-23T01:57:35.000Z","volume":500,"label":" ","price":45.15},{"type":"B","date":"2018-04-23T01:57:35.000Z","volume":500,"label":" ","price":45.15},{"type":"B","date":"2018-04-23T01:57:35.000Z","volume":500,"label":" ","price":45.1},{"type":"B","date":"2018-04-23T01:57:35.000Z","volume":500,"label":" ","price":45.1},{"type":"A","date":"2018-04-23T01:57:37.000Z","volume":1000,"label":" ","price":45.15},{"type":"B","date":"2018-04-23T01:57:39.000Z","volume":5500,"label":" ","price":45.1},{"type":"B","date":"2018-04-23T01:57:40.000Z","volume":500,"label":" ","price":45.1},{"type":"B","date":"2018-04-23T01:57:40.000Z","volume":500,"label":" ","price":45.05},{"type":"A","date":"2018-04-23T01:57:52.000Z","volume":2500,"label":" ","price":45.1},{"type":"A","date":"2018-04-23T01:58:06.000Z","volume":500,"label":" ","price":45.15},{"type":"A","date":"2018-04-23T01:58:07.000Z","volume":500,"label":" ","price":45.15},{"type":"A","date":"2018-04-23T01:59:08.000Z","volume":4000,"label":" ","price":45.1},{"type":"A","date":"2018-04-23T01:59:08.000Z","volume":500,"label":" ","price":45.1},{"type":"A","date":"2018-04-23T01:59:08.000Z","volume":10000,"label":" ","price":45.15},{"type":"A","date":"2018-04-23T01:59:09.000Z","volume":1500,"label":" ","price":45.2},{"type":"A","date":"2018-04-23T01:59:32.000Z","volume":4000,"label":" ","price":45.2},{"type":"B","date":"2018-04-23T02:00:04.000Z","volume":7500,"label":" ","price":45.1},{"type":"B","date":"2018-04-23T02:00:04.000Z","volume":500,"label":" ","price":45.05},{"type":"B","date":"2018-04-23T02:00:04.000Z","volume":500,"label":" ","price":45.05},{"type":"B","date":"2018-04-23T02:00:23.000Z","volume":500,"label":" ","price":45.05},{"type":"B","date":"2018-04-23T02:00:23.000Z","volume":3000,"label":" ","price":45.05},{"type":"A","date":"2018-04-23T02:00:24.000Z","volume":500,"label":" ","price":45.05},{"type":"B","date":"2018-04-23T02:01:21.000Z","volume":16000,"label":" ","price":45},{"type":"B","date":"2018-04-23T02:01:21.000Z","volume":3500,"label":" ","price":45},{"type":"B","date":"2018-04-23T02:01:21.000Z","volume":500,"label":" ","price":44.9},{"type":"B","date":"2018-04-23T02:01:21.000Z","volume":500,"label":" ","price":44.9},{"type":"B","date":"2018-04-23T02:02:14.000Z","volume":500,"label":" ","price":44.9},{"type":"A","date":"2018-04-23T02:02:16.000Z","volume":3000,"label":" ","price":44.95},{"type":"B","date":"2018-04-23T02:02:17.000Z","volume":500,"label":" ","price":44.9},{"type":"A","date":"2018-04-23T02:02:26.000Z","volume":12000,"label":" ","price":44.95},{"type":"B","date":"2018-04-23T02:02:26.000Z","volume":500,"label":" ","price":44.9},{"type":"A","date":"2018-04-23T02:02:28.000Z","volume":5500,"label":" ","price":45},{"type":"A","date":"2018-04-23T02:02:28.000Z","volume":500,"label":" ","price":45},{"type":"B","date":"2018-04-23T02:02:29.000Z","volume":1000,"label":" ","price":45},{"type":"B","date":"2018-04-23T02:02:29.000Z","volume":500,"label":" ","price":45},{"type":"A","date":"2018-04-23T02:02:29.000Z","volume":500,"label":" ","price":45},{"type":"A","date":"2018-04-23T02:02:30.000Z","volume":500,"label":" ","price":45},{"type":"B","date":"2018-04-23T02:03:37.000Z","volume":500,"label":" ","price":45},{"type":"A","date":"2018-04-23T02:03:38.000Z","volume":500,"label":" ","price":45.05},{"type":"A","date":"2018-04-23T02:04:05.000Z","volume":2500,"label":" ","price":45.05},{"type":"A","date":"2018-04-23T02:04:05.000Z","volume":500,"label":" ","price":45.05},{"type":"B","date":"2018-04-23T02:04:32.000Z","volume":500,"label":" ","price":45},{"type":"A","date":"2018-04-23T02:04:33.000Z","volume":4000,"label":" ","price":45.05},{"type":"A","date":"2018-04-23T02:04:34.000Z","volume":500,"label":" ","price":45.05},{"type":"A","date":"2018-04-23T02:04:53.000Z","volume":6000,"label":" ","price":45.05},{"type":"A","date":"2018-04-23T02:04:54.000Z","volume":4000,"label":" ","price":45.1},{"type":"A","date":"2018-04-23T02:04:54.000Z","volume":1000,"label":" ","price":45.1},{"type":"A","date":"2018-04-23T02:05:51.000Z","volume":10500,"label":" ","price":45.05},{"type":"A","date":"2018-04-23T02:05:53.000Z","volume":1000,"label":" ","price":45.1},{"type":"B","date":"2018-04-23T02:05:59.000Z","volume":3000,"label":" ","price":45.05},{"type":"B","date":"2018-04-23T02:05:59.000Z","volume":500,"label":" ","price":45.05},{"type":"B","date":"2018-04-23T02:05:59.000Z","volume":6500,"label":" ","price":45.05},{"type":"A","date":"2018-04-23T02:07:06.000Z","volume":2000,"label":" ","price":45.05},{"type":"A","date":"2018-04-23T02:07:07.000Z","volume":500,"label":" ","price":45.05},{"type":"B","date":"2018-04-23T02:07:17.000Z","volume":20500,"label":" ","price":45},{"type":"B","date":"2018-04-23T02:07:17.000Z","volume":7000,"label":" ","price":44.95},{"type":"B","date":"2018-04-23T02:07:17.000Z","volume":500,"label":" ","price":44.9},{"type":"B","date":"2018-04-23T02:07:17.000Z","volume":500,"label":" ","price":44.9},{"type":"A","date":"2018-04-23T02:07:25.000Z","volume":2000,"label":" ","price":45},{"type":"A","date":"2018-04-23T02:07:46.000Z","volume":2000,"label":" ","price":44.95},{"type":"B","date":"2018-04-23T02:07:47.000Z","volume":500,"label":" ","price":44.9},{"type":"B","date":"2018-04-23T02:08:48.000Z","volume":3000,"label":" ","price":44.9},{"type":"B","date":"2018-04-23T02:09:04.000Z","volume":3000,"label":" ","price":44.9},{"type":"B","date":"2018-04-23T02:09:04.000Z","volume":500,"label":" ","price":44.9},{"type":"B","date":"2018-04-23T02:09:04.000Z","volume":10500,"label":" ","price":44.9},{"type":"B","date":"2018-04-23T02:09:04.000Z","volume":500,"label":" ","price":44.9},{"type":"B","date":"2018-04-23T02:09:04.000Z","volume":500,"label":" ","price":44.9},{"type":"B","date":"2018-04-23T02:09:04.000Z","volume":500,"label":" ","price":44.9},{"type":"B","date":"2018-04-23T02:09:04.000Z","volume":5500,"label":" ","price":44.9},{"type":"B","date":"2018-04-23T02:09:04.000Z","volume":2500,"label":" ","price":44.9},{"type":"A","date":"2018-04-23T02:09:05.000Z","volume":500,"label":" ","price":44.9},{"type":"B","date":"2018-04-23T02:09:05.000Z","volume":500,"label":" ","price":44.85},{"type":"B","date":"2018-04-23T02:09:05.000Z","volume":500,"label":" ","price":44.85},{"type":"B","date":"2018-04-23T02:09:28.000Z","volume":1000,"label":" ","price":44.85},{"type":"A","date":"2018-04-23T02:09:29.000Z","volume":500,"label":" ","price":44.9},{"type":"B","date":"2018-04-23T02:09:49.000Z","volume":500,"label":" ","price":44.85},{"type":"A","date":"2018-04-23T02:10:20.000Z","volume":3500,"label":" ","price":44.9},{"type":"A","date":"2018-04-23T02:10:23.000Z","volume":6000,"label":" ","price":44.9},{"type":"U","date":"2018-04-23T02:10:23.000Z","volume":500,"label":" ","price":44.85},{"type":"A","date":"2018-04-23T02:10:24.000Z","volume":1000,"label":" ","price":44.95},{"type":"A","date":"2018-04-23T02:12:10.000Z","volume":9000,"label":" ","price":44.9},{"type":"A","date":"2018-04-23T02:12:10.000Z","volume":7500,"label":" ","price":44.95},{"type":"A","date":"2018-04-23T02:12:10.000Z","volume":1500,"label":" ","price":45},{"type":"U","date":"2018-04-23T02:13:01.000Z","volume":1000,"label":" ","price":44.95},{"type":"A","date":"2018-04-23T02:13:14.000Z","volume":4000,"label":" ","price":44.95},{"type":"A","date":"2018-04-23T02:13:14.000Z","volume":8000,"label":" ","price":45},{"type":"A","date":"2018-04-23T02:13:14.000Z","volume":4000,"label":" ","price":45},{"type":"A","date":"2018-04-23T02:13:14.000Z","volume":2000,"label":" ","price":45.05},{"type":"U","date":"2018-04-23T02:13:39.000Z","volume":1000,"label":" ","price":45},{"type":"B","date":"2018-04-23T02:13:47.000Z","volume":500,"label":" ","price":44.95},{"type":"A","date":"2018-04-23T02:16:04.000Z","volume":5000,"label":" ","price":45},{"type":"A","date":"2018-04-23T02:16:05.000Z","volume":3000,"label":" ","price":45.05},{"type":"A","date":"2018-04-23T02:16:06.000Z","volume":1000,"label":" ","price":45.05},{"type":"A","date":"2018-04-23T02:16:35.000Z","volume":500,"label":"Y","price":45.05},{"type":"A","date":"2018-04-23T02:16:35.000Z","volume":1500,"label":" ","price":45.05},{"type":"A","date":"2018-04-23T02:16:39.000Z","volume":4000,"label":" ","price":45.05},{"type":"A","date":"2018-04-23T02:16:41.000Z","volume":500,"label":" ","price":45.05},{"type":"B","date":"2018-04-23T02:16:54.000Z","volume":15000,"label":" ","price":45},{"type":"B","date":"2018-04-23T02:16:54.000Z","volume":3000,"label":" ","price":45},{"type":"B","date":"2018-04-23T02:16:54.000Z","volume":500,"label":" ","price":45},{"type":"B","date":"2018-04-23T02:16:54.000Z","volume":1500,"label":" ","price":45},{"type":"B","date":"2018-04-23T02:16:55.000Z","volume":3500,"label":" ","price":44.95},{"type":"B","date":"2018-04-23T02:16:55.000Z","volume":500,"label":" ","price":44.95},{"type":"A","date":"2018-04-23T02:17:04.000Z","volume":6500,"label":" ","price":44.95},{"type":"A","date":"2018-04-23T02:17:04.000Z","volume":3500,"label":" ","price":45},{"type":"A","date":"2018-04-23T02:17:04.000Z","volume":5000,"label":" ","price":45},{"type":"A","date":"2018-04-23T02:17:05.000Z","volume":1500,"label":" ","price":45},{"type":"B","date":"2018-04-23T02:17:13.000Z","volume":500,"label":" ","price":45},{"type":"A","date":"2018-04-23T02:17:53.000Z","volume":2000,"label":" ","price":45.05},{"type":"A","date":"2018-04-23T02:18:13.000Z","volume":2500,"label":" ","price":45.05},{"type":"A","date":"2018-04-23T02:18:14.000Z","volume":500,"label":" ","price":45.1},{"type":"A","date":"2018-04-23T02:18:37.000Z","volume":2500,"label":" ","price":45.1},{"type":"A","date":"2018-04-23T02:19:04.000Z","volume":500,"label":"Y","price":45.1},{"type":"A","date":"2018-04-23T02:19:04.000Z","volume":12500,"label":" ","price":45.1},{"type":"A","date":"2018-04-23T02:19:04.000Z","volume":1500,"label":" ","price":45.15},{"type":"A","date":"2018-04-23T02:20:11.000Z","volume":5000,"label":" ","price":45.1},{"type":"A","date":"2018-04-23T02:20:11.000Z","volume":500,"label":" ","price":45.1},{"type":"B","date":"2018-04-23T02:20:42.000Z","volume":4500,"label":" ","price":45.1},{"type":"B","date":"2018-04-23T02:20:47.000Z","volume":500,"label":" ","price":45.1},{"type":"B","date":"2018-04-23T02:20:47.000Z","volume":3000,"label":" ","price":45.1},{"type":"A","date":"2018-04-23T02:21:35.000Z","volume":1500,"label":" ","price":45.1},{"type":"A","date":"2018-04-23T02:21:35.000Z","volume":3000,"label":" ","price":45.1},{"type":"A","date":"2018-04-23T02:21:35.000Z","volume":1000,"label":" ","price":45.1},{"type":"B","date":"2018-04-23T02:22:06.000Z","volume":2500,"label":" ","price":45.1},{"type":"B","date":"2018-04-23T02:22:06.000Z","volume":500,"label":" ","price":45.1},{"type":"B","date":"2018-04-23T02:22:06.000Z","volume":3500,"label":" ","price":45.1},{"type":"B","date":"2018-04-23T02:22:20.000Z","volume":2500,"label":" ","price":45.05},{"type":"B","date":"2018-04-23T02:22:31.000Z","volume":1000,"label":" ","price":45},{"type":"A","date":"2018-04-23T02:24:19.000Z","volume":7500,"label":" ","price":44.95},{"type":"A","date":"2018-04-23T02:24:19.000Z","volume":2500,"label":" ","price":45},{"type":"B","date":"2018-04-23T02:25:35.000Z","volume":4000,"label":" ","price":44.95},{"type":"A","date":"2018-04-23T02:25:56.000Z","volume":6500,"label":" ","price":44.95},{"type":"A","date":"2018-04-23T02:25:56.000Z","volume":3500,"label":" ","price":45},{"type":"B","date":"2018-04-23T02:26:03.000Z","volume":5000,"label":" ","price":45},{"type":"A","date":"2018-04-23T02:26:52.000Z","volume":2000,"label":" ","price":45},{"type":"A","date":"2018-04-23T02:27:14.000Z","volume":4500,"label":" ","price":45},{"type":"A","date":"2018-04-23T02:27:14.000Z","volume":1000,"label":" ","price":45},{"type":"B","date":"2018-04-23T02:27:16.000Z","volume":1000,"label":" ","price":45},{"type":"B","date":"2018-04-23T02:27:28.000Z","volume":500,"label":" ","price":45},{"type":"B","date":"2018-04-23T02:27:41.000Z","volume":4500,"label":" ","price":45},{"type":"B","date":"2018-04-23T02:27:43.000Z","volume":1500,"label":" ","price":44.95},{"type":"B","date":"2018-04-23T02:28:18.000Z","volume":2500,"label":" ","price":44.95},{"type":"B","date":"2018-04-23T02:28:18.000Z","volume":500,"label":" ","price":44.95},{"type":"A","date":"2018-04-23T02:28:51.000Z","volume":1500,"label":" ","price":44.95},{"type":"A","date":"2018-04-23T02:29:45.000Z","volume":3000,"label":" ","price":44.95},{"type":"B","date":"2018-04-23T02:29:59.000Z","volume":11500,"label":" ","price":44.9},{"type":"B","date":"2018-04-23T02:29:59.000Z","volume":5000,"label":" ","price":44.9},{"type":"B","date":"2018-04-23T02:29:59.000Z","volume":2000,"label":" ","price":44.9},{"type":"U","date":"2018-04-23T02:30:00.000Z","volume":3500,"label":" ","price":44.85},{"type":"B","date":"2018-04-23T02:31:35.000Z","volume":500,"label":" ","price":44.85},{"type":"A","date":"2018-04-23T02:32:29.000Z","volume":5000,"label":" ","price":44.9},{"type":"B","date":"2018-04-23T02:33:17.000Z","volume":1000,"label":" ","price":44.85},{"type":"B","date":"2018-04-23T02:33:21.000Z","volume":500,"label":" ","price":44.85},{"type":"B","date":"2018-04-23T02:33:21.000Z","volume":3000,"label":" ","price":44.85},{"type":"B","date":"2018-04-23T02:34:13.000Z","volume":2000,"label":" ","price":44.85},{"type":"B","date":"2018-04-23T02:34:37.000Z","volume":2500,"label":" ","price":44.85},{"type":"B","date":"2018-04-23T02:34:37.000Z","volume":500,"label":" ","price":44.8},{"type":"B","date":"2018-04-23T02:35:11.000Z","volume":500,"label":" ","price":44.8},{"type":"A","date":"2018-04-23T02:35:16.000Z","volume":7500,"label":" ","price":44.85},{"type":"B","date":"2018-04-23T02:35:16.000Z","volume":500,"label":" ","price":44.85},{"type":"A","date":"2018-04-23T02:35:58.000Z","volume":4000,"label":" ","price":44.9},{"type":"B","date":"2018-04-23T02:36:00.000Z","volume":1000,"label":" ","price":44.9},{"type":"B","date":"2018-04-23T02:36:00.000Z","volume":3500,"label":" ","price":44.9},{"type":"B","date":"2018-04-23T02:36:00.000Z","volume":500,"label":" ","price":44.85},{"type":"B","date":"2018-04-23T02:36:00.000Z","volume":6000,"label":" ","price":44.85},{"type":"B","date":"2018-04-23T02:36:00.000Z","volume":1500,"label":" ","price":44.85},{"type":"U","date":"2018-04-23T02:36:03.000Z","volume":4000,"label":" ","price":44.85},{"type":"B","date":"2018-04-23T02:36:04.000Z","volume":500,"label":" ","price":44.8},{"type":"U","date":"2018-04-23T02:36:04.000Z","volume":1000,"label":" ","price":44.85},{"type":"A","date":"2018-04-23T02:36:46.000Z","volume":500,"label":"Y","price":44.9},{"type":"A","date":"2018-04-23T02:36:46.000Z","volume":5000,"label":" ","price":44.9},{"type":"B","date":"2018-04-23T02:36:46.000Z","volume":500,"label":" ","price":44.85},{"type":"A","date":"2018-04-23T02:36:56.000Z","volume":22500,"label":" ","price":44.95},{"type":"B","date":"2018-04-23T02:36:56.000Z","volume":1000,"label":" ","price":44.9},{"type":"B","date":"2018-04-23T02:37:04.000Z","volume":1000,"label":" ","price":44.9},{"type":"A","date":"2018-04-23T02:37:47.000Z","volume":5000,"label":" ","price":44.9},{"type":"A","date":"2018-04-23T02:39:05.000Z","volume":4000,"label":" ","price":44.9},{"type":"A","date":"2018-04-23T02:39:05.000Z","volume":4000,"label":" ","price":44.9},{"type":"A","date":"2018-04-23T02:39:05.000Z","volume":1000,"label":" ","price":44.9},{"type":"A","date":"2018-04-23T02:39:05.000Z","volume":4500,"label":" ","price":44.9},{"type":"A","date":"2018-04-23T02:39:15.000Z","volume":8500,"label":" ","price":44.9},{"type":"B","date":"2018-04-23T02:39:15.000Z","volume":500,"label":"Y","price":44.85},{"type":"A","date":"2018-04-23T02:39:29.000Z","volume":4000,"label":" ","price":44.9},{"type":"A","date":"2018-04-23T02:39:29.000Z","volume":1000,"label":" ","price":44.9},{"type":"A","date":"2018-04-23T02:39:29.000Z","volume":3500,"label":" ","price":44.9},{"type":"B","date":"2018-04-23T02:39:29.000Z","volume":500,"label":"Y","price":44.85},{"type":"B","date":"2018-04-23T02:39:29.000Z","volume":1500,"label":" ","price":44.85},{"type":"A","date":"2018-04-23T02:39:34.000Z","volume":1000,"label":" ","price":44.9},{"type":"B","date":"2018-04-23T02:39:34.000Z","volume":500,"label":" ","price":44.85},{"type":"A","date":"2018-04-23T02:40:18.000Z","volume":2000,"label":" ","price":44.9},{"type":"A","date":"2018-04-23T02:40:30.000Z","volume":10500,"label":" ","price":44.9},{"type":"B","date":"2018-04-23T02:40:30.000Z","volume":500,"label":" ","price":44.9},{"type":"B","date":"2018-04-23T02:40:32.000Z","volume":1500,"label":" ","price":44.9},{"type":"B","date":"2018-04-23T02:40:33.000Z","volume":1000,"label":" ","price":44.9},{"type":"B","date":"2018-04-23T02:40:33.000Z","volume":1500,"label":" ","price":44.9},{"type":"A","date":"2018-04-23T02:40:39.000Z","volume":3500,"label":" ","price":44.95},{"type":"B","date":"2018-04-23T02:40:39.000Z","volume":500,"label":" ","price":44.9},{"type":"B","date":"2018-04-23T02:41:26.000Z","volume":10500,"label":" ","price":44.9},{"type":"B","date":"2018-04-23T02:41:26.000Z","volume":2000,"label":" ","price":44.9},{"type":"B","date":"2018-04-23T02:41:26.000Z","volume":500,"label":" ","price":44.85},{"type":"B","date":"2018-04-23T02:41:29.000Z","volume":7000,"label":" ","price":44.85},{"type":"B","date":"2018-04-23T02:41:29.000Z","volume":500,"label":" ","price":44.8},{"type":"B","date":"2018-04-23T02:42:42.000Z","volume":1000,"label":" ","price":44.85},{"type":"A","date":"2018-04-23T02:43:04.000Z","volume":500,"label":" ","price":44.9},{"type":"A","date":"2018-04-23T02:43:17.000Z","volume":1500,"label":" ","price":44.9},{"type":"A","date":"2018-04-23T02:43:22.000Z","volume":2000,"label":" ","price":44.9},{"type":"B","date":"2018-04-23T02:43:22.000Z","volume":500,"label":" ","price":44.85},{"type":"A","date":"2018-04-23T02:43:45.000Z","volume":2000,"label":" ","price":44.9},{"type":"B","date":"2018-04-23T02:43:47.000Z","volume":500,"label":" ","price":44.85},{"type":"A","date":"2018-04-23T02:44:51.000Z","volume":500,"label":"Y","price":44.9},{"type":"A","date":"2018-04-23T02:44:51.000Z","volume":9500,"label":" ","price":44.9},{"type":"B","date":"2018-04-23T02:44:51.000Z","volume":500,"label":" ","price":44.85},{"type":"B","date":"2018-04-23T02:45:37.000Z","volume":1000,"label":" ","price":44.85},{"type":"A","date":"2018-04-23T02:46:00.000Z","volume":4500,"label":" ","price":44.9},{"type":"B","date":"2018-04-23T02:46:32.000Z","volume":5500,"label":" ","price":44.85},{"type":"B","date":"2018-04-23T02:46:32.000Z","volume":1500,"label":" ","price":44.85},{"type":"B","date":"2018-04-23T02:46:35.000Z","volume":2500,"label":" ","price":44.85},{"type":"B","date":"2018-04-23T02:46:46.000Z","volume":59500,"label":" ","price":44.8},{"type":"B","date":"2018-04-23T02:46:46.000Z","volume":15500,"label":" ","price":44.8},{"type":"B","date":"2018-04-23T02:46:46.000Z","volume":500,"label":" ","price":44.75},{"type":"B","date":"2018-04-23T02:46:46.000Z","volume":1500,"label":" ","price":44.7},{"type":"B","date":"2018-04-23T02:48:09.000Z","volume":500,"label":" ","price":44.7},{"type":"A","date":"2018-04-23T02:48:35.000Z","volume":1500,"label":" ","price":44.8},{"type":"A","date":"2018-04-23T02:48:53.000Z","volume":500,"label":" ","price":44.8},{"type":"B","date":"2018-04-23T02:49:26.000Z","volume":500,"label":" ","price":44.75},{"type":"A","date":"2018-04-23T02:49:56.000Z","volume":18500,"label":" ","price":44.8},{"type":"A","date":"2018-04-23T02:49:56.000Z","volume":19500,"label":" ","price":44.8},{"type":"A","date":"2018-04-23T02:49:56.000Z","volume":11000,"label":" ","price":44.85},{"type":"A","date":"2018-04-23T02:49:56.000Z","volume":11500,"label":" ","price":44.9},{"type":"U","date":"2018-04-23T02:50:02.000Z","volume":1500,"label":" ","price":44.9},{"type":"A","date":"2018-04-23T02:50:18.000Z","volume":3500,"label":" ","price":44.9},{"type":"A","date":"2018-04-23T02:50:52.000Z","volume":10000,"label":" ","price":44.95},{"type":"A","date":"2018-04-23T02:50:52.000Z","volume":8500,"label":" ","price":45},{"type":"A","date":"2018-04-23T02:50:52.000Z","volume":500,"label":" ","price":45.05},{"type":"B","date":"2018-04-23T02:50:54.000Z","volume":5500,"label":" ","price":45},{"type":"A","date":"2018-04-23T02:50:57.000Z","volume":3500,"label":" ","price":45},{"type":"A","date":"2018-04-23T02:50:57.000Z","volume":500,"label":" ","price":45},{"type":"A","date":"2018-04-23T02:51:24.000Z","volume":1500,"label":" ","price":45},{"type":"A","date":"2018-04-23T02:51:25.000Z","volume":10000,"label":" ","price":45},{"type":"B","date":"2018-04-23T02:51:30.000Z","volume":6500,"label":" ","price":45},{"type":"B","date":"2018-04-23T02:51:40.000Z","volume":4000,"label":" ","price":45},{"type":"B","date":"2018-04-23T02:51:40.000Z","volume":1000,"label":" ","price":45},{"type":"A","date":"2018-04-23T02:51:54.000Z","volume":13000,"label":" ","price":45.05},{"type":"A","date":"2018-04-23T02:52:37.000Z","volume":2000,"label":" ","price":45.05},{"type":"A","date":"2018-04-23T02:52:40.000Z","volume":500,"label":" ","price":45.1},{"type":"U","date":"2018-04-23T02:53:37.000Z","volume":1000,"label":" ","price":45.05},{"type":"A","date":"2018-04-23T02:53:57.000Z","volume":1000,"label":" ","price":45.1},{"type":"U","date":"2018-04-23T02:54:00.000Z","volume":500,"label":" ","price":45.05},{"type":"A","date":"2018-04-23T02:54:11.000Z","volume":2000,"label":" ","price":45.1},{"type":"A","date":"2018-04-23T02:54:37.000Z","volume":500,"label":" ","price":45.1},{"type":"A","date":"2018-04-23T02:55:09.000Z","volume":500,"label":" ","price":45.1},{"type":"B","date":"2018-04-23T02:55:24.000Z","volume":3000,"label":" ","price":45.05},{"type":"B","date":"2018-04-23T02:55:31.000Z","volume":500,"label":" ","price":45.05},{"type":"A","date":"2018-04-23T02:55:59.000Z","volume":20500,"label":" ","price":45.1},{"type":"A","date":"2018-04-23T02:55:59.000Z","volume":7500,"label":" ","price":45.1},{"type":"A","date":"2018-04-23T02:55:59.000Z","volume":4000,"label":" ","price":45.1},{"type":"A","date":"2018-04-23T02:56:00.000Z","volume":6500,"label":" ","price":45.15},{"type":"A","date":"2018-04-23T02:56:00.000Z","volume":6500,"label":" ","price":45.2},{"type":"A","date":"2018-04-23T02:56:00.000Z","volume":4000,"label":" ","price":45.25},{"type":"A","date":"2018-04-23T02:56:00.000Z","volume":1500,"label":" ","price":45.2},{"type":"B","date":"2018-04-23T02:56:00.000Z","volume":11500,"label":" ","price":45.2},{"type":"B","date":"2018-04-23T02:56:00.000Z","volume":3500,"label":" ","price":45.15},{"type":"B","date":"2018-04-23T02:56:01.000Z","volume":1500,"label":" ","price":45.1},{"type":"A","date":"2018-04-23T02:56:02.000Z","volume":4000,"label":" ","price":45.1},{"type":"A","date":"2018-04-23T02:56:02.000Z","volume":1500,"label":" ","price":45.1},{"type":"A","date":"2018-04-23T02:56:02.000Z","volume":4000,"label":" ","price":45.1},{"type":"A","date":"2018-04-23T02:56:02.000Z","volume":1000,"label":" ","price":45.1},{"type":"A","date":"2018-04-23T02:56:02.000Z","volume":7000,"label":" ","price":45.1},{"type":"B","date":"2018-04-23T02:56:03.000Z","volume":500,"label":" ","price":45.1},{"type":"U","date":"2018-04-23T02:56:05.000Z","volume":500,"label":"X","price":45.25},{"type":"U","date":"2018-04-23T02:56:05.000Z","volume":500,"label":"X","price":45.25},{"type":"A","date":"2018-04-23T02:56:49.000Z","volume":3000,"label":" ","price":45.2},{"type":"A","date":"2018-04-23T02:56:52.000Z","volume":3000,"label":" ","price":45.2},{"type":"U","date":"2018-04-23T02:56:55.000Z","volume":500,"label":" ","price":45.2},{"type":"A","date":"2018-04-23T02:57:22.000Z","volume":1000,"label":" ","price":45.2},{"type":"B","date":"2018-04-23T02:57:51.000Z","volume":7000,"label":" ","price":45.15},{"type":"B","date":"2018-04-23T02:57:53.000Z","volume":8000,"label":" ","price":45.1},{"type":"A","date":"2018-04-23T02:58:11.000Z","volume":2000,"label":" ","price":45.1},{"type":"A","date":"2018-04-23T02:58:19.000Z","volume":43000,"label":" ","price":45.15},{"type":"A","date":"2018-04-23T02:58:19.000Z","volume":3000,"label":" ","price":45.2},{"type":"B","date":"2018-04-23T02:59:05.000Z","volume":14500,"label":" ","price":45.15},{"type":"A","date":"2018-04-23T02:59:11.000Z","volume":500,"label":" ","price":45.15},{"type":"A","date":"2018-04-23T02:59:16.000Z","volume":1500,"label":" ","price":45.15},{"type":"A","date":"2018-04-23T02:59:47.000Z","volume":3000,"label":" ","price":45.2},{"type":"A","date":"2018-04-23T03:00:16.000Z","volume":6500,"label":" ","price":45.2},{"type":"B","date":"2018-04-23T03:00:28.000Z","volume":5500,"label":" ","price":45.2},{"type":"B","date":"2018-04-23T03:00:33.000Z","volume":2000,"label":" ","price":45.15},{"type":"A","date":"2018-04-23T03:01:43.000Z","volume":1000,"label":" ","price":45.15},{"type":"A","date":"2018-04-23T03:01:43.000Z","volume":500,"label":" ","price":45.15},{"type":"A","date":"2018-04-23T03:02:33.000Z","volume":500,"label":" ","price":45.15},{"type":"A","date":"2018-04-23T03:02:36.000Z","volume":3500,"label":" ","price":45.15},{"type":"A","date":"2018-04-23T03:02:36.000Z","volume":1000,"label":" ","price":45.15},{"type":"A","date":"2018-04-23T03:03:22.000Z","volume":3000,"label":" ","price":45.2},{"type":"A","date":"2018-04-23T03:03:22.000Z","volume":500,"label":" ","price":45.2},{"type":"A","date":"2018-04-23T03:03:22.000Z","volume":11000,"label":" ","price":45.2},{"type":"A","date":"2018-04-23T03:03:23.000Z","volume":6000,"label":" ","price":45.25},{"type":"B","date":"2018-04-23T03:03:32.000Z","volume":1500,"label":" ","price":45.25},{"type":"B","date":"2018-04-23T03:03:33.000Z","volume":500,"label":" ","price":45.25},{"type":"A","date":"2018-04-23T03:03:53.000Z","volume":4000,"label":" ","price":45.25},{"type":"A","date":"2018-04-23T03:04:02.000Z","volume":500,"label":" ","price":45.3},{"type":"U","date":"2018-04-23T03:04:44.000Z","volume":205,"label":"D","price":45.3},{"type":"A","date":"2018-04-23T03:04:50.000Z","volume":2500,"label":" ","price":45.25},{"type":"B","date":"2018-04-23T03:05:20.000Z","volume":5000,"label":" ","price":45.2},{"type":"B","date":"2018-04-23T03:05:20.000Z","volume":2000,"label":" ","price":45.15},{"type":"A","date":"2018-04-23T03:05:26.000Z","volume":5000,"label":" ","price":45.2},{"type":"U","date":"2018-04-23T03:05:30.000Z","volume":1000,"label":"X","price":45.2},{"type":"A","date":"2018-04-23T03:05:57.000Z","volume":1500,"label":" ","price":45.2},{"type":"B","date":"2018-04-23T03:06:21.000Z","volume":1000,"label":" ","price":45.2},{"type":"B","date":"2018-04-23T03:06:49.000Z","volume":2500,"label":" ","price":45.2},{"type":"A","date":"2018-04-23T03:07:30.000Z","volume":4500,"label":" ","price":45.2},{"type":"A","date":"2018-04-23T03:07:30.000Z","volume":2000,"label":" ","price":45.2},{"type":"A","date":"2018-04-23T03:07:56.000Z","volume":2000,"label":" ","price":45.2},{"type":"A","date":"2018-04-23T03:08:20.000Z","volume":5500,"label":" ","price":45.25},{"type":"B","date":"2018-04-23T03:09:41.000Z","volume":4000,"label":" ","price":45.2},{"type":"B","date":"2018-04-23T03:09:41.000Z","volume":2000,"label":" ","price":45.2},{"type":"B","date":"2018-04-23T03:09:41.000Z","volume":2000,"label":" ","price":45.2},{"type":"A","date":"2018-04-23T03:09:50.000Z","volume":3000,"label":" ","price":45.2},{"type":"A","date":"2018-04-23T03:10:42.000Z","volume":4500,"label":" ","price":45.25},{"type":"A","date":"2018-04-23T03:10:42.000Z","volume":3500,"label":" ","price":45.25},{"type":"B","date":"2018-04-23T03:11:44.000Z","volume":3000,"label":" ","price":45.2},{"type":"B","date":"2018-04-23T03:11:44.000Z","volume":500,"label":" ","price":45.2},{"type":"B","date":"2018-04-23T03:11:44.000Z","volume":3000,"label":" ","price":45.2},{"type":"B","date":"2018-04-23T03:12:15.000Z","volume":1500,"label":" ","price":45.15},{"type":"A","date":"2018-04-23T03:12:29.000Z","volume":5000,"label":" ","price":45.2},{"type":"A","date":"2018-04-23T03:12:31.000Z","volume":6000,"label":" ","price":45.2},{"type":"A","date":"2018-04-23T03:13:13.000Z","volume":4500,"label":" ","price":45.25},{"type":"A","date":"2018-04-23T03:14:28.000Z","volume":7000,"label":" ","price":45.25},{"type":"A","date":"2018-04-23T03:14:28.000Z","volume":1500,"label":" ","price":45.3},{"type":"A","date":"2018-04-23T03:14:28.000Z","volume":13500,"label":" ","price":45.3},{"type":"B","date":"2018-04-23T03:14:33.000Z","volume":4500,"label":" ","price":45.3},{"type":"A","date":"2018-04-23T03:16:10.000Z","volume":3000,"label":" ","price":45.3},{"type":"B","date":"2018-04-23T03:16:56.000Z","volume":500,"label":"Y","price":45.25},{"type":"B","date":"2018-04-23T03:16:56.000Z","volume":13500,"label":" ","price":45.25},{"type":"B","date":"2018-04-23T03:16:56.000Z","volume":11500,"label":" ","price":45.25},{"type":"B","date":"2018-04-23T03:16:56.000Z","volume":1500,"label":" ","price":45.2},{"type":"A","date":"2018-04-23T03:18:05.000Z","volume":500,"label":" ","price":45.25},{"type":"B","date":"2018-04-23T03:18:38.000Z","volume":3500,"label":" ","price":45.2},{"type":"A","date":"2018-04-23T03:19:05.000Z","volume":3000,"label":" ","price":45.2},{"type":"B","date":"2018-04-23T03:19:32.000Z","volume":500,"label":" ","price":45.15},{"type":"B","date":"2018-04-23T03:19:48.000Z","volume":3000,"label":" ","price":45.15},{"type":"B","date":"2018-04-23T03:19:48.000Z","volume":500,"label":" ","price":45.15},{"type":"B","date":"2018-04-23T03:19:48.000Z","volume":2000,"label":" ","price":45.15},{"type":"B","date":"2018-04-23T03:19:48.000Z","volume":1500,"label":" ","price":45.15},{"type":"A","date":"2018-04-23T03:21:53.000Z","volume":3500,"label":" ","price":45.2},{"type":"B","date":"2018-04-23T03:24:09.000Z","volume":1500,"label":"Y","price":45.1},{"type":"B","date":"2018-04-23T03:24:09.000Z","volume":14500,"label":" ","price":45.1},{"type":"B","date":"2018-04-23T03:24:09.000Z","volume":5500,"label":" ","price":45.1},{"type":"B","date":"2018-04-23T03:24:09.000Z","volume":7500,"label":" ","price":45.05},{"type":"A","date":"2018-04-23T03:24:09.000Z","volume":1500,"label":" ","price":45.1},{"type":"A","date":"2018-04-23T03:24:35.000Z","volume":4000,"label":" ","price":45.1},{"type":"B","date":"2018-04-23T03:25:02.000Z","volume":500,"label":" ","price":45.05},{"type":"B","date":"2018-04-23T03:25:08.000Z","volume":1500,"label":" ","price":45.05},{"type":"A","date":"2018-04-23T03:25:08.000Z","volume":500,"label":" ","price":45.05},{"type":"A","date":"2018-04-23T03:25:50.000Z","volume":10000,"label":" ","price":45.05},{"type":"A","date":"2018-04-23T03:25:50.000Z","volume":4500,"label":" ","price":45.05},{"type":"A","date":"2018-04-23T03:25:50.000Z","volume":1500,"label":" ","price":45.05},{"type":"A","date":"2018-04-23T03:26:57.000Z","volume":7500,"label":" ","price":45.1},{"type":"A","date":"2018-04-23T03:27:49.000Z","volume":5000,"label":" ","price":45.15},{"type":"B","date":"2018-04-23T03:29:01.000Z","volume":6500,"label":" ","price":45.1},{"type":"B","date":"2018-04-23T03:30:05.000Z","volume":1000,"label":" ","price":45.05},{"type":"B","date":"2018-04-23T03:30:05.000Z","volume":500,"label":" ","price":45.05},{"type":"A","date":"2018-04-23T03:30:33.000Z","volume":4500,"label":" ","price":45.1},{"type":"B","date":"2018-04-23T03:30:35.000Z","volume":500,"label":"Y","price":45.05},{"type":"B","date":"2018-04-23T03:30:35.000Z","volume":1500,"label":" ","price":45.05},{"type":"B","date":"2018-04-23T03:31:58.000Z","volume":500,"label":" ","price":45.05},{"type":"A","date":"2018-04-23T03:33:02.000Z","volume":3500,"label":" ","price":45.1},{"type":"B","date":"2018-04-23T03:34:30.000Z","volume":500,"label":" ","price":45.05},{"type":"B","date":"2018-04-23T03:34:30.000Z","volume":500,"label":" ","price":45.05},{"type":"A","date":"2018-04-23T03:34:34.000Z","volume":13500,"label":"Y","price":45.1},{"type":"A","date":"2018-04-23T03:34:34.000Z","volume":6500,"label":" ","price":45.1},{"type":"A","date":"2018-04-23T03:34:34.000Z","volume":5000,"label":" ","price":45.1},{"type":"A","date":"2018-04-23T03:34:34.000Z","volume":1500,"label":" ","price":45.1},{"type":"A","date":"2018-04-23T03:34:34.000Z","volume":1500,"label":" ","price":45.1},{"type":"B","date":"2018-04-23T03:35:28.000Z","volume":500,"label":" ","price":45.05},{"type":"B","date":"2018-04-23T03:35:28.000Z","volume":500,"label":" ","price":45.05},{"type":"A","date":"2018-04-23T03:35:44.000Z","volume":5000,"label":" ","price":45.15},{"type":"A","date":"2018-04-23T03:36:46.000Z","volume":1000,"label":" ","price":45.15},{"type":"A","date":"2018-04-23T03:37:13.000Z","volume":500,"label":" ","price":45.15},{"type":"B","date":"2018-04-23T03:37:25.000Z","volume":500,"label":" ","price":45.05},{"type":"B","date":"2018-04-23T03:37:25.000Z","volume":500,"label":" ","price":45.05},{"type":"A","date":"2018-04-23T03:38:15.000Z","volume":2000,"label":" ","price":45.1},{"type":"A","date":"2018-04-23T03:38:18.000Z","volume":3000,"label":" ","price":45.15},{"type":"B","date":"2018-04-23T03:38:23.000Z","volume":500,"label":" ","price":45.05},{"type":"B","date":"2018-04-23T03:38:23.000Z","volume":500,"label":" ","price":45.05},{"type":"B","date":"2018-04-23T03:40:20.000Z","volume":500,"label":" ","price":45.05},{"type":"B","date":"2018-04-23T03:40:20.000Z","volume":500,"label":" ","price":45.05},{"type":"A","date":"2018-04-23T03:40:26.000Z","volume":500,"label":" ","price":45.15},{"type":"A","date":"2018-04-23T03:41:05.000Z","volume":5000,"label":" ","price":45.15},{"type":"B","date":"2018-04-23T03:41:57.000Z","volume":500,"label":" ","price":45.1},{"type":"B","date":"2018-04-23T03:42:17.000Z","volume":500,"label":" ","price":45.1},{"type":"B","date":"2018-04-23T03:42:17.000Z","volume":500,"label":" ","price":45.1},{"type":"B","date":"2018-04-23T03:43:16.000Z","volume":500,"label":" ","price":45.1},{"type":"B","date":"2018-04-23T03:43:16.000Z","volume":500,"label":" ","price":45.1},{"type":"A","date":"2018-04-23T03:44:05.000Z","volume":4000,"label":" ","price":45.15},{"type":"A","date":"2018-04-23T03:44:05.000Z","volume":3500,"label":" ","price":45.15},{"type":"B","date":"2018-04-23T03:44:07.000Z","volume":3000,"label":" ","price":45.15},{"type":"A","date":"2018-04-23T03:44:16.000Z","volume":500,"label":" ","price":45.2},{"type":"B","date":"2018-04-23T03:45:13.000Z","volume":500,"label":" ","price":45.15},{"type":"B","date":"2018-04-23T03:45:13.000Z","volume":500,"label":" ","price":45.15},{"type":"B","date":"2018-04-23T03:45:13.000Z","volume":500,"label":" ","price":45.15},{"type":"A","date":"2018-04-23T03:45:44.000Z","volume":500,"label":" ","price":45.2},{"type":"B","date":"2018-04-23T03:45:44.000Z","volume":500,"label":" ","price":45.15},{"type":"A","date":"2018-04-23T03:46:42.000Z","volume":3000,"label":" ","price":45.2},{"type":"B","date":"2018-04-23T03:46:42.000Z","volume":500,"label":" ","price":45.15},{"type":"U","date":"2018-04-23T03:47:07.000Z","volume":1000,"label":" ","price":45.2},{"type":"B","date":"2018-04-23T03:47:09.000Z","volume":500,"label":" ","price":45.2},{"type":"B","date":"2018-04-23T03:47:09.000Z","volume":500,"label":" ","price":45.2},{"type":"A","date":"2018-04-23T03:47:40.000Z","volume":500,"label":"Y","price":45.25},{"type":"B","date":"2018-04-23T03:48:07.000Z","volume":500,"label":" ","price":45.2},{"type":"A","date":"2018-04-23T03:48:07.000Z","volume":500,"label":" ","price":45.25},{"type":"B","date":"2018-04-23T03:48:08.000Z","volume":500,"label":" ","price":45.2},{"type":"B","date":"2018-04-23T03:49:01.000Z","volume":5000,"label":" ","price":45.2},{"type":"B","date":"2018-04-23T03:49:01.000Z","volume":2500,"label":" ","price":45.2},{"type":"B","date":"2018-04-23T03:49:03.000Z","volume":5000,"label":" ","price":45.15},{"type":"A","date":"2018-04-23T03:49:37.000Z","volume":2500,"label":" ","price":45.15},{"type":"B","date":"2018-04-23T03:50:05.000Z","volume":500,"label":" ","price":45.1},{"type":"B","date":"2018-04-23T03:50:05.000Z","volume":500,"label":" ","price":45.1},{"type":"B","date":"2018-04-23T03:50:52.000Z","volume":500,"label":" ","price":45.1},{"type":"B","date":"2018-04-23T03:52:01.000Z","volume":500,"label":" ","price":45.1},{"type":"B","date":"2018-04-23T03:52:01.000Z","volume":500,"label":" ","price":45.1},{"type":"B","date":"2018-04-23T03:52:59.000Z","volume":500,"label":" ","price":45.1},{"type":"B","date":"2018-04-23T03:53:00.000Z","volume":500,"label":" ","price":45.1},{"type":"A","date":"2018-04-23T03:53:59.000Z","volume":500,"label":" ","price":45.15},{"type":"B","date":"2018-04-23T03:54:57.000Z","volume":500,"label":" ","price":45.1},{"type":"B","date":"2018-04-23T03:54:57.000Z","volume":500,"label":" ","price":45.1},{"type":"A","date":"2018-04-23T03:55:18.000Z","volume":1000,"label":" ","price":45.15},{"type":"B","date":"2018-04-23T03:55:36.000Z","volume":1000,"label":" ","price":45.1},{"type":"B","date":"2018-04-23T03:56:16.000Z","volume":500,"label":" ","price":45.1},{"type":"A","date":"2018-04-23T03:56:20.000Z","volume":5500,"label":" ","price":45.15},{"type":"B","date":"2018-04-23T03:56:54.000Z","volume":500,"label":" ","price":45.15},{"type":"B","date":"2018-04-23T03:56:54.000Z","volume":500,"label":" ","price":45.15},{"type":"B","date":"2018-04-23T03:57:52.000Z","volume":500,"label":" ","price":45.15},{"type":"B","date":"2018-04-23T03:57:52.000Z","volume":500,"label":" ","price":45.15},{"type":"A","date":"2018-04-23T03:58:00.000Z","volume":500,"label":" ","price":45.2},{"type":"B","date":"2018-04-23T03:59:32.000Z","volume":500,"label":" ","price":45.15},{"type":"B","date":"2018-04-23T03:59:49.000Z","volume":500,"label":" ","price":45.15},{"type":"B","date":"2018-04-23T03:59:49.000Z","volume":500,"label":" ","price":45.15},{"type":"A","date":"2018-04-23T05:00:00.000Z","volume":3000,"label":" ","price":45.2},{"type":"A","date":"2018-04-23T05:00:00.000Z","volume":6000,"label":" ","price":45.2},{"type":"U","date":"2018-04-23T05:00:30.000Z","volume":500,"label":" ","price":45.2},{"type":"B","date":"2018-04-23T05:01:38.000Z","volume":8500,"label":" ","price":45.2},{"type":"B","date":"2018-04-23T05:01:38.000Z","volume":4000,"label":" ","price":45.2},{"type":"B","date":"2018-04-23T05:01:39.000Z","volume":500,"label":" ","price":45.2},{"type":"B","date":"2018-04-23T05:01:43.000Z","volume":500,"label":"Y","price":45.2},{"type":"B","date":"2018-04-23T05:01:46.000Z","volume":500,"label":" ","price":45.2},{"type":"B","date":"2018-04-23T05:01:46.000Z","volume":500,"label":" ","price":45.2},{"type":"B","date":"2018-04-23T05:01:47.000Z","volume":1500,"label":" ","price":45.2},{"type":"U","date":"2018-04-23T05:01:58.000Z","volume":2500,"label":"X","price":45.25},{"type":"A","date":"2018-04-23T05:01:58.000Z","volume":21500,"label":" ","price":45.25},{"type":"A","date":"2018-04-23T05:01:58.000Z","volume":2500,"label":" ","price":45.25},{"type":"A","date":"2018-04-23T05:01:58.000Z","volume":3000,"label":" ","price":45.3},{"type":"A","date":"2018-04-23T05:02:14.000Z","volume":9000,"label":" ","price":45.3},{"type":"B","date":"2018-04-23T05:02:44.000Z","volume":500,"label":" ","price":45.25},{"type":"B","date":"2018-04-23T05:02:44.000Z","volume":500,"label":" ","price":45.25},{"type":"B","date":"2018-04-23T05:02:44.000Z","volume":7000,"label":" ","price":45.25},{"type":"A","date":"2018-04-23T05:04:35.000Z","volume":1000,"label":" ","price":45.3},{"type":"B","date":"2018-04-23T05:04:42.000Z","volume":500,"label":" ","price":45.25},{"type":"B","date":"2018-04-23T05:04:42.000Z","volume":500,"label":" ","price":45.25},{"type":"B","date":"2018-04-23T05:05:07.000Z","volume":500,"label":" ","price":45.25},{"type":"B","date":"2018-04-23T05:06:06.000Z","volume":2500,"label":" ","price":45.25},{"type":"U","date":"2018-04-23T05:06:06.000Z","volume":500,"label":" ","price":45.25},{"type":"U","date":"2018-04-23T05:06:06.000Z","volume":1500,"label":" ","price":45.25},{"type":"B","date":"2018-04-23T05:06:39.000Z","volume":500,"label":" ","price":45.2},{"type":"B","date":"2018-04-23T05:06:39.000Z","volume":500,"label":" ","price":45.2},{"type":"U","date":"2018-04-23T05:07:17.000Z","volume":1000,"label":"X","price":45.25},{"type":"B","date":"2018-04-23T05:07:37.000Z","volume":500,"label":" ","price":45.2},{"type":"B","date":"2018-04-23T05:07:37.000Z","volume":500,"label":" ","price":45.2},{"type":"B","date":"2018-04-23T05:09:09.000Z","volume":27000,"label":" ","price":45.2},{"type":"B","date":"2018-04-23T05:09:10.000Z","volume":500,"label":" ","price":45.2},{"type":"B","date":"2018-04-23T05:09:22.000Z","volume":500,"label":"Y","price":45.15},{"type":"B","date":"2018-04-23T05:09:22.000Z","volume":12500,"label":" ","price":45.15},{"type":"A","date":"2018-04-23T05:09:22.000Z","volume":500,"label":" ","price":45.15},{"type":"A","date":"2018-04-23T05:09:22.000Z","volume":2000,"label":" ","price":45.15},{"type":"A","date":"2018-04-23T05:09:22.000Z","volume":3000,"label":" ","price":45.15},{"type":"B","date":"2018-04-23T05:09:34.000Z","volume":500,"label":" ","price":45.1},{"type":"B","date":"2018-04-23T05:09:35.000Z","volume":500,"label":" ","price":45.1},{"type":"A","date":"2018-04-23T05:10:08.000Z","volume":8500,"label":" ","price":45.15},{"type":"B","date":"2018-04-23T05:11:32.000Z","volume":500,"label":" ","price":45.15},{"type":"B","date":"2018-04-23T05:11:32.000Z","volume":500,"label":" ","price":45.15},{"type":"B","date":"2018-04-23T05:12:30.000Z","volume":500,"label":" ","price":45.15},{"type":"B","date":"2018-04-23T05:12:30.000Z","volume":500,"label":" ","price":45.15},{"type":"U","date":"2018-04-23T05:12:48.000Z","volume":500,"label":"X","price":45.2},{"type":"A","date":"2018-04-23T05:12:48.000Z","volume":3000,"label":" ","price":45.2},{"type":"A","date":"2018-04-23T05:13:26.000Z","volume":1000,"label":" ","price":45.2},{"type":"B","date":"2018-04-23T05:14:26.000Z","volume":500,"label":" ","price":45.15},{"type":"B","date":"2018-04-23T05:14:26.000Z","volume":500,"label":" ","price":45.15},{"type":"A","date":"2018-04-23T05:14:55.000Z","volume":500,"label":" ","price":45.2},{"type":"A","date":"2018-04-23T05:15:03.000Z","volume":500,"label":" ","price":45.2},{"type":"A","date":"2018-04-23T05:15:16.000Z","volume":5000,"label":" ","price":45.2},{"type":"A","date":"2018-04-23T05:15:32.000Z","volume":500,"label":" ","price":45.2},{"type":"A","date":"2018-04-23T05:15:43.000Z","volume":500,"label":" ","price":45.2},{"type":"A","date":"2018-04-23T05:15:43.000Z","volume":500,"label":" ","price":45.2},{"type":"A","date":"2018-04-23T05:15:43.000Z","volume":500,"label":" ","price":45.2},{"type":"A","date":"2018-04-23T05:15:43.000Z","volume":500,"label":" ","price":45.2},{"type":"A","date":"2018-04-23T05:15:44.000Z","volume":1000,"label":" ","price":45.2},{"type":"A","date":"2018-04-23T05:16:21.000Z","volume":1000,"label":" ","price":45.2},{"type":"A","date":"2018-04-23T05:16:23.000Z","volume":6000,"label":" ","price":45.2},{"type":"A","date":"2018-04-23T05:16:23.000Z","volume":3500,"label":" ","price":45.2},{"type":"A","date":"2018-04-23T05:16:23.000Z","volume":21500,"label":" ","price":45.2},{"type":"B","date":"2018-04-23T05:16:23.000Z","volume":500,"label":" ","price":45.2},{"type":"B","date":"2018-04-23T05:16:23.000Z","volume":500,"label":" ","price":45.2},{"type":"B","date":"2018-04-23T05:16:25.000Z","volume":8000,"label":" ","price":45.2},{"type":"A","date":"2018-04-23T05:16:32.000Z","volume":500,"label":" ","price":45.25},{"type":"B","date":"2018-04-23T05:16:52.000Z","volume":1500,"label":" ","price":45.2},{"type":"B","date":"2018-04-23T05:17:03.000Z","volume":10000,"label":" ","price":45.2},{"type":"A","date":"2018-04-23T05:17:03.000Z","volume":7500,"label":" ","price":45.2},{"type":"A","date":"2018-04-23T05:17:03.000Z","volume":5000,"label":" ","price":45.2},{"type":"A","date":"2018-04-23T05:17:03.000Z","volume":3500,"label":" ","price":45.2},{"type":"A","date":"2018-04-23T05:17:03.000Z","volume":500,"label":"Y","price":45.2},{"type":"A","date":"2018-04-23T05:17:03.000Z","volume":500,"label":" ","price":45.2},{"type":"A","date":"2018-04-23T05:17:03.000Z","volume":500,"label":" ","price":45.2},{"type":"U","date":"2018-04-23T05:17:03.000Z","volume":1000,"label":" ","price":45.2},{"type":"A","date":"2018-04-23T05:17:03.000Z","volume":500,"label":" ","price":45.2},{"type":"B","date":"2018-04-23T05:17:06.000Z","volume":1500,"label":" ","price":45.2},{"type":"B","date":"2018-04-23T05:17:06.000Z","volume":1000,"label":" ","price":45.2},{"type":"U","date":"2018-04-23T05:17:06.000Z","volume":500,"label":" ","price":45.2},{"type":"B","date":"2018-04-23T05:17:22.000Z","volume":500,"label":" ","price":45.15},{"type":"A","date":"2018-04-23T05:17:22.000Z","volume":500,"label":" ","price":45.2},{"type":"B","date":"2018-04-23T05:17:22.000Z","volume":500,"label":" ","price":45.15},{"type":"U","date":"2018-04-23T05:17:51.000Z","volume":1000,"label":"X","price":45.2},{"type":"B","date":"2018-04-23T05:19:18.000Z","volume":500,"label":" ","price":45.15},{"type":"A","date":"2018-04-23T05:19:18.000Z","volume":500,"label":" ","price":45.2},{"type":"B","date":"2018-04-23T05:19:18.000Z","volume":500,"label":" ","price":45.15},{"type":"A","date":"2018-04-23T05:19:18.000Z","volume":500,"label":" ","price":45.2},{"type":"A","date":"2018-04-23T05:19:42.000Z","volume":500,"label":" ","price":45.2},{"type":"A","date":"2018-04-23T05:19:47.000Z","volume":500,"label":" ","price":45.2},{"type":"A","date":"2018-04-23T05:19:47.000Z","volume":500,"label":" ","price":45.2},{"type":"A","date":"2018-04-23T05:20:40.000Z","volume":6000,"label":" ","price":45.2},{"type":"A","date":"2018-04-23T05:20:40.000Z","volume":2500,"label":" ","price":45.2},{"type":"U","date":"2018-04-23T05:20:51.000Z","volume":1500,"label":" ","price":45.2},{"type":"B","date":"2018-04-23T05:21:15.000Z","volume":500,"label":" ","price":45.15},{"type":"A","date":"2018-04-23T05:21:15.000Z","volume":500,"label":" ","price":45.2},{"type":"B","date":"2018-04-23T05:21:15.000Z","volume":500,"label":" ","price":45.15},{"type":"B","date":"2018-04-23T05:22:14.000Z","volume":500,"label":" ","price":45.15},{"type":"A","date":"2018-04-23T05:22:14.000Z","volume":500,"label":" ","price":45.2},{"type":"B","date":"2018-04-23T05:22:14.000Z","volume":500,"label":" ","price":45.15},{"type":"A","date":"2018-04-23T05:22:15.000Z","volume":500,"label":"Y","price":45.2},{"type":"A","date":"2018-04-23T05:22:24.000Z","volume":1000,"label":" ","price":45.2},{"type":"A","date":"2018-04-23T05:22:24.000Z","volume":500,"label":" ","price":45.2},{"type":"A","date":"2018-04-23T05:23:12.000Z","volume":5000,"label":" ","price":45.2},{"type":"A","date":"2018-04-23T05:23:12.000Z","volume":500,"label":"Y","price":45.2},{"type":"A","date":"2018-04-23T05:23:12.000Z","volume":2000,"label":" ","price":45.2},{"type":"A","date":"2018-04-23T05:23:12.000Z","volume":500,"label":" ","price":45.2},{"type":"A","date":"2018-04-23T05:23:12.000Z","volume":500,"label":" ","price":45.2},{"type":"B","date":"2018-04-23T05:23:22.000Z","volume":14500,"label":" ","price":45.15},{"type":"B","date":"2018-04-23T05:23:22.000Z","volume":10000,"label":" ","price":45.1},{"type":"B","date":"2018-04-23T05:23:22.000Z","volume":2000,"label":" ","price":45.1},{"type":"B","date":"2018-04-23T05:23:22.000Z","volume":4000,"label":" ","price":45.15},{"type":"A","date":"2018-04-23T05:23:22.000Z","volume":500,"label":" ","price":45.2},{"type":"A","date":"2018-04-23T05:23:22.000Z","volume":1500,"label":" ","price":45.2},{"type":"B","date":"2018-04-23T05:23:22.000Z","volume":1000,"label":" ","price":45.05},{"type":"B","date":"2018-04-23T05:23:22.000Z","volume":500,"label":" ","price":45.15},{"type":"A","date":"2018-04-23T05:23:22.000Z","volume":500,"label":" ","price":45.2},{"type":"B","date":"2018-04-23T05:24:06.000Z","volume":5500,"label":" ","price":45.1},{"type":"A","date":"2018-04-23T05:24:06.000Z","volume":500,"label":" ","price":45.15},{"type":"B","date":"2018-04-23T05:24:11.000Z","volume":500,"label":" ","price":45.1},{"type":"B","date":"2018-04-23T05:24:11.000Z","volume":500,"label":" ","price":45.1},{"type":"A","date":"2018-04-23T05:24:12.000Z","volume":500,"label":" ","price":45.15},{"type":"B","date":"2018-04-23T05:24:12.000Z","volume":1000,"label":" ","price":45.1},{"type":"A","date":"2018-04-23T05:24:57.000Z","volume":500,"label":" ","price":45.15},{"type":"B","date":"2018-04-23T05:26:08.000Z","volume":500,"label":" ","price":45.05},{"type":"B","date":"2018-04-23T05:26:08.000Z","volume":500,"label":" ","price":45.05},{"type":"A","date":"2018-04-23T05:26:08.000Z","volume":500,"label":" ","price":45.15},{"type":"A","date":"2018-04-23T05:26:10.000Z","volume":3000,"label":" ","price":45.15},{"type":"A","date":"2018-04-23T05:26:57.000Z","volume":500,"label":" ","price":45.15},{"type":"B","date":"2018-04-23T05:27:06.000Z","volume":500,"label":" ","price":45.05},{"type":"B","date":"2018-04-23T05:27:06.000Z","volume":500,"label":" ","price":45.05},{"type":"U","date":"2018-04-23T05:28:50.000Z","volume":1500,"label":"X","price":45.15},{"type":"A","date":"2018-04-23T05:28:50.000Z","volume":4000,"label":" ","price":45.15},{"type":"B","date":"2018-04-23T05:29:03.000Z","volume":500,"label":" ","price":45.05},{"type":"B","date":"2018-04-23T05:29:03.000Z","volume":500,"label":" ","price":45.05},{"type":"B","date":"2018-04-23T05:30:01.000Z","volume":12000,"label":" ","price":45.05},{"type":"B","date":"2018-04-23T05:30:01.000Z","volume":500,"label":" ","price":45.05},{"type":"B","date":"2018-04-23T05:30:02.000Z","volume":38000,"label":" ","price":45},{"type":"B","date":"2018-04-23T05:30:02.000Z","volume":2000,"label":" ","price":45},{"type":"B","date":"2018-04-23T05:30:02.000Z","volume":2500,"label":" ","price":45},{"type":"U","date":"2018-04-23T05:30:06.000Z","volume":1500,"label":"X","price":45.05},{"type":"U","date":"2018-04-23T05:30:06.000Z","volume":500,"label":"X","price":45.05},{"type":"B","date":"2018-04-23T05:31:01.000Z","volume":500,"label":" ","price":45},{"type":"B","date":"2018-04-23T05:31:01.000Z","volume":500,"label":" ","price":45},{"type":"A","date":"2018-04-23T05:31:26.000Z","volume":2500,"label":" ","price":45.05},{"type":"A","date":"2018-04-23T05:32:31.000Z","volume":9000,"label":" ","price":45.05},{"type":"A","date":"2018-04-23T05:32:34.000Z","volume":19000,"label":" ","price":45.1},{"type":"A","date":"2018-04-23T05:32:34.000Z","volume":8500,"label":" ","price":45.15},{"type":"B","date":"2018-04-23T05:32:46.000Z","volume":6500,"label":" ","price":45.1},{"type":"B","date":"2018-04-23T05:32:46.000Z","volume":1500,"label":" ","price":45.1},{"type":"B","date":"2018-04-23T05:32:48.000Z","volume":500,"label":" ","price":45.05},{"type":"B","date":"2018-04-23T05:33:11.000Z","volume":500,"label":" ","price":45},{"type":"A","date":"2018-04-23T05:34:00.000Z","volume":1500,"label":" ","price":45.1},{"type":"B","date":"2018-04-23T05:34:07.000Z","volume":500,"label":" ","price":45.05},{"type":"B","date":"2018-04-23T05:35:55.000Z","volume":500,"label":" ","price":45.05},{"type":"B","date":"2018-04-23T05:35:55.000Z","volume":500,"label":" ","price":45.05},{"type":"A","date":"2018-04-23T05:36:23.000Z","volume":15000,"label":" ","price":45.1},{"type":"A","date":"2018-04-23T05:36:23.000Z","volume":6000,"label":" ","price":45.15},{"type":"A","date":"2018-04-23T05:36:48.000Z","volume":6500,"label":" ","price":45.15},{"type":"B","date":"2018-04-23T05:36:53.000Z","volume":500,"label":" ","price":45.1},{"type":"B","date":"2018-04-23T05:36:53.000Z","volume":500,"label":" ","price":45.1},{"type":"B","date":"2018-04-23T05:38:50.000Z","volume":500,"label":" ","price":45.1},{"type":"B","date":"2018-04-23T05:38:50.000Z","volume":500,"label":" ","price":45.1},{"type":"B","date":"2018-04-23T05:39:08.000Z","volume":500,"label":" ","price":45.1},{"type":"A","date":"2018-04-23T05:39:22.000Z","volume":4000,"label":" ","price":45.15},{"type":"A","date":"2018-04-23T05:39:22.000Z","volume":500,"label":"Y","price":45.15},{"type":"A","date":"2018-04-23T05:39:22.000Z","volume":1500,"label":" ","price":45.15},{"type":"A","date":"2018-04-23T05:39:22.000Z","volume":1000,"label":" ","price":45.15},{"type":"B","date":"2018-04-23T05:39:27.000Z","volume":1000,"label":" ","price":45.1},{"type":"A","date":"2018-04-23T05:39:32.000Z","volume":500,"label":" ","price":45.15},{"type":"A","date":"2018-04-23T05:40:26.000Z","volume":1000,"label":" ","price":45.15},{"type":"A","date":"2018-04-23T05:40:26.000Z","volume":4000,"label":" ","price":45.15},{"type":"A","date":"2018-04-23T05:40:26.000Z","volume":2500,"label":" ","price":45.2},{"type":"B","date":"2018-04-23T05:40:26.000Z","volume":1000,"label":" ","price":45.15},{"type":"A","date":"2018-04-23T05:40:26.000Z","volume":1000,"label":" ","price":45.2},{"type":"B","date":"2018-04-23T05:40:47.000Z","volume":500,"label":" ","price":45.15},{"type":"B","date":"2018-04-23T05:40:47.000Z","volume":500,"label":" ","price":45.15},{"type":"B","date":"2018-04-23T05:40:47.000Z","volume":5500,"label":" ","price":45.15},{"type":"A","date":"2018-04-23T05:40:47.000Z","volume":1500,"label":" ","price":45.2},{"type":"B","date":"2018-04-23T05:41:46.000Z","volume":500,"label":" ","price":45.15},{"type":"A","date":"2018-04-23T05:41:46.000Z","volume":500,"label":" ","price":45.2},{"type":"B","date":"2018-04-23T05:41:46.000Z","volume":500,"label":" ","price":45.15},{"type":"A","date":"2018-04-23T05:41:48.000Z","volume":1000,"label":" ","price":45.2},{"type":"A","date":"2018-04-23T05:41:48.000Z","volume":1000,"label":" ","price":45.2},{"type":"A","date":"2018-04-23T05:42:18.000Z","volume":5500,"label":" ","price":45.2},{"type":"A","date":"2018-04-23T05:42:18.000Z","volume":3000,"label":" ","price":45.2},{"type":"A","date":"2018-04-23T05:42:18.000Z","volume":500,"label":" ","price":45.2},{"type":"A","date":"2018-04-23T05:43:37.000Z","volume":500,"label":" ","price":45.2},{"type":"B","date":"2018-04-23T05:43:43.000Z","volume":500,"label":" ","price":45.15},{"type":"B","date":"2018-04-23T05:43:43.000Z","volume":500,"label":" ","price":45.15},{"type":"A","date":"2018-04-23T05:43:43.000Z","volume":500,"label":" ","price":45.2},{"type":"A","date":"2018-04-23T05:43:43.000Z","volume":500,"label":" ","price":45.2},{"type":"A","date":"2018-04-23T05:43:45.000Z","volume":1000,"label":" ","price":45.2},{"type":"A","date":"2018-04-23T05:43:45.000Z","volume":500,"label":" ","price":45.2},{"type":"A","date":"2018-04-23T05:44:46.000Z","volume":1000,"label":" ","price":45.2},{"type":"A","date":"2018-04-23T05:44:46.000Z","volume":500,"label":" ","price":45.2},{"type":"A","date":"2018-04-23T05:44:49.000Z","volume":6000,"label":" ","price":45.2},{"type":"A","date":"2018-04-23T05:44:49.000Z","volume":500,"label":"Y","price":45.2},{"type":"A","date":"2018-04-23T05:44:49.000Z","volume":3000,"label":" ","price":45.2},{"type":"A","date":"2018-04-23T05:44:49.000Z","volume":500,"label":" ","price":45.2},{"type":"B","date":"2018-04-23T05:45:39.000Z","volume":500,"label":" ","price":45.15},{"type":"B","date":"2018-04-23T05:45:39.000Z","volume":500,"label":" ","price":45.15},{"type":"A","date":"2018-04-23T05:45:39.000Z","volume":500,"label":"Y","price":45.2},{"type":"B","date":"2018-04-23T05:46:38.000Z","volume":500,"label":" ","price":45.15},{"type":"A","date":"2018-04-23T05:46:38.000Z","volume":500,"label":"Y","price":45.2},{"type":"B","date":"2018-04-23T05:46:38.000Z","volume":500,"label":" ","price":45.15},{"type":"A","date":"2018-04-23T05:46:40.000Z","volume":8000,"label":" ","price":45.2},{"type":"A","date":"2018-04-23T05:46:40.000Z","volume":9500,"label":" ","price":45.25},{"type":"A","date":"2018-04-23T05:46:40.000Z","volume":41500,"label":" ","price":45.3},{"type":"A","date":"2018-04-23T05:46:40.000Z","volume":7500,"label":" ","price":45.35},{"type":"B","date":"2018-04-23T05:46:40.000Z","volume":2000,"label":" ","price":45.3},{"type":"B","date":"2018-04-23T05:46:40.000Z","volume":1000,"label":" ","price":45.3},{"type":"A","date":"2018-04-23T05:46:40.000Z","volume":3500,"label":" ","price":45.35},{"type":"B","date":"2018-04-23T05:46:41.000Z","volume":13000,"label":" ","price":45.3},{"type":"A","date":"2018-04-23T05:46:41.000Z","volume":3000,"label":" ","price":45.3},{"type":"U","date":"2018-04-23T05:46:46.000Z","volume":500,"label":"X","price":45.35},{"type":"B","date":"2018-04-23T05:46:52.000Z","volume":6500,"label":" ","price":45.25},{"type":"A","date":"2018-04-23T05:47:17.000Z","volume":9000,"label":" ","price":45.25},{"type":"B","date":"2018-04-23T05:47:24.000Z","volume":36000,"label":" ","price":45.2},{"type":"B","date":"2018-04-23T05:47:24.000Z","volume":3000,"label":" ","price":45.15},{"type":"U","date":"2018-04-23T05:47:24.000Z","volume":500,"label":" ","price":45.2},{"type":"B","date":"2018-04-23T05:47:24.000Z","volume":15000,"label":" ","price":45.2},{"type":"B","date":"2018-04-23T05:47:25.000Z","volume":1000,"label":" ","price":45.2},{"type":"B","date":"2018-04-23T05:47:25.000Z","volume":3500,"label":" ","price":45.2},{"type":"B","date":"2018-04-23T05:47:26.000Z","volume":500,"label":" ","price":45.15},{"type":"U","date":"2018-04-23T05:47:39.000Z","volume":500,"label":"X","price":45.15},{"type":"A","date":"2018-04-23T05:47:39.000Z","volume":1500,"label":" ","price":45.15},{"type":"A","date":"2018-04-23T05:47:56.000Z","volume":10500,"label":" ","price":45.15},{"type":"B","date":"2018-04-23T05:48:32.000Z","volume":500,"label":" ","price":45.15},{"type":"B","date":"2018-04-23T05:48:34.000Z","volume":500,"label":" ","price":45.15},{"type":"B","date":"2018-04-23T05:48:34.000Z","volume":500,"label":" ","price":45.15},{"type":"B","date":"2018-04-23T05:49:55.000Z","volume":12000,"label":" ","price":45.15},{"type":"U","date":"2018-04-23T05:50:15.000Z","volume":2000,"label":"X","price":45.15},{"type":"B","date":"2018-04-23T05:50:28.000Z","volume":5000,"label":" ","price":45.1},{"type":"B","date":"2018-04-23T05:50:29.000Z","volume":4000,"label":" ","price":45.1},{"type":"B","date":"2018-04-23T05:50:29.000Z","volume":500,"label":" ","price":45.1},{"type":"B","date":"2018-04-23T05:50:29.000Z","volume":500,"label":"Y","price":45.1},{"type":"B","date":"2018-04-23T05:50:29.000Z","volume":4500,"label":" ","price":45.1},{"type":"B","date":"2018-04-23T05:50:29.000Z","volume":6500,"label":" ","price":45.1},{"type":"B","date":"2018-04-23T05:50:29.000Z","volume":3500,"label":" ","price":45.1},{"type":"B","date":"2018-04-23T05:50:29.000Z","volume":2000,"label":" ","price":45.1},{"type":"B","date":"2018-04-23T05:50:42.000Z","volume":1000,"label":" ","price":45.05},{"type":"B","date":"2018-04-23T05:51:07.000Z","volume":500,"label":" ","price":45.05},{"type":"B","date":"2018-04-23T05:51:24.000Z","volume":1500,"label":" ","price":45.05},{"type":"B","date":"2018-04-23T05:51:30.000Z","volume":500,"label":" ","price":45.05},{"type":"A","date":"2018-04-23T05:51:44.000Z","volume":5000,"label":" ","price":45.05},{"type":"A","date":"2018-04-23T05:52:13.000Z","volume":5000,"label":" ","price":45.1},{"type":"A","date":"2018-04-23T05:52:25.000Z","volume":4500,"label":" ","price":45.1},{"type":"A","date":"2018-04-23T05:52:46.000Z","volume":1000,"label":" ","price":45.15},{"type":"B","date":"2018-04-23T05:53:27.000Z","volume":500,"label":" ","price":45.1},{"type":"B","date":"2018-04-23T05:53:27.000Z","volume":500,"label":" ","price":45.1},{"type":"A","date":"2018-04-23T05:54:42.000Z","volume":2000,"label":" ","price":45.15},{"type":"A","date":"2018-04-23T05:54:42.000Z","volume":51000,"label":" ","price":45.15},{"type":"A","date":"2018-04-23T05:54:42.000Z","volume":5000,"label":" ","price":45.2},{"type":"U","date":"2018-04-23T05:55:21.000Z","volume":1000,"label":"X","price":45.25},{"type":"A","date":"2018-04-23T05:55:21.000Z","volume":4000,"label":" ","price":45.25},{"type":"B","date":"2018-04-23T05:55:24.000Z","volume":500,"label":" ","price":45.2},{"type":"B","date":"2018-04-23T05:55:24.000Z","volume":500,"label":" ","price":45.2},{"type":"B","date":"2018-04-23T05:55:24.000Z","volume":7500,"label":" ","price":45.2},{"type":"A","date":"2018-04-23T05:55:26.000Z","volume":500,"label":" ","price":45.2},{"type":"B","date":"2018-04-23T05:56:22.000Z","volume":500,"label":" ","price":45.15},{"type":"B","date":"2018-04-23T05:56:22.000Z","volume":500,"label":" ","price":45.15},{"type":"A","date":"2018-04-23T05:56:52.000Z","volume":1000,"label":"Y","price":45.2},{"type":"A","date":"2018-04-23T05:56:52.000Z","volume":1000,"label":" ","price":45.2},{"type":"B","date":"2018-04-23T05:57:03.000Z","volume":7500,"label":" ","price":45.15},{"type":"B","date":"2018-04-23T05:58:19.000Z","volume":500,"label":" ","price":45.1},{"type":"B","date":"2018-04-23T05:58:19.000Z","volume":500,"label":" ","price":45.1},{"type":"A","date":"2018-04-23T05:58:19.000Z","volume":2500,"label":" ","price":45.15},{"type":"A","date":"2018-04-23T05:58:20.000Z","volume":2000,"label":" ","price":45.15},{"type":"B","date":"2018-04-23T06:00:02.000Z","volume":500,"label":" ","price":45.15},{"type":"B","date":"2018-04-23T06:00:02.000Z","volume":7000,"label":" ","price":45.15},{"type":"B","date":"2018-04-23T06:00:03.000Z","volume":10500,"label":" ","price":45.1},{"type":"B","date":"2018-04-23T06:00:11.000Z","volume":5500,"label":" ","price":45.05},{"type":"B","date":"2018-04-23T06:00:11.000Z","volume":14500,"label":" ","price":45},{"type":"A","date":"2018-04-23T06:00:56.000Z","volume":3500,"label":" ","price":45.05},{"type":"A","date":"2018-04-23T06:00:56.000Z","volume":3500,"label":" ","price":45.05},{"type":"B","date":"2018-04-23T06:01:15.000Z","volume":500,"label":" ","price":45.05},{"type":"B","date":"2018-04-23T06:01:15.000Z","volume":500,"label":" ","price":45.05},{"type":"A","date":"2018-04-23T06:01:41.000Z","volume":4000,"label":" ","price":45.1},{"type":"A","date":"2018-04-23T06:02:03.000Z","volume":3000,"label":" ","price":45.15},{"type":"U","date":"2018-04-23T06:02:07.000Z","volume":4000,"label":" ","price":45.15},{"type":"A","date":"2018-04-23T06:02:30.000Z","volume":1500,"label":"Y","price":45.15},{"type":"A","date":"2018-04-23T06:02:30.000Z","volume":1000,"label":" ","price":45.15},{"type":"B","date":"2018-04-23T06:03:12.000Z","volume":500,"label":" ","price":45.1},{"type":"B","date":"2018-04-23T06:03:12.000Z","volume":500,"label":" ","price":45.1},{"type":"A","date":"2018-04-23T06:03:16.000Z","volume":1000,"label":" ","price":45.15},{"type":"A","date":"2018-04-23T06:03:21.000Z","volume":3500,"label":" ","price":45.15},{"type":"A","date":"2018-04-23T06:04:31.000Z","volume":4500,"label":" ","price":45.15},{"type":"B","date":"2018-04-23T06:05:08.000Z","volume":500,"label":" ","price":45.1},{"type":"B","date":"2018-04-23T06:05:08.000Z","volume":500,"label":" ","price":45.1},{"type":"A","date":"2018-04-23T06:05:29.000Z","volume":1000,"label":" ","price":45.15},{"type":"A","date":"2018-04-23T06:05:54.000Z","volume":5000,"label":" ","price":45.15},{"type":"B","date":"2018-04-23T06:06:07.000Z","volume":500,"label":" ","price":45.1},{"type":"B","date":"2018-04-23T06:06:07.000Z","volume":15500,"label":" ","price":45.1},{"type":"B","date":"2018-04-23T06:08:04.000Z","volume":500,"label":" ","price":45.05},{"type":"B","date":"2018-04-23T06:08:04.000Z","volume":500,"label":" ","price":45.05},{"type":"B","date":"2018-04-23T06:10:01.000Z","volume":500,"label":" ","price":45.05},{"type":"B","date":"2018-04-23T06:10:01.000Z","volume":500,"label":" ","price":45.05},{"type":"B","date":"2018-04-23T06:10:02.000Z","volume":7500,"label":" ","price":45.05},{"type":"B","date":"2018-04-23T06:10:02.000Z","volume":2500,"label":" ","price":45.05},{"type":"A","date":"2018-04-23T06:10:03.000Z","volume":1500,"label":" ","price":45.05},{"type":"B","date":"2018-04-23T06:10:59.000Z","volume":500,"label":" ","price":45},{"type":"B","date":"2018-04-23T06:10:59.000Z","volume":500,"label":" ","price":45},{"type":"A","date":"2018-04-23T06:11:22.000Z","volume":3500,"label":" ","price":45.05},{"type":"A","date":"2018-04-23T06:12:50.000Z","volume":1000,"label":" ","price":45.05},{"type":"B","date":"2018-04-23T06:12:56.000Z","volume":500,"label":" ","price":45},{"type":"B","date":"2018-04-23T06:12:56.000Z","volume":500,"label":" ","price":45},{"type":"A","date":"2018-04-23T06:14:11.000Z","volume":12500,"label":" ","price":45.05},{"type":"A","date":"2018-04-23T06:14:11.000Z","volume":500,"label":" ","price":45.05},{"type":"A","date":"2018-04-23T06:14:19.000Z","volume":8000,"label":" ","price":45.1},{"type":"B","date":"2018-04-23T06:14:30.000Z","volume":500,"label":" ","price":45.05},{"type":"B","date":"2018-04-23T06:14:53.000Z","volume":500,"label":" ","price":45.05},{"type":"B","date":"2018-04-23T06:14:53.000Z","volume":500,"label":" ","price":45.05},{"type":"A","date":"2018-04-23T06:15:22.000Z","volume":4000,"label":" ","price":45.1},{"type":"A","date":"2018-04-23T06:15:26.000Z","volume":9500,"label":" ","price":45.1},{"type":"A","date":"2018-04-23T06:15:26.000Z","volume":3000,"label":" ","price":45.1},{"type":"B","date":"2018-04-23T06:15:26.000Z","volume":1500,"label":" ","price":45.1},{"type":"B","date":"2018-04-23T06:15:52.000Z","volume":500,"label":" ","price":45.1},{"type":"B","date":"2018-04-23T06:15:52.000Z","volume":6500,"label":" ","price":45.1},{"type":"A","date":"2018-04-23T06:17:13.000Z","volume":4500,"label":" ","price":45.1},{"type":"B","date":"2018-04-23T06:17:20.000Z","volume":9500,"label":" ","price":45.05},{"type":"B","date":"2018-04-23T06:17:48.000Z","volume":500,"label":" ","price":45},{"type":"B","date":"2018-04-23T06:17:48.000Z","volume":500,"label":" ","price":45},{"type":"B","date":"2018-04-23T06:18:16.000Z","volume":10000,"label":" ","price":45},{"type":"B","date":"2018-04-23T06:18:16.000Z","volume":1000,"label":" ","price":45},{"type":"A","date":"2018-04-23T06:18:16.000Z","volume":500,"label":"Y","price":45},{"type":"A","date":"2018-04-23T06:18:16.000Z","volume":500,"label":" ","price":45},{"type":"B","date":"2018-04-23T06:19:17.000Z","volume":500,"label":" ","price":45},{"type":"B","date":"2018-04-23T06:19:45.000Z","volume":500,"label":" ","price":45},{"type":"B","date":"2018-04-23T06:19:45.000Z","volume":500,"label":" ","price":45},{"type":"A","date":"2018-04-23T06:20:07.000Z","volume":7000,"label":" ","price":45.05},{"type":"B","date":"2018-04-23T06:20:07.000Z","volume":19500,"label":" ","price":45.05},{"type":"A","date":"2018-04-23T06:20:08.000Z","volume":500,"label":" ","price":45.05},{"type":"A","date":"2018-04-23T06:20:10.000Z","volume":3500,"label":" ","price":45.05},{"type":"A","date":"2018-04-23T06:20:38.000Z","volume":500,"label":" ","price":45.05},{"type":"B","date":"2018-04-23T06:20:45.000Z","volume":500,"label":" ","price":45},{"type":"B","date":"2018-04-23T06:20:45.000Z","volume":500,"label":" ","price":45},{"type":"B","date":"2018-04-23T06:21:50.000Z","volume":2000,"label":" ","price":45},{"type":"A","date":"2018-04-23T06:22:17.000Z","volume":5000,"label":" ","price":45.05},{"type":"A","date":"2018-04-23T06:22:17.000Z","volume":2500,"label":" ","price":45.05},{"type":"A","date":"2018-04-23T06:22:17.000Z","volume":3000,"label":" ","price":45.05},{"type":"A","date":"2018-04-23T06:22:17.000Z","volume":500,"label":" ","price":45.05},{"type":"B","date":"2018-04-23T06:22:42.000Z","volume":500,"label":" ","price":45},{"type":"B","date":"2018-04-23T06:22:42.000Z","volume":500,"label":" ","price":45},{"type":"A","date":"2018-04-23T06:22:55.000Z","volume":2000,"label":" ","price":45.05},{"type":"A","date":"2018-04-23T06:22:56.000Z","volume":2500,"label":" ","price":45.1},{"type":"B","date":"2018-04-23T06:23:29.000Z","volume":8500,"label":" ","price":45.05},{"type":"B","date":"2018-04-23T06:23:29.000Z","volume":2000,"label":" ","price":45}