[{"type":"B","date":"2018-05-03T01:30:00.000Z","volume":60000,"label":" ","price":1.15},{"type":"A","date":"2018-05-03T01:30:05.000Z","volume":220000,"label":" ","price":1.18},{"type":"A","date":"2018-05-03T01:30:05.000Z","volume":80000,"label":" ","price":1.19},{"type":"A","date":"2018-05-03T01:30:13.000Z","volume":100000,"label":" ","price":1.19},{"type":"A","date":"2018-05-03T01:31:01.000Z","volume":300000,"label":" ","price":1.18},{"type":"A","date":"2018-05-03T01:32:14.000Z","volume":500000,"label":" ","price":1.17},{"type":"U","date":"2018-05-03T01:32:58.000Z","volume":10000,"label":" ","price":1.17},{"type":"B","date":"2018-05-03T01:33:58.000Z","volume":58000,"label":" ","price":1.16},{"type":"B","date":"2018-05-03T01:34:16.000Z","volume":84000,"label":" ","price":1.16},{"type":"U","date":"2018-05-03T01:34:33.000Z","volume":10000,"label":" ","price":1.17},{"type":"A","date":"2018-05-03T01:36:10.000Z","volume":30000,"label":" ","price":1.16},{"type":"A","date":"2018-05-03T01:36:41.000Z","volume":2000,"label":" ","price":1.17},{"type":"B","date":"2018-05-03T01:37:03.000Z","volume":30000,"label":" ","price":1.16},{"type":"B","date":"2018-05-03T01:37:26.000Z","volume":30000,"label":" ","price":1.16},{"type":"B","date":"2018-05-03T01:37:26.000Z","volume":10000,"label":" ","price":1.16},{"type":"A","date":"2018-05-03T02:01:08.000Z","volume":144000,"label":" ","price":1.17},{"type":"A","date":"2018-05-03T02:01:53.000Z","volume":500000,"label":" ","price":1.18},{"type":"A","date":"2018-05-03T02:01:53.000Z","volume":42000,"label":" ","price":1.18},{"type":"A","date":"2018-05-03T02:02:02.000Z","volume":16000,"label":" ","price":1.18},{"type":"A","date":"2018-05-03T02:02:15.000Z","volume":500000,"label":" ","price":1.18},{"type":"A","date":"2018-05-03T02:02:53.000Z","volume":10000,"label":" ","price":1.18},{"type":"A","date":"2018-05-03T02:02:55.000Z","volume":10000,"label":" ","price":1.18},{"type":"A","date":"2018-05-03T02:02:56.000Z","volume":10000,"label":" ","price":1.18},{"type":"A","date":"2018-05-03T02:02:57.000Z","volume":10000,"label":" ","price":1.18},{"type":"A","date":"2018-05-03T02:02:59.000Z","volume":10000,"label":" ","price":1.18},{"type":"A","date":"2018-05-03T02:03:02.000Z","volume":10000,"label":" ","price":1.18},{"type":"A","date":"2018-05-03T02:03:06.000Z","volume":10000,"label":" ","price":1.18},{"type":"A","date":"2018-05-03T02:04:36.000Z","volume":50000,"label":" ","price":1.18},{"type":"A","date":"2018-05-03T02:05:06.000Z","volume":2000,"label":" ","price":1.18},{"type":"A","date":"2018-05-03T02:05:06.000Z","volume":98000,"label":" ","price":1.18},{"type":"U","date":"2018-05-03T02:06:10.000Z","volume":82000,"label":" ","price":1.18},{"type":"A","date":"2018-05-03T02:06:39.000Z","volume":10000,"label":" ","price":1.18},{"type":"A","date":"2018-05-03T02:06:42.000Z","volume":10000,"label":" ","price":1.18},{"type":"A","date":"2018-05-03T02:06:45.000Z","volume":10000,"label":" ","price":1.18},{"type":"A","date":"2018-05-03T02:06:49.000Z","volume":10000,"label":" ","price":1.18},{"type":"A","date":"2018-05-03T02:06:53.000Z","volume":10000,"label":" ","price":1.18},{"type":"A","date":"2018-05-03T02:06:55.000Z","volume":10000,"label":" ","price":1.18},{"type":"A","date":"2018-05-03T02:06:57.000Z","volume":10000,"label":" ","price":1.18},{"type":"A","date":"2018-05-03T02:06:58.000Z","volume":10000,"label":" ","price":1.18},{"type":"A","date":"2018-05-03T02:07:03.000Z","volume":10000,"label":" ","price":1.18},{"type":"A","date":"2018-05-03T02:07:21.000Z","volume":66000,"label":" ","price":1.18},{"type":"A","date":"2018-05-03T02:07:21.000Z","volume":24000,"label":" ","price":1.18},{"type":"A","date":"2018-05-03T02:08:01.000Z","volume":20000,"label":" ","price":1.18},{"type":"B","date":"2018-05-03T02:12:41.000Z","volume":2000,"label":" ","price":1.18},{"type":"B","date":"2018-05-03T02:17:18.000Z","volume":10000,"label":" ","price":1.18},{"type":"B","date":"2018-05-03T02:17:24.000Z","volume":10000,"label":" ","price":1.18},{"type":"B","date":"2018-05-03T02:18:36.000Z","volume":50000,"label":" ","price":1.18},{"type":"B","date":"2018-05-03T02:18:36.000Z","volume":8000,"label":" ","price":1.18},{"type":"B","date":"2018-05-03T02:20:28.000Z","volume":40000,"label":" ","price":1.18},{"type":"B","date":"2018-05-03T02:20:28.000Z","volume":10000,"label":" ","price":1.18},{"type":"B","date":"2018-05-03T02:21:14.000Z","volume":44000,"label":" ","price":1.18},{"type":"B","date":"2018-05-03T02:21:14.000Z","volume":6000,"label":" ","price":1.18},{"type":"B","date":"2018-05-03T02:27:22.000Z","volume":10000,"label":" ","price":1.18},{"type":"B","date":"2018-05-03T02:27:26.000Z","volume":8000,"label":" ","price":1.18},{"type":"B","date":"2018-05-03T02:27:30.000Z","volume":10000,"label":" ","price":1.18},{"type":"B","date":"2018-05-03T02:30:16.000Z","volume":56000,"label":" ","price":1.18},{"type":"B","date":"2018-05-03T02:30:31.000Z","volume":30000,"label":" ","price":1.17},{"type":"B","date":"2018-05-03T02:37:11.000Z","volume":10000,"label":"Y","price":1.18},{"type":"B","date":"2018-05-03T02:45:36.000Z","volume":2000,"label":" ","price":1.18},{"type":"A","date":"2018-05-03T02:49:56.000Z","volume":20000,"label":"Y","price":1.19},{"type":"A","date":"2018-05-03T02:49:56.000Z","volume":146000,"label":" ","price":1.19},{"type":"A","date":"2018-05-03T02:54:55.000Z","volume":2000,"label":" ","price":1.19},{"type":"B","date":"2018-05-03T02:55:50.000Z","volume":20000,"label":" ","price":1.18},{"type":"B","date":"2018-05-03T03:09:23.000Z","volume":2000,"label":" ","price":1.18},{"type":"A","date":"2018-05-03T03:25:06.000Z","volume":20000,"label":" ","price":1.19},{"type":"A","date":"2018-05-03T03:36:41.000Z","volume":10000,"label":" ","price":1.19},{"type":"A","date":"2018-05-03T03:37:10.000Z","volume":304000,"label":" ","price":1.19},{"type":"A","date":"2018-05-03T03:37:10.000Z","volume":84000,"label":" ","price":1.2},{"type":"A","date":"2018-05-03T03:37:10.000Z","volume":24000,"label":" ","price":1.2},{"type":"B","date":"2018-05-03T03:37:13.000Z","volume":12000,"label":" ","price":1.19},{"type":"B","date":"2018-05-03T03:37:25.000Z","volume":12000,"label":" ","price":1.19},{"type":"A","date":"2018-05-03T03:43:37.000Z","volume":2000,"label":" ","price":1.2},{"type":"U","date":"2018-05-03T03:47:01.000Z","volume":1000,"label":"D","price":1.18},{"type":"A","date":"2018-05-03T03:51:07.000Z","volume":2000,"label":" ","price":1.2},{"type":"U","date":"2018-05-03T03:57:09.000Z","volume":1000,"label":"D","price":1.16},{"type":"B","date":"2018-05-03T05:02:12.000Z","volume":30000,"label":" ","price":1.19},{"type":"B","date":"2018-05-03T05:05:04.000Z","volume":4000,"label":" ","price":1.19},{"type":"A","date":"2018-05-03T05:07:08.000Z","volume":2000,"label":" ","price":1.2},{"type":"B","date":"2018-05-03T05:08:22.000Z","volume":2000,"label":" ","price":1.19},{"type":"A","date":"2018-05-03T05:12:51.000Z","volume":2000,"label":" ","price":1.2},{"type":"A","date":"2018-05-03T05:15:42.000Z","volume":2000,"label":" ","price":1.2},{"type":"A","date":"2018-05-03T05:20:12.000Z","volume":40000,"label":" ","price":1.2},{"type":"A","date":"2018-05-03T05:20:18.000Z","volume":26000,"label":" ","price":1.2},{"type":"A","date":"2018-05-03T05:21:21.000Z","volume":200000,"label":" ","price":1.2},{"type":"A","date":"2018-05-03T05:21:21.000Z","volume":76000,"label":" ","price":1.2},{"type":"A","date":"2018-05-03T05:21:27.000Z","volume":2000,"label":" ","price":1.21},{"type":"A","date":"2018-05-03T05:22:18.000Z","volume":30000,"label":" ","price":1.21},{"type":"A","date":"2018-05-03T05:22:39.000Z","volume":4000,"label":"Y","price":1.21},{"type":"A","date":"2018-05-03T05:23:09.000Z","volume":2000,"label":" ","price":1.21},{"type":"B","date":"2018-05-03T05:25:52.000Z","volume":20000,"label":" ","price":1.2},{"type":"A","date":"2018-05-03T05:29:02.000Z","volume":8000,"label":"Y","price":1.21},{"type":"B","date":"2018-05-03T05:29:14.000Z","volume":12000,"label":" ","price":1.2},{"type":"A","date":"2018-05-03T05:29:44.000Z","volume":2000,"label":" ","price":1.21},{"type":"A","date":"2018-05-03T05:29:47.000Z","volume":2000,"label":" ","price":1.21},{"type":"A","date":"2018-05-03T05:35:05.000Z","volume":10000,"label":"Y","price":1.21},{"type":"A","date":"2018-05-03T05:35:09.000Z","volume":20000,"label":" ","price":1.21},{"type":"A","date":"2018-05-03T05:39:12.000Z","volume":100000,"label":" ","price":1.21},{"type":"A","date":"2018-05-03T05:39:33.000Z","volume":100000,"label":" ","price":1.21},{"type":"A","date":"2018-05-03T05:39:33.000Z","volume":128000,"label":" ","price":1.21},{"type":"B","date":"2018-05-03T05:39:36.000Z","volume":8000,"label":" ","price":1.21},{"type":"A","date":"2018-05-03T05:39:39.000Z","volume":16000,"label":" ","price":1.21},{"type":"A","date":"2018-05-03T05:39:39.000Z","volume":2000,"label":" ","price":1.22},{"type":"A","date":"2018-05-03T05:41:28.000Z","volume":24000,"label":" ","price":1.22},{"type":"A","date":"2018-05-03T05:42:17.000Z","volume":86000,"label":" ","price":1.22},{"type":"B","date":"2018-05-03T05:43:11.000Z","volume":14000,"label":" ","price":1.22},{"type":"A","date":"2018-05-03T05:43:26.000Z","volume":10000,"label":" ","price":1.22},{"type":"A","date":"2018-05-03T05:43:26.000Z","volume":26000,"label":" ","price":1.22},{"type":"B","date":"2018-05-03T05:44:35.000Z","volume":10000,"label":" ","price":1.22},{"type":"A","date":"2018-05-03T05:45:10.000Z","volume":12000,"label":" ","price":1.22},{"type":"B","date":"2018-05-03T05:45:38.000Z","volume":30000,"label":" ","price":1.22},{"type":"A","date":"2018-05-03T05:46:56.000Z","volume":20000,"label":" ","price":1.23},{"type":"A","date":"2018-05-03T05:47:10.000Z","volume":116000,"label":" ","price":1.23},{"type":"A","date":"2018-05-03T05:47:15.000Z","volume":112000,"label":" ","price":1.24},{"type":"A","date":"2018-05-03T05:47:29.000Z","volume":70000,"label":" ","price":1.25},{"type":"A","date":"2018-05-03T05:47:35.000Z","volume":50000,"label":" ","price":1.26},{"type":"A","date":"2018-05-03T05:47:56.000Z","volume":16000,"label":" ","price":1.26},{"type":"A","date":"2018-05-03T05:48:31.000Z","volume":84000,"label":" ","price":1.27},{"type":"A","date":"2018-05-03T05:48:31.000Z","volume":100000,"label":" ","price":1.27},{"type":"A","date":"2018-05-03T05:48:39.000Z","volume":94000,"label":" ","price":1.27},{"type":"A","date":"2018-05-03T05:48:40.000Z","volume":2000,"label":" ","price":1.28},{"type":"A","date":"2018-05-03T05:48:53.000Z","volume":50000,"label":" ","price":1.27},{"type":"A","date":"2018-05-03T05:48:53.000Z","volume":22000,"label":" ","price":1.28},{"type":"B","date":"2018-05-03T05:50:07.000Z","volume":104000,"label":" ","price":1.27},{"type":"B","date":"2018-05-03T05:50:07.000Z","volume":96000,"label":" ","price":1.26},{"type":"A","date":"2018-05-03T05:50:31.000Z","volume":20000,"label":" ","price":1.27},{"type":"B","date":"2018-05-03T05:50:43.000Z","volume":112000,"label":" ","price":1.26},{"type":"B","date":"2018-05-03T05:50:43.000Z","volume":8000,"label":" ","price":1.26},{"type":"B","date":"2018-05-03T05:50:51.000Z","volume":50000,"label":" ","price":1.25},{"type":"B","date":"2018-05-03T05:50:51.000Z","volume":24000,"label":" ","price":1.25},{"type":"A","date":"2018-05-03T05:50:52.000Z","volume":18000,"label":" ","price":1.25},{"type":"A","date":"2018-05-03T05:50:52.000Z","volume":582000,"label":" ","price":1.26},{"type":"A","date":"2018-05-03T05:50:55.000Z","volume":18000,"label":" ","price":1.26},{"type":"A","date":"2018-05-03T05:50:55.000Z","volume":56000,"label":"Y","price":1.27},{"type":"A","date":"2018-05-03T05:50:55.000Z","volume":30000,"label":" ","price":1.27},{"type":"A","date":"2018-05-03T05:51:33.000Z","volume":6000,"label":" ","price":1.26},{"type":"A","date":"2018-05-03T05:52:03.000Z","volume":10000,"label":" ","price":1.26},{"type":"A","date":"2018-05-03T05:52:24.000Z","volume":60000,"label":" ","price":1.26},{"type":"B","date":"2018-05-03T05:53:12.000Z","volume":30000,"label":"Y","price":1.26},{"type":"B","date":"2018-05-03T05:53:34.000Z","volume":20000,"label":"Y","price":1.26},{"type":"B","date":"2018-05-03T05:54:07.000Z","volume":4000,"label":" ","price":1.26},{"type":"B","date":"2018-05-03T05:54:12.000Z","volume":2000,"label":" ","price":1.26},{"type":"B","date":"2018-05-03T05:54:44.000Z","volume":10000,"label":" ","price":1.26},{"type":"B","date":"2018-05-03T05:55:18.000Z","volume":12000,"label":" ","price":1.26},{"type":"B","date":"2018-05-03T05:55:19.000Z","volume":30000,"label":" ","price":1.26},{"type":"A","date":"2018-05-03T05:55:23.000Z","volume":258000,"label":" ","price":1.27},{"type":"B","date":"2018-05-03T05:55:23.000Z","volume":4000,"label":" ","price":1.27},{"type":"B","date":"2018-05-03T05:56:04.000Z","volume":48000,"label":" ","price":1.26},{"type":"A","date":"2018-05-03T05:56:21.000Z","volume":10000,"label":" ","price":1.26},{"type":"B","date":"2018-05-03T05:56:59.000Z","volume":12000,"label":" ","price":1.25},{"type":"A","date":"2018-05-03T05:57:20.000Z","volume":204000,"label":" ","price":1.26},{"type":"A","date":"2018-05-03T05:57:20.000Z","volume":4000,"label":" ","price":1.26},{"type":"A","date":"2018-05-03T05:59:22.000Z","volume":14000,"label":" ","price":1.26},{"type":"B","date":"2018-05-03T05:59:55.000Z","volume":24000,"label":" ","price":1.25},{"type":"B","date":"2018-05-03T06:01:02.000Z","volume":6000,"label":"Y","price":1.25},{"type":"B","date":"2018-05-03T06:01:02.000Z","volume":14000,"label":" ","price":1.25},{"type":"A","date":"2018-05-03T06:03:35.000Z","volume":2000,"label":" ","price":1.26},{"type":"A","date":"2018-05-03T06:05:23.000Z","volume":30000,"label":" ","price":1.26},{"type":"A","date":"2018-05-03T06:05:37.000Z","volume":20000,"label":" ","price":1.26},{"type":"B","date":"2018-05-03T06:05:38.000Z","volume":2000,"label":" ","price":1.25},{"type":"B","date":"2018-05-03T06:06:37.000Z","volume":24000,"label":" ","price":1.25},{"type":"B","date":"2018-05-03T06:06:49.000Z","volume":10000,"label":"Y","price":1.25},{"type":"B","date":"2018-05-03T06:08:55.000Z","volume":2000,"label":"Y","price":1.25},{"type":"B","date":"2018-05-03T06:11:03.000Z","volume":100000,"label":" ","price":1.25},{"type":"B","date":"2018-05-03T06:12:14.000Z","volume":40000,"label":" ","price":1.25},{"type":"A","date":"2018-05-03T06:16:57.000Z","volume":72000,"label":" ","price":1.26},{"type":"B","date":"2018-05-03T06:19:35.000Z","volume":4000,"label":"Y","price":1.25},{"type":"B","date":"2018-05-03T06:19:35.000Z","volume":36000,"label":" ","price":1.25},{"type":"B","date":"2018-05-03T06:20:04.000Z","volume":40000,"label":"Y","price":1.25},{"type":"B","date":"2018-05-03T06:20:16.000Z","volume":20000,"label":" ","price":1.25},{"type":"B","date":"2018-05-03T06:20:16.000Z","volume":26000,"label":" ","price":1.25},{"type":"A","date":"2018-05-03T06:23:31.000Z","volume":4000,"label":" ","price":1.25},{"type":"B","date":"2018-05-03T06:26:35.000Z","volume":34000,"label":" ","price":1.24},{"type":"A","date":"2018-05-03T06:28:56.000Z","volume":2000,"label":"Y","price":1.24},{"type":"A","date":"2018-05-03T06:31:16.000Z","volume":20000,"label":" ","price":1.24},{"type":"A","date":"2018-05-03T06:35:33.000Z","volume":2000,"label":" ","price":1.25},{"type":"A","date":"2018-05-03T06:35:49.000Z","volume":20000,"label":" ","price":1.25},{"type":"U","date":"2018-05-03T06:37:33.000Z","volume":1500,"label":"D","price":1.21},{"type":"A","date":"2018-05-03T06:38:06.000Z","volume":50000,"label":" ","price":1.25},{"type":"A","date":"2018-05-03T06:38:46.000Z","volume":2000,"label":" ","price":1.25},{"type":"A","date":"2018-05-03T06:46:03.000Z","volume":2000,"label":" ","price":1.25},{"type":"A","date":"2018-05-03T06:46:45.000Z","volume":20000,"label":" ","price":1.25},{"type":"A","date":"2018-05-03T06:49:45.000Z","volume":20000,"label":" ","price":1.25},{"type":"A","date":"2018-05-03T06:50:59.000Z","volume":50000,"label":"Y","price":1.25},{"type":"B","date":"2018-05-03T06:53:05.000Z","volume":20000,"label":" ","price":1.24},{"type":"A","date":"2018-05-03T07:03:23.000Z","volume":66000,"label":" ","price":1.25},{"type":"A","date":"2018-05-03T07:03:36.000Z","volume":2000,"label":" ","price":1.25},{"type":"A","date":"2018-05-03T07:05:38.000Z","volume":64000,"label":" ","price":1.25},{"type":"B","date":"2018-05-03T07:10:36.000Z","volume":200000,"label":" ","price":1.24},{"type":"B","date":"2018-05-03T07:11:43.000Z","volume":108000,"label":" ","price":1.24},{"type":"A","date":"2018-05-03T07:11:48.000Z","volume":502000,"label":" ","price":1.24},{"type":"A","date":"2018-05-03T07:12:46.000Z","volume":40000,"label":" ","price":1.24},{"type":"B","date":"2018-05-03T07:16:17.000Z","volume":52000,"label":" ","price":1.23},{"type":"B","date":"2018-05-03T07:16:17.000Z","volume":522000,"label":" ","price":1.22},{"type":"A","date":"2018-05-03T07:17:07.000Z","volume":500000,"label":" ","price":1.24},{"type":"A","date":"2018-05-03T07:20:20.000Z","volume":504000,"label":" ","price":1.24},{"type":"A","date":"2018-05-03T07:20:25.000Z","volume":44000,"label":" ","price":1.24},{"type":"A","date":"2018-05-03T07:27:27.000Z","volume":40000,"label":" ","price":1.24},{"type":"A","date":"2018-05-03T07:28:47.000Z","volume":28000,"label":" ","price":1.24},{"type":"A","date":"2018-05-03T07:36:21.000Z","volume":8000,"label":" ","price":1.24},{"type":"A","date":"2018-05-03T07:37:22.000Z","volume":498000,"label":" ","price":1.24},{"type":"A","date":"2018-05-03T07:39:44.000Z","volume":10000,"label":" ","price":1.24},{"type":"A","date":"2018-05-03T07:42:08.000Z","volume":2000,"label":" ","price":1.24},{"type":"A","date":"2018-05-03T07:46:53.000Z","volume":10000,"label":" ","price":1.24},{"type":"A","date":"2018-05-03T07:50:08.000Z","volume":2000,"label":" ","price":1.24},{"type":"A","date":"2018-05-03T07:51:46.000Z","volume":4000,"label":" ","price":1.24},{"type":"B","date":"2018-05-03T07:53:45.000Z","volume":20000,"label":" ","price":1.23},{"type":"A","date":"2018-05-03T07:54:02.000Z","volume":78000,"label":" ","price":1.24},{"type":"A","date":"2018-05-03T07:54:39.000Z","volume":2000,"label":" ","price":1.25},{"type":"A","date":"2018-05-03T07:54:42.000Z","volume":160000,"label":" ","price":1.25},{"type":"B","date":"2018-05-03T07:54:42.000Z","volume":2000,"label":" ","price":1.25},{"type":"U","date":"2018-05-03T07:54:42.000Z","volume":16000,"label":"Y","price":1.25},{"type":"A","date":"2018-05-03T07:55:17.000Z","volume":2000,"label":" ","price":1.26},{"type":"A","date":"2018-05-03T07:58:46.000Z","volume":8000,"label":" ","price":1.26},{"type":"A","date":"2018-05-03T07:58:55.000Z","volume":30000,"label":" ","price":1.26},{"type":"A","date":"2018-05-03T07:58:56.000Z","volume":20000,"label":" ","price":1.26},{"type":"A","date":"2018-05-03T07:59:09.000Z","volume":2000,"label":" ","price":1.26},{"type":"A","date":"2018-05-03T07:59:28.000Z","volume":30000,"label":"Y","price":1.26},{"type":"A","date":"2018-05-03T07:59:40.000Z","volume":130000,"label":" ","price":1.26},{"type":"B","date":"2018-05-03T07:59:46.000Z","volume":50000,"label":" ","price":1.25},{"type":"A","date":"2018-05-03T07:59:55.000Z","volume":4000,"label":"Y","price":1.26}]