[{"type":"A","date":"2018-03-19T05:56:37.000Z","volume":300000,"price":0.205,"category":"ubbull"},{"type":"A","date":"2018-03-19T02:14:08.000Z","volume":500000,"price":0.201,"category":"ubbull"},{"type":"A","date":"2018-03-19T06:45:28.000Z","volume":120000,"price":0.204,"category":"bbull"},{"type":"A","date":"2018-03-19T05:55:33.000Z","volume":200000,"price":0.205,"category":"bbull"},{"type":"A","date":"2018-03-19T03:19:36.000Z","volume":120000,"price":0.2,"category":"bbull"},{"type":"A","date":"2018-03-19T02:23:50.000Z","volume":120000,"price":0.201,"category":"bbull"},{"type":"A","date":"2018-03-19T02:48:06.000Z","volume":20000,"price":0.206,"category":"rbull"},{"type":"B","date":"2018-03-19T07:30:31.000Z","volume":20000,"price":0.204,"category":"rbear"},{"type":"B","date":"2018-03-19T07:20:08.000Z","volume":20000,"price":0.204,"category":"rbear"},{"type":"B","date":"2018-03-19T07:01:09.000Z","volume":20000,"price":0.204,"category":"rbear"},{"type":"B","date":"2018-03-19T06:26:28.000Z","volume":20000,"price":0.205,"category":"rbear"},{"type":"B","date":"2018-03-19T03:53:50.000Z","volume":20000,"price":0.194,"category":"rbear"},{"type":"B","date":"2018-03-19T03:50:22.000Z","volume":20000,"price":0.2,"category":"rbear"},{"type":"B","date":"2018-03-19T03:06:21.000Z","volume":20000,"price":0.2,"category":"rbear"},{"type":"B","date":"2018-03-19T02:54:04.000Z","volume":20000,"price":0.2,"category":"rbear"},{"type":"B","date":"2018-03-19T02:54:04.000Z","volume":20000,"price":0.201,"category":"rbear"},{"type":"B","date":"2018-03-19T02:54:04.000Z","volume":20000,"price":0.202,"category":"rbear"},{"type":"B","date":"2018-03-19T02:42:19.000Z","volume":20000,"price":0.202,"category":"rbear"},{"type":"B","date":"2018-03-19T01:32:30.000Z","volume":20000,"price":0.201,"category":"rbear"},{"type":"B","date":"2018-03-19T07:04:53.000Z","volume":140000,"price":0.204,"category":"bbear"},{"type":"B","date":"2018-03-19T02:54:04.000Z","volume":120000,"price":0.2,"category":"bbear"},{"type":"B","date":"2018-03-19T01:56:31.000Z","volume":200000,"price":0.2,"category":"bbear"},{"type":"B","date":"2018-03-19T01:45:31.000Z","volume":220000,"price":0.2,"category":"ubbear"}]