[{"type":"U","date":"2018-03-26T01:20:00.000Z","volume":174000,"label":"U","price":4.13},{"type":"B","date":"2018-03-26T01:30:05.000Z","volume":2000,"label":" ","price":4.1},{"type":"B","date":"2018-03-26T01:30:16.000Z","volume":10000,"label":" ","price":4.1},{"type":"B","date":"2018-03-26T01:30:16.000Z","volume":20000,"label":" ","price":4.1},{"type":"A","date":"2018-03-26T01:30:16.000Z","volume":2000,"label":" ","price":4.11},{"type":"B","date":"2018-03-26T01:30:17.000Z","volume":4000,"label":" ","price":4.1},{"type":"B","date":"2018-03-26T01:30:23.000Z","volume":10000,"label":" ","price":4.1},{"type":"B","date":"2018-03-26T01:30:24.000Z","volume":4000,"label":" ","price":4.1},{"type":"B","date":"2018-03-26T01:30:40.000Z","volume":174000,"label":" ","price":4.1},{"type":"B","date":"2018-03-26T01:30:40.000Z","volume":6000,"label":" ","price":4.1},{"type":"A","date":"2018-03-26T01:30:53.000Z","volume":8000,"label":" ","price":4.1},{"type":"A","date":"2018-03-26T01:30:59.000Z","volume":2000,"label":" ","price":4.1},{"type":"B","date":"2018-03-26T01:31:06.000Z","volume":24000,"label":" ","price":4.09},{"type":"A","date":"2018-03-26T01:31:06.000Z","volume":2000,"label":" ","price":4.09},{"type":"B","date":"2018-03-26T01:31:07.000Z","volume":58000,"label":" ","price":4.08},{"type":"U","date":"2018-03-26T01:31:11.000Z","volume":2000,"label":"X","price":4.08},{"type":"A","date":"2018-03-26T01:31:12.000Z","volume":2000,"label":" ","price":4.08},{"type":"A","date":"2018-03-26T01:31:13.000Z","volume":6000,"label":" ","price":4.08},{"type":"B","date":"2018-03-26T01:31:35.000Z","volume":8000,"label":" ","price":4.07},{"type":"B","date":"2018-03-26T01:31:48.000Z","volume":12000,"label":" ","price":4.07},{"type":"B","date":"2018-03-26T01:31:48.000Z","volume":2000,"label":" ","price":4.07},{"type":"B","date":"2018-03-26T01:31:48.000Z","volume":2000,"label":" ","price":4.07},{"type":"B","date":"2018-03-26T01:31:48.000Z","volume":4000,"label":" ","price":4.07},{"type":"B","date":"2018-03-26T01:31:48.000Z","volume":16000,"label":" ","price":4.07},{"type":"B","date":"2018-03-26T01:31:48.000Z","volume":22000,"label":" ","price":4.07},{"type":"B","date":"2018-03-26T01:32:22.000Z","volume":22000,"label":" ","price":4.06},{"type":"B","date":"2018-03-26T01:32:22.000Z","volume":36000,"label":" ","price":4.06},{"type":"B","date":"2018-03-26T01:32:22.000Z","volume":24000,"label":" ","price":4.06},{"type":"B","date":"2018-03-26T01:32:22.000Z","volume":4000,"label":" ","price":4.06},{"type":"B","date":"2018-03-26T01:32:35.000Z","volume":6000,"label":" ","price":4.05},{"type":"B","date":"2018-03-26T01:32:54.000Z","volume":100000,"label":" ","price":4.05},{"type":"U","date":"2018-03-26T01:32:59.000Z","volume":8000,"label":"X","price":4.055},{"type":"U","date":"2018-03-26T01:32:59.000Z","volume":2000,"label":"X","price":4.055},{"type":"A","date":"2018-03-26T01:33:04.000Z","volume":10000,"label":" ","price":4.06},{"type":"B","date":"2018-03-26T01:33:05.000Z","volume":2000,"label":" ","price":4.05},{"type":"B","date":"2018-03-26T01:33:35.000Z","volume":8000,"label":" ","price":4.05},{"type":"B","date":"2018-03-26T01:33:36.000Z","volume":38000,"label":"Y","price":4.05},{"type":"B","date":"2018-03-26T01:33:36.000Z","volume":62000,"label":" ","price":4.05},{"type":"B","date":"2018-03-26T01:34:05.000Z","volume":30000,"label":" ","price":4.05},{"type":"A","date":"2018-03-26T01:34:11.000Z","volume":2000,"label":" ","price":4.06},{"type":"U","date":"2018-03-26T01:34:15.000Z","volume":6000,"label":"X","price":4.055},{"type":"B","date":"2018-03-26T01:34:35.000Z","volume":8000,"label":" ","price":4.05},{"type":"B","date":"2018-03-26T01:35:04.000Z","volume":8000,"label":" ","price":4.05},{"type":"B","date":"2018-03-26T01:35:04.000Z","volume":34000,"label":" ","price":4.05},{"type":"B","date":"2018-03-26T01:35:04.000Z","volume":2000,"label":" ","price":4.05},{"type":"A","date":"2018-03-26T01:35:05.000Z","volume":14000,"label":" ","price":4.05},{"type":"U","date":"2018-03-26T01:35:09.000Z","volume":1062,"label":"D","price":4},{"type":"U","date":"2018-03-26T01:35:14.000Z","volume":1741,"label":"D","price":4},{"type":"B","date":"2018-03-26T01:35:36.000Z","volume":6000,"label":" ","price":4.04},{"type":"A","date":"2018-03-26T01:35:41.000Z","volume":10000,"label":" ","price":4.05},{"type":"U","date":"2018-03-26T01:36:02.000Z","volume":381,"label":"D","price":4},{"type":"B","date":"2018-03-26T01:36:03.000Z","volume":20000,"label":" ","price":4.04},{"type":"B","date":"2018-03-26T01:36:17.000Z","volume":2000,"label":" ","price":4.04},{"type":"B","date":"2018-03-26T01:36:35.000Z","volume":8000,"label":" ","price":4.04},{"type":"B","date":"2018-03-26T01:36:40.000Z","volume":4000,"label":" ","price":4.04},{"type":"B","date":"2018-03-26T01:36:42.000Z","volume":10000,"label":" ","price":4.04},{"type":"B","date":"2018-03-26T01:36:49.000Z","volume":2000,"label":" ","price":4.04},{"type":"B","date":"2018-03-26T01:36:52.000Z","volume":12000,"label":" ","price":4.04},{"type":"U","date":"2018-03-26T01:36:53.000Z","volume":1040,"label":"D","price":4},{"type":"B","date":"2018-03-26T01:36:56.000Z","volume":2000,"label":" ","price":4.04},{"type":"U","date":"2018-03-26T01:37:00.000Z","volume":1877,"label":"D","price":4},{"type":"A","date":"2018-03-26T01:37:08.000Z","volume":10000,"label":" ","price":4.05},{"type":"B","date":"2018-03-26T01:37:09.000Z","volume":4000,"label":" ","price":4.04},{"type":"A","date":"2018-03-26T01:37:13.000Z","volume":8000,"label":" ","price":4.05},{"type":"U","date":"2018-03-26T01:37:15.000Z","volume":1539,"label":"D","price":4.13},{"type":"U","date":"2018-03-26T01:37:19.000Z","volume":1396,"label":"D","price":4},{"type":"U","date":"2018-03-26T01:37:23.000Z","volume":1635,"label":"D","price":4},{"type":"B","date":"2018-03-26T01:37:33.000Z","volume":8000,"label":" ","price":4.04},{"type":"B","date":"2018-03-26T01:37:36.000Z","volume":8000,"label":" ","price":4.04},{"type":"B","date":"2018-03-26T01:37:44.000Z","volume":4000,"label":" ","price":4.04},{"type":"B","date":"2018-03-26T01:37:59.000Z","volume":6000,"label":" ","price":4.04},{"type":"B","date":"2018-03-26T01:38:35.000Z","volume":6000,"label":" ","price":4.04},{"type":"B","date":"2018-03-26T01:39:11.000Z","volume":4000,"label":" ","price":4.04},{"type":"U","date":"2018-03-26T01:39:14.000Z","volume":223,"label":"D","price":4},{"type":"B","date":"2018-03-26T01:39:14.000Z","volume":84000,"label":" ","price":4.04},{"type":"B","date":"2018-03-26T01:39:17.000Z","volume":10000,"label":" ","price":4.04},{"type":"U","date":"2018-03-26T01:39:22.000Z","volume":788,"label":"D","price":4},{"type":"B","date":"2018-03-26T01:39:35.000Z","volume":8000,"label":" ","price":4.04},{"type":"B","date":"2018-03-26T01:39:35.000Z","volume":18000,"label":" ","price":4.04},{"type":"A","date":"2018-03-26T01:39:51.000Z","volume":10000,"label":" ","price":4.05},{"type":"B","date":"2018-03-26T01:40:14.000Z","volume":2000,"label":" ","price":4.04},{"type":"B","date":"2018-03-26T01:40:36.000Z","volume":8000,"label":" ","price":4.04},{"type":"B","date":"2018-03-26T01:41:06.000Z","volume":2000,"label":" ","price":4.04},{"type":"B","date":"2018-03-26T01:41:36.000Z","volume":6000,"label":" ","price":4.04},{"type":"B","date":"2018-03-26T01:42:39.000Z","volume":8000,"label":" ","price":4.04},{"type":"B","date":"2018-03-26T01:42:45.000Z","volume":2000,"label":" ","price":4.04},{"type":"A","date":"2018-03-26T01:42:47.000Z","volume":20000,"label":" ","price":4.05},{"type":"A","date":"2018-03-26T01:43:06.000Z","volume":40000,"label":" ","price":4.05},{"type":"A","date":"2018-03-26T01:43:15.000Z","volume":6000,"label":" ","price":4.05},{"type":"A","date":"2018-03-26T01:43:21.000Z","volume":94000,"label":" ","price":4.05},{"type":"A","date":"2018-03-26T01:43:21.000Z","volume":122000,"label":"Y","price":4.05},{"type":"A","date":"2018-03-26T01:43:21.000Z","volume":222000,"label":" ","price":4.05},{"type":"A","date":"2018-03-26T01:43:21.000Z","volume":414000,"label":" ","price":4.05},{"type":"A","date":"2018-03-26T01:43:24.000Z","volume":2000,"label":" ","price":4.06},{"type":"A","date":"2018-03-26T01:43:31.000Z","volume":60000,"label":" ","price":4.06},{"type":"A","date":"2018-03-26T01:43:31.000Z","volume":84000,"label":"Y","price":4.06},{"type":"A","date":"2018-03-26T01:43:31.000Z","volume":14000,"label":" ","price":4.06},{"type":"B","date":"2018-03-26T01:43:39.000Z","volume":6000,"label":" ","price":4.07},{"type":"B","date":"2018-03-26T01:44:01.000Z","volume":198000,"label":" ","price":4.07},{"type":"B","date":"2018-03-26T01:44:01.000Z","volume":14000,"label":" ","price":4.07},{"type":"B","date":"2018-03-26T01:44:39.000Z","volume":8000,"label":" ","price":4.06},{"type":"A","date":"2018-03-26T01:45:35.000Z","volume":100000,"label":" ","price":4.07},{"type":"A","date":"2018-03-26T01:45:35.000Z","volume":30000,"label":" ","price":4.07},{"type":"B","date":"2018-03-26T01:45:35.000Z","volume":8000,"label":" ","price":4.06},{"type":"U","date":"2018-03-26T01:45:36.000Z","volume":36000,"label":" ","price":4.07},{"type":"A","date":"2018-03-26T01:45:36.000Z","volume":4000,"label":" ","price":4.08},{"type":"B","date":"2018-03-26T01:45:41.000Z","volume":2000,"label":" ","price":4.07},{"type":"B","date":"2018-03-26T01:45:49.000Z","volume":2000,"label":" ","price":4.07},{"type":"B","date":"2018-03-26T01:46:16.000Z","volume":72000,"label":" ","price":4.06},{"type":"A","date":"2018-03-26T01:46:34.000Z","volume":32000,"label":" ","price":4.06},{"type":"A","date":"2018-03-26T01:46:34.000Z","volume":8000,"label":" ","price":4.06},{"type":"A","date":"2018-03-26T01:46:34.000Z","volume":12000,"label":" ","price":4.06},{"type":"B","date":"2018-03-26T01:46:36.000Z","volume":6000,"label":" ","price":4.06},{"type":"B","date":"2018-03-26T01:46:59.000Z","volume":10000,"label":" ","price":4.06},{"type":"B","date":"2018-03-26T01:47:36.000Z","volume":8000,"label":" ","price":4.05},{"type":"B","date":"2018-03-26T01:47:47.000Z","volume":2000,"label":" ","price":4.05},{"type":"B","date":"2018-03-26T01:47:48.000Z","volume":6000,"label":" ","price":4.05},{"type":"A","date":"2018-03-26T01:47:50.000Z","volume":2000,"label":" ","price":4.06},{"type":"B","date":"2018-03-26T01:48:38.000Z","volume":8000,"label":" ","price":4.05},{"type":"B","date":"2018-03-26T01:48:45.000Z","volume":2000,"label":" ","price":4.05},{"type":"B","date":"2018-03-26T01:48:46.000Z","volume":8000,"label":" ","price":4.05},{"type":"A","date":"2018-03-26T01:49:04.000Z","volume":6000,"label":" ","price":4.06},{"type":"B","date":"2018-03-26T01:49:13.000Z","volume":8000,"label":" ","price":4.05},{"type":"B","date":"2018-03-26T01:49:39.000Z","volume":6000,"label":" ","price":4.05},{"type":"B","date":"2018-03-26T01:49:42.000Z","volume":2000,"label":" ","price":4.05},{"type":"B","date":"2018-03-26T01:49:42.000Z","volume":6000,"label":" ","price":4.05},{"type":"A","date":"2018-03-26T01:49:59.000Z","volume":2000,"label":" ","price":4.06},{"type":"B","date":"2018-03-26T01:50:36.000Z","volume":8000,"label":" ","price":4.05},{"type":"B","date":"2018-03-26T01:50:40.000Z","volume":2000,"label":" ","price":4.05},{"type":"B","date":"2018-03-26T01:50:41.000Z","volume":6000,"label":" ","price":4.05},{"type":"B","date":"2018-03-26T01:51:37.000Z","volume":4000,"label":" ","price":4.05},{"type":"B","date":"2018-03-26T01:51:37.000Z","volume":8000,"label":" ","price":4.05},{"type":"A","date":"2018-03-26T01:52:14.000Z","volume":236000,"label":" ","price":4.06},{"type":"A","date":"2018-03-26T01:52:33.000Z","volume":50000,"label":" ","price":4.07},{"type":"A","date":"2018-03-26T01:52:33.000Z","volume":16000,"label":" ","price":4.07},{"type":"B","date":"2018-03-26T01:52:34.000Z","volume":2000,"label":" ","price":4.07},{"type":"B","date":"2018-03-26T01:52:34.000Z","volume":6000,"label":" ","price":4.07},{"type":"B","date":"2018-03-26T01:52:39.000Z","volume":14000,"label":" ","price":4.07},{"type":"B","date":"2018-03-26T01:53:32.000Z","volume":2000,"label":" ","price":4.06},{"type":"B","date":"2018-03-26T01:53:32.000Z","volume":6000,"label":" ","price":4.06},{"type":"B","date":"2018-03-26T01:54:28.000Z","volume":6000,"label":" ","price":4.06},{"type":"B","date":"2018-03-26T01:54:29.000Z","volume":2000,"label":" ","price":4.06},{"type":"A","date":"2018-03-26T01:55:02.000Z","volume":66000,"label":" ","price":4.07},{"type":"B","date":"2018-03-26T01:55:23.000Z","volume":54000,"label":" ","price":4.07},{"type":"U","date":"2018-03-26T01:55:25.000Z","volume":6000,"label":" ","price":4.07},{"type":"U","date":"2018-03-26T01:55:25.000Z","volume":2000,"label":" ","price":4.07},{"type":"U","date":"2018-03-26T01:55:26.000Z","volume":2000,"label":" ","price":4.07},{"type":"U","date":"2018-03-26T01:55:31.000Z","volume":19,"label":"D","price":4.105},{"type":"B","date":"2018-03-26T01:55:57.000Z","volume":12000,"label":" ","price":4.07},{"type":"B","date":"2018-03-26T01:55:57.000Z","volume":6000,"label":" ","price":4.07},{"type":"B","date":"2018-03-26T01:56:01.000Z","volume":2000,"label":" ","price":4.07},{"type":"B","date":"2018-03-26T01:56:22.000Z","volume":8000,"label":" ","price":4.07},{"type":"B","date":"2018-03-26T01:56:23.000Z","volume":6000,"label":" ","price":4.06},{"type":"B","date":"2018-03-26T01:56:24.000Z","volume":2000,"label":" ","price":4.06},{"type":"B","date":"2018-03-26T01:57:20.000Z","volume":2000,"label":" ","price":4.06},{"type":"B","date":"2018-03-26T01:57:21.000Z","volume":6000,"label":" ","price":4.06},{"type":"A","date":"2018-03-26T01:57:24.000Z","volume":34000,"label":" ","price":4.07},{"type":"A","date":"2018-03-26T01:58:17.000Z","volume":40000,"label":" ","price":4.07},{"type":"A","date":"2018-03-26T01:58:17.000Z","volume":4000,"label":" ","price":4.07},{"type":"B","date":"2018-03-26T01:58:17.000Z","volume":2000,"label":" ","price":4.06},{"type":"B","date":"2018-03-26T01:58:19.000Z","volume":8000,"label":" ","price":4.06},{"type":"B","date":"2018-03-26T01:59:14.000Z","volume":6000,"label":" ","price":4.06},{"type":"B","date":"2018-03-26T01:59:14.000Z","volume":2000,"label":" ","price":4.06},{"type":"B","date":"2018-03-26T01:59:38.000Z","volume":62000,"label":" ","price":4.06},{"type":"B","date":"2018-03-26T02:00:12.000Z","volume":6000,"label":" ","price":4.06},{"type":"B","date":"2018-03-26T02:00:12.000Z","volume":2000,"label":" ","price":4.06},{"type":"B","date":"2018-03-26T02:01:08.000Z","volume":8000,"label":" ","price":4.06},{"type":"B","date":"2018-03-26T02:01:10.000Z","volume":4000,"label":" ","price":4.06},{"type":"B","date":"2018-03-26T02:02:06.000Z","volume":2000,"label":" ","price":4.06},{"type":"B","date":"2018-03-26T02:02:06.000Z","volume":6000,"label":" ","price":4.06},{"type":"A","date":"2018-03-26T02:02:26.000Z","volume":20000,"label":" ","price":4.07},{"type":"B","date":"2018-03-26T02:03:03.000Z","volume":6000,"label":" ","price":4.06},{"type":"B","date":"2018-03-26T02:03:04.000Z","volume":2000,"label":" ","price":4.06},{"type":"A","date":"2018-03-26T02:03:55.000Z","volume":10000,"label":" ","price":4.07},{"type":"B","date":"2018-03-26T02:04:01.000Z","volume":6000,"label":" ","price":4.06},{"type":"B","date":"2018-03-26T02:04:01.000Z","volume":2000,"label":" ","price":4.06},{"type":"B","date":"2018-03-26T02:04:17.000Z","volume":4000,"label":" ","price":4.06},{"type":"B","date":"2018-03-26T02:04:58.000Z","volume":2000,"label":" ","price":4.06},{"type":"A","date":"2018-03-26T02:04:58.000Z","volume":102000,"label":" ","price":4.07},{"type":"U","date":"2018-03-26T02:04:59.000Z","volume":8000,"label":" ","price":4.07},{"type":"B","date":"2018-03-26T02:05:00.000Z","volume":20000,"label":" ","price":4.07},{"type":"B","date":"2018-03-26T02:05:07.000Z","volume":38000,"label":" ","price":4.07},{"type":"A","date":"2018-03-26T02:05:10.000Z","volume":8000,"label":" ","price":4.07},{"type":"A","date":"2018-03-26T02:05:20.000Z","volume":16000,"label":" ","price":4.07},{"type":"B","date":"2018-03-26T02:05:56.000Z","volume":6000,"label":" ","price":4.06},{"type":"B","date":"2018-03-26T02:05:56.000Z","volume":2000,"label":" ","price":4.06},{"type":"A","date":"2018-03-26T02:07:01.000Z","volume":240000,"label":" ","price":4.07},{"type":"A","date":"2018-03-26T02:07:01.000Z","volume":8000,"label":" ","price":4.07},{"type":"U","date":"2018-03-26T02:07:05.000Z","volume":34000,"label":" ","price":4.07},{"type":"A","date":"2018-03-26T02:07:23.000Z","volume":10000,"label":" ","price":4.07},{"type":"B","date":"2018-03-26T02:07:27.000Z","volume":14000,"label":"Y","price":4.06},{"type":"B","date":"2018-03-26T02:07:27.000Z","volume":76000,"label":" ","price":4.06},{"type":"B","date":"2018-03-26T02:07:34.000Z","volume":6000,"label":" ","price":4.06},{"type":"B","date":"2018-03-26T02:07:41.000Z","volume":4000,"label":"Y","price":4.06},{"type":"B","date":"2018-03-26T02:07:41.000Z","volume":16000,"label":" ","price":4.06},{"type":"A","date":"2018-03-26T02:07:51.000Z","volume":50000,"label":" ","price":4.07},{"type":"A","date":"2018-03-26T02:08:01.000Z","volume":4000,"label":"Y","price":4.07},{"type":"A","date":"2018-03-26T02:08:37.000Z","volume":2000,"label":"Y","price":4.07},{"type":"A","date":"2018-03-26T02:08:41.000Z","volume":8000,"label":" ","price":4.07},{"type":"A","date":"2018-03-26T02:09:08.000Z","volume":30000,"label":" ","price":4.07},{"type":"A","date":"2018-03-26T02:09:08.000Z","volume":22000,"label":" ","price":4.07},{"type":"A","date":"2018-03-26T02:09:08.000Z","volume":14000,"label":" ","price":4.07},{"type":"B","date":"2018-03-26T02:09:15.000Z","volume":14000,"label":" ","price":4.07},{"type":"A","date":"2018-03-26T02:09:15.000Z","volume":4000,"label":" ","price":4.07},{"type":"A","date":"2018-03-26T02:09:59.000Z","volume":8000,"label":"Y","price":4.07},{"type":"B","date":"2018-03-26T02:11:32.000Z","volume":2000,"label":" ","price":4.06},{"type":"B","date":"2018-03-26T02:11:43.000Z","volume":4000,"label":" ","price":4.06},{"type":"A","date":"2018-03-26T02:13:22.000Z","volume":98000,"label":" ","price":4.07},{"type":"B","date":"2018-03-26T02:13:37.000Z","volume":8000,"label":" ","price":4.07},{"type":"U","date":"2018-03-26T02:17:31.000Z","volume":1347,"label":"D","price":4.03},{"type":"B","date":"2018-03-26T02:19:10.000Z","volume":2000,"label":" ","price":4.07},{"type":"A","date":"2018-03-26T02:20:49.000Z","volume":72000,"label":" ","price":4.08},{"type":"A","date":"2018-03-26T02:20:49.000Z","volume":100000,"label":" ","price":4.08},{"type":"A","date":"2018-03-26T02:20:51.000Z","volume":8000,"label":" ","price":4.09},{"type":"B","date":"2018-03-26T02:20:53.000Z","volume":2000,"label":" ","price":4.08},{"type":"B","date":"2018-03-26T02:21:14.000Z","volume":10000,"label":" ","price":4.08},{"type":"A","date":"2018-03-26T02:23:30.000Z","volume":50000,"label":" ","price":4.09},{"type":"A","date":"2018-03-26T02:23:30.000Z","volume":2000,"label":" ","price":4.09},{"type":"A","date":"2018-03-26T02:23:42.000Z","volume":2000,"label":" ","price":4.09},{"type":"A","date":"2018-03-26T02:25:37.000Z","volume":138000,"label":" ","price":4.09},{"type":"A","date":"2018-03-26T02:25:38.000Z","volume":8000,"label":" ","price":4.1},{"type":"A","date":"2018-03-26T02:25:38.000Z","volume":10000,"label":" ","price":4.1},{"type":"U","date":"2018-03-26T02:25:42.000Z","volume":10000,"label":" ","price":4.09},{"type":"A","date":"2018-03-26T02:25:42.000Z","volume":8000,"label":" ","price":4.1},{"type":"A","date":"2018-03-26T02:26:22.000Z","volume":150000,"label":" ","price":4.1},{"type":"U","date":"2018-03-26T02:27:08.000Z","volume":18000,"label":" ","price":4.1},{"type":"U","date":"2018-03-26T02:27:17.000Z","volume":60000,"label":" ","price":4.1},{"type":"A","date":"2018-03-26T02:27:18.000Z","volume":28000,"label":" ","price":4.1},{"type":"A","date":"2018-03-26T02:27:18.000Z","volume":4000,"label":" ","price":4.1},{"type":"A","date":"2018-03-26T02:27:20.000Z","volume":8000,"label":" ","price":4.1},{"type":"A","date":"2018-03-26T02:27:28.000Z","volume":4000,"label":" ","price":4.1},{"type":"B","date":"2018-03-26T02:28:04.000Z","volume":4000,"label":" ","price":4.09},{"type":"A","date":"2018-03-26T02:28:56.000Z","volume":2000,"label":" ","price":4.1},{"type":"A","date":"2018-03-26T02:30:02.000Z","volume":10000,"label":" ","price":4.1},{"type":"A","date":"2018-03-26T02:30:04.000Z","volume":2000,"label":" ","price":4.1},{"type":"A","date":"2018-03-26T02:31:03.000Z","volume":20000,"label":" ","price":4.1},{"type":"B","date":"2018-03-26T02:33:41.000Z","volume":18000,"label":" ","price":4.09},{"type":"B","date":"2018-03-26T02:33:55.000Z","volume":54000,"label":" ","price":4.09},{"type":"B","date":"2018-03-26T02:36:46.000Z","volume":22000,"label":" ","price":4.09},{"type":"A","date":"2018-03-26T02:38:24.000Z","volume":2000,"label":" ","price":4.1},{"type":"A","date":"2018-03-26T02:38:32.000Z","volume":2000,"label":" ","price":4.1},{"type":"B","date":"2018-03-26T02:38:54.000Z","volume":70000,"label":" ","price":4.09},{"type":"A","date":"2018-03-26T02:38:56.000Z","volume":6000,"label":" ","price":4.1},{"type":"B","date":"2018-03-26T02:40:24.000Z","volume":14000,"label":" ","price":4.09},{"type":"A","date":"2018-03-26T02:43:03.000Z","volume":2000,"label":" ","price":4.1},{"type":"A","date":"2018-03-26T02:43:16.000Z","volume":2000,"label":" ","price":4.1},{"type":"A","date":"2018-03-26T02:43:16.000Z","volume":2000,"label":" ","price":4.1},{"type":"B","date":"2018-03-26T02:45:47.000Z","volume":50000,"label":" ","price":4.09},{"type":"B","date":"2018-03-26T02:45:47.000Z","volume":144000,"label":" ","price":4.09},{"type":"A","date":"2018-03-26T02:45:47.000Z","volume":14000,"label":" ","price":4.09},{"type":"B","date":"2018-03-26T02:47:06.000Z","volume":192000,"label":"Y","price":4.08},{"type":"B","date":"2018-03-26T02:47:06.000Z","volume":36000,"label":" ","price":4.08},{"type":"A","date":"2018-03-26T02:47:09.000Z","volume":4000,"label":" ","price":4.09},{"type":"B","date":"2018-03-26T02:47:38.000Z","volume":2000,"label":" ","price":4.08},{"type":"A","date":"2018-03-26T02:47:42.000Z","volume":2000,"label":" ","price":4.09},{"type":"B","date":"2018-03-26T02:49:37.000Z","volume":100000,"label":" ","price":4.08},{"type":"A","date":"2018-03-26T02:49:37.000Z","volume":6000,"label":" ","price":4.09},{"type":"B","date":"2018-03-26T02:49:53.000Z","volume":2000,"label":" ","price":4.08},{"type":"B","date":"2018-03-26T02:51:06.000Z","volume":2000,"label":" ","price":4.08},{"type":"B","date":"2018-03-26T02:52:38.000Z","volume":2000,"label":" ","price":4.08},{"type":"B","date":"2018-03-26T02:53:19.000Z","volume":18000,"label":" ","price":4.08},{"type":"B","date":"2018-03-26T02:53:32.000Z","volume":80000,"label":" ","price":4.08},{"type":"A","date":"2018-03-26T02:53:33.000Z","volume":4000,"label":" ","price":4.09},{"type":"B","date":"2018-03-26T02:54:26.000Z","volume":8000,"label":" ","price":4.08},{"type":"B","date":"2018-03-26T02:54:26.000Z","volume":268000,"label":" ","price":4.08},{"type":"B","date":"2018-03-26T02:54:26.000Z","volume":88000,"label":" ","price":4.08},{"type":"B","date":"2018-03-26T02:54:26.000Z","volume":26000,"label":" ","price":4.08},{"type":"A","date":"2018-03-26T02:54:26.000Z","volume":28000,"label":" ","price":4.08},{"type":"A","date":"2018-03-26T02:54:34.000Z","volume":6000,"label":" ","price":4.08},{"type":"B","date":"2018-03-26T02:54:41.000Z","volume":64000,"label":"Y","price":4.07},{"type":"B","date":"2018-03-26T02:54:41.000Z","volume":86000,"label":" ","price":4.07},{"type":"B","date":"2018-03-26T02:54:41.000Z","volume":106000,"label":" ","price":4.07},{"type":"A","date":"2018-03-26T02:55:11.000Z","volume":2000,"label":" ","price":4.07},{"type":"B","date":"2018-03-26T02:55:52.000Z","volume":12000,"label":" ","price":4.06},{"type":"B","date":"2018-03-26T02:56:01.000Z","volume":2000,"label":" ","price":4.06},{"type":"B","date":"2018-03-26T02:56:48.000Z","volume":22000,"label":" ","price":4.06},{"type":"B","date":"2018-03-26T02:57:04.000Z","volume":8000,"label":"Y","price":4.06},{"type":"B","date":"2018-03-26T02:57:04.000Z","volume":2000,"label":" ","price":4.06},{"type":"A","date":"2018-03-26T02:58:12.000Z","volume":2000,"label":" ","price":4.07},{"type":"B","date":"2018-03-26T02:59:57.000Z","volume":2000,"label":" ","price":4.06},{"type":"B","date":"2018-03-26T03:01:43.000Z","volume":10000,"label":" ","price":4.06},{"type":"B","date":"2018-03-26T03:01:50.000Z","volume":150000,"label":" ","price":4.06},{"type":"B","date":"2018-03-26T03:01:50.000Z","volume":146000,"label":" ","price":4.06},{"type":"B","date":"2018-03-26T03:03:18.000Z","volume":2000,"label":" ","price":4.05},{"type":"A","date":"2018-03-26T03:04:07.000Z","volume":10000,"label":" ","price":4.06},{"type":"B","date":"2018-03-26T03:06:11.000Z","volume":10000,"label":" ","price":4.05},{"type":"B","date":"2018-03-26T03:06:51.000Z","volume":2000,"label":" ","price":4.05},{"type":"A","date":"2018-03-26T03:07:24.000Z","volume":2000,"label":" ","price":4.06},{"type":"B","date":"2018-03-26T03:08:07.000Z","volume":20000,"label":" ","price":4.05},{"type":"A","date":"2018-03-26T03:08:33.000Z","volume":2000,"label":" ","price":4.06},{"type":"A","date":"2018-03-26T03:09:17.000Z","volume":8000,"label":" ","price":4.06},{"type":"B","date":"2018-03-26T03:10:11.000Z","volume":2000,"label":" ","price":4.05},{"type":"B","date":"2018-03-26T03:10:28.000Z","volume":50000,"label":" ","price":4.05},{"type":"A","date":"2018-03-26T03:10:31.000Z","volume":4000,"label":" ","price":4.06},{"type":"B","date":"2018-03-26T03:10:59.000Z","volume":30000,"label":" ","price":4.05},{"type":"B","date":"2018-03-26T03:11:11.000Z","volume":446000,"label":" ","price":4.05},{"type":"B","date":"2018-03-26T03:13:00.000Z","volume":2000,"label":" ","price":4.04},{"type":"B","date":"2018-03-26T03:13:50.000Z","volume":12000,"label":" ","price":4.04},{"type":"A","date":"2018-03-26T03:14:37.000Z","volume":2000,"label":" ","price":4.05},{"type":"B","date":"2018-03-26T03:15:08.000Z","volume":100000,"label":" ","price":4.04},{"type":"A","date":"2018-03-26T03:15:11.000Z","volume":6000,"label":" ","price":4.05},{"type":"B","date":"2018-03-26T03:15:25.000Z","volume":6000,"label":" ","price":4.04},{"type":"B","date":"2018-03-26T03:16:18.000Z","volume":6000,"label":" ","price":4.04},{"type":"B","date":"2018-03-26T03:16:34.000Z","volume":20000,"label":" ","price":4.04},{"type":"A","date":"2018-03-26T03:16:41.000Z","volume":2000,"label":" ","price":4.05},{"type":"A","date":"2018-03-26T03:17:09.000Z","volume":20000,"label":" ","price":4.05},{"type":"A","date":"2018-03-26T03:17:11.000Z","volume":4000,"label":" ","price":4.05},{"type":"A","date":"2018-03-26T03:19:55.000Z","volume":70000,"label":" ","price":4.05},{"type":"A","date":"2018-03-26T03:19:57.000Z","volume":4000,"label":" ","price":4.05},{"type":"A","date":"2018-03-26T03:20:56.000Z","volume":20000,"label":" ","price":4.05},{"type":"B","date":"2018-03-26T03:21:14.000Z","volume":18000,"label":"Y","price":4.04},{"type":"B","date":"2018-03-26T03:21:14.000Z","volume":2000,"label":" ","price":4.04},{"type":"A","date":"2018-03-26T03:21:23.000Z","volume":2000,"label":" ","price":4.05},{"type":"B","date":"2018-03-26T03:24:58.000Z","volume":10000,"label":" ","price":4.04},{"type":"A","date":"2018-03-26T03:25:00.000Z","volume":2000,"label":" ","price":4.05},{"type":"A","date":"2018-03-26T03:25:26.000Z","volume":2000,"label":" ","price":4.05},{"type":"A","date":"2018-03-26T03:25:46.000Z","volume":2000,"label":" ","price":4.05},{"type":"U","date":"2018-03-26T03:25:52.000Z","volume":4000,"label":"X","price":4.045},{"type":"U","date":"2018-03-26T03:25:52.000Z","volume":4000,"label":"X","price":4.045},{"type":"U","date":"2018-03-26T03:25:52.000Z","volume":4000,"label":"X","price":4.045},{"type":"A","date":"2018-03-26T03:25:54.000Z","volume":14000,"label":" ","price":4.05},{"type":"A","date":"2018-03-26T03:25:56.000Z","volume":200000,"label":" ","price":4.05},{"type":"A","date":"2018-03-26T03:25:56.000Z","volume":4000,"label":"Y","price":4.05},{"type":"A","date":"2018-03-26T03:25:56.000Z","volume":92000,"label":" ","price":4.05},{"type":"A","date":"2018-03-26T03:25:56.000Z","volume":338000,"label":" ","price":4.05},{"type":"A","date":"2018-03-26T03:25:56.000Z","volume":96000,"label":" ","price":4.06},{"type":"U","date":"2018-03-26T03:25:58.000Z","volume":2000,"label":" ","price":4.06},{"type":"U","date":"2018-03-26T03:25:58.000Z","volume":2000,"label":" ","price":4.06},{"type":"A","date":"2018-03-26T03:26:00.000Z","volume":2000,"label":" ","price":4.07},{"type":"A","date":"2018-03-26T03:26:00.000Z","volume":2000,"label":" ","price":4.07},{"type":"B","date":"2018-03-26T03:26:01.000Z","volume":6000,"label":" ","price":4.06},{"type":"A","date":"2018-03-26T03:26:10.000Z","volume":2000,"label":" ","price":4.07},{"type":"B","date":"2018-03-26T03:26:16.000Z","volume":20000,"label":" ","price":4.06},{"type":"A","date":"2018-03-26T03:26:30.000Z","volume":2000,"label":" ","price":4.07},{"type":"A","date":"2018-03-26T03:26:54.000Z","volume":68000,"label":" ","price":4.07},{"type":"A","date":"2018-03-26T03:26:56.000Z","volume":2000,"label":" ","price":4.08},{"type":"B","date":"2018-03-26T03:27:27.000Z","volume":20000,"label":" ","price":4.07},{"type":"B","date":"2018-03-26T03:27:27.000Z","volume":4000,"label":" ","price":4.07},{"type":"B","date":"2018-03-26T03:27:39.000Z","volume":20000,"label":" ","price":4.07},{"type":"B","date":"2018-03-26T03:27:47.000Z","volume":40000,"label":" ","price":4.07},{"type":"B","date":"2018-03-26T03:27:52.000Z","volume":40000,"label":" ","price":4.07},{"type":"A","date":"2018-03-26T03:29:00.000Z","volume":2000,"label":" ","price":4.08},{"type":"B","date":"2018-03-26T03:29:03.000Z","volume":182000,"label":" ","price":4.07},{"type":"A","date":"2018-03-26T03:30:58.000Z","volume":66000,"label":" ","price":4.07},{"type":"A","date":"2018-03-26T03:30:58.000Z","volume":32000,"label":" ","price":4.07},{"type":"B","date":"2018-03-26T03:33:34.000Z","volume":30000,"label":" ","price":4.07},{"type":"U","date":"2018-03-26T03:34:02.000Z","volume":520,"label":"D","price":4.02},{"type":"B","date":"2018-03-26T03:34:52.000Z","volume":2000,"label":" ","price":4.07},{"type":"B","date":"2018-03-26T03:35:25.000Z","volume":40000,"label":" ","price":4.07},{"type":"B","date":"2018-03-26T03:35:48.000Z","volume":4000,"label":" ","price":4.07},{"type":"A","date":"2018-03-26T03:36:00.000Z","volume":2000,"label":" ","price":4.08},{"type":"A","date":"2018-03-26T03:38:40.000Z","volume":2000,"label":" ","price":4.08},{"type":"B","date":"2018-03-26T03:38:50.000Z","volume":216000,"label":" ","price":4.07},{"type":"B","date":"2018-03-26T03:38:50.000Z","volume":72000,"label":" ","price":4.06},{"type":"U","date":"2018-03-26T03:38:59.000Z","volume":16000,"label":" ","price":4.06},{"type":"A","date":"2018-03-26T03:39:00.000Z","volume":10000,"label":" ","price":4.07},{"type":"B","date":"2018-03-26T03:42:55.000Z","volume":80000,"label":" ","price":4.06},{"type":"A","date":"2018-03-26T03:43:07.000Z","volume":2000,"label":" ","price":4.07},{"type":"A","date":"2018-03-26T03:44:43.000Z","volume":2000,"label":" ","price":4.07},{"type":"A","date":"2018-03-26T03:46:58.000Z","volume":2000,"label":" ","price":4.07},{"type":"B","date":"2018-03-26T03:48:22.000Z","volume":258000,"label":" ","price":4.06},{"type":"B","date":"2018-03-26T03:49:37.000Z","volume":2000,"label":" ","price":4.05},{"type":"A","date":"2018-03-26T03:51:04.000Z","volume":2000,"label":" ","price":4.06},{"type":"B","date":"2018-03-26T03:51:55.000Z","volume":80000,"label":" ","price":4.05},{"type":"A","date":"2018-03-26T03:53:14.000Z","volume":2000,"label":" ","price":4.06},{"type":"A","date":"2018-03-26T03:54:09.000Z","volume":2000,"label":" ","price":4.06},{"type":"B","date":"2018-03-26T03:55:51.000Z","volume":4000,"label":" ","price":4.05},{"type":"B","date":"2018-03-26T03:55:58.000Z","volume":2000,"label":"Y","price":4.05},{"type":"B","date":"2018-03-26T03:57:13.000Z","volume":10000,"label":" ","price":4.05},{"type":"A","date":"2018-03-26T03:58:40.000Z","volume":2000,"label":" ","price":4.06},{"type":"A","date":"2018-03-26T03:58:40.000Z","volume":96000,"label":" ","price":4.06},{"type":"A","date":"2018-03-26T03:58:40.000Z","volume":4000,"label":" ","price":4.06},{"type":"A","date":"2018-03-26T03:58:42.000Z","volume":20000,"label":" ","price":4.06},{"type":"A","date":"2018-03-26T03:58:42.000Z","volume":96000,"label":" ","price":4.06},{"type":"A","date":"2018-03-26T03:58:42.000Z","volume":230000,"label":" ","price":4.06},{"type":"A","date":"2018-03-26T03:58:42.000Z","volume":46000,"label":" ","price":4.06},{"type":"B","date":"2018-03-26T03:58:42.000Z","volume":2000,"label":" ","price":4.06},{"type":"B","date":"2018-03-26T03:58:42.000Z","volume":2000,"label":" ","price":4.06},{"type":"B","date":"2018-03-26T03:58:42.000Z","volume":2000,"label":" ","price":4.06},{"type":"B","date":"2018-03-26T03:58:42.000Z","volume":2000,"label":" ","price":4.06},{"type":"A","date":"2018-03-26T03:58:46.000Z","volume":2000,"label":" ","price":4.07},{"type":"B","date":"2018-03-26T05:00:02.000Z","volume":4000,"label":" ","price":4.06},{"type":"B","date":"2018-03-26T05:00:02.000Z","volume":146000,"label":" ","price":4.06},{"type":"A","date":"2018-03-26T05:00:02.000Z","volume":2000,"label":" ","price":4.07},{"type":"A","date":"2018-03-26T05:00:04.000Z","volume":8000,"label":" ","price":4.06},{"type":"A","date":"2018-03-26T05:00:05.000Z","volume":4000,"label":" ","price":4.07},{"type":"A","date":"2018-03-26T05:00:55.000Z","volume":76000,"label":" ","price":4.06},{"type":"A","date":"2018-03-26T05:00:55.000Z","volume":4000,"label":" ","price":4.06},{"type":"A","date":"2018-03-26T05:00:55.000Z","volume":2000,"label":" ","price":4.06},{"type":"A","date":"2018-03-26T05:01:03.000Z","volume":14000,"label":" ","price":4.06},{"type":"A","date":"2018-03-26T05:01:07.000Z","volume":2000,"label":" ","price":4.06},{"type":"A","date":"2018-03-26T05:01:11.000Z","volume":40000,"label":" ","price":4.06},{"type":"U","date":"2018-03-26T05:01:12.000Z","volume":2000,"label":"X","price":4.055},{"type":"U","date":"2018-03-26T05:01:12.000Z","volume":2000,"label":"X","price":4.055},{"type":"U","date":"2018-03-26T05:01:12.000Z","volume":2000,"label":"X","price":4.055},{"type":"A","date":"2018-03-26T05:01:25.000Z","volume":212000,"label":" ","price":4.06},{"type":"B","date":"2018-03-26T05:01:25.000Z","volume":6000,"label":" ","price":4.06},{"type":"U","date":"2018-03-26T05:01:41.000Z","volume":8000,"label":" ","price":4.06},{"type":"U","date":"2018-03-26T05:01:41.000Z","volume":110000,"label":" ","price":4.06},{"type":"A","date":"2018-03-26T05:01:51.000Z","volume":4000,"label":" ","price":4.06},{"type":"A","date":"2018-03-26T05:01:51.000Z","volume":50000,"label":" ","price":4.06},{"type":"A","date":"2018-03-26T05:01:57.000Z","volume":22000,"label":" ","price":4.06},{"type":"U","date":"2018-03-26T05:02:21.000Z","volume":2000,"label":" ","price":4.06},{"type":"A","date":"2018-03-26T05:02:21.000Z","volume":2000,"label":" ","price":4.06},{"type":"U","date":"2018-03-26T05:03:35.000Z","volume":18000,"label":" ","price":4.06},{"type":"A","date":"2018-03-26T05:03:35.000Z","volume":2000,"label":" ","price":4.06},{"type":"A","date":"2018-03-26T05:03:36.000Z","volume":8000,"label":" ","price":4.06},{"type":"A","date":"2018-03-26T05:03:36.000Z","volume":8000,"label":" ","price":4.06},{"type":"A","date":"2018-03-26T05:03:45.000Z","volume":4000,"label":" ","price":4.06},{"type":"A","date":"2018-03-26T05:03:46.000Z","volume":2000,"label":" ","price":4.06},{"type":"A","date":"2018-03-26T05:03:46.000Z","volume":2000,"label":" ","price":4.06},{"type":"A","date":"2018-03-26T05:03:46.000Z","volume":2000,"label":" ","price":4.06},{"type":"A","date":"2018-03-26T05:06:04.000Z","volume":60000,"label":" ","price":4.06},{"type":"A","date":"2018-03-26T05:06:30.000Z","volume":10000,"label":" ","price":4.06},{"type":"A","date":"2018-03-26T05:06:37.000Z","volume":2000,"label":"Y","price":4.06},{"type":"A","date":"2018-03-26T05:06:37.000Z","volume":4000,"label":" ","price":4.06},{"type":"A","date":"2018-03-26T05:10:04.000Z","volume":4000,"label":" ","price":4.06},{"type":"B","date":"2018-03-26T05:10:06.000Z","volume":2000,"label":" ","price":4.05},{"type":"A","date":"2018-03-26T05:10:07.000Z","volume":10000,"label":" ","price":4.06},{"type":"A","date":"2018-03-26T05:10:14.000Z","volume":8000,"label":" ","price":4.06},{"type":"A","date":"2018-03-26T05:10:21.000Z","volume":6000,"label":" ","price":4.06},{"type":"A","date":"2018-03-26T05:10:31.000Z","volume":2000,"label":" ","price":4.06},{"type":"U","date":"2018-03-26T05:11:49.000Z","volume":85,"label":"D","price":4.11},{"type":"A","date":"2018-03-26T05:15:23.000Z","volume":2000,"label":" ","price":4.06},{"type":"A","date":"2018-03-26T05:15:32.000Z","volume":158000,"label":" ","price":4.06},{"type":"B","date":"2018-03-26T05:16:15.000Z","volume":20000,"label":" ","price":4.06},{"type":"A","date":"2018-03-26T05:22:59.000Z","volume":4000,"label":" ","price":4.07},{"type":"A","date":"2018-03-26T05:25:23.000Z","volume":12000,"label":" ","price":4.07},{"type":"A","date":"2018-03-26T05:25:45.000Z","volume":10000,"label":" ","price":4.07},{"type":"A","date":"2018-03-26T05:26:57.000Z","volume":400000,"label":" ","price":4.07},{"type":"A","date":"2018-03-26T05:26:57.000Z","volume":140000,"label":" ","price":4.07},{"type":"A","date":"2018-03-26T05:26:57.000Z","volume":78000,"label":" ","price":4.07},{"type":"A","date":"2018-03-26T05:26:57.000Z","volume":8000,"label":" ","price":4.07},{"type":"A","date":"2018-03-26T05:27:39.000Z","volume":50000,"label":" ","price":4.08},{"type":"A","date":"2018-03-26T05:27:42.000Z","volume":2000,"label":" ","price":4.08},{"type":"A","date":"2018-03-26T05:28:12.000Z","volume":10000,"label":" ","price":4.08},{"type":"A","date":"2018-03-26T05:28:13.000Z","volume":6000,"label":" ","price":4.08},{"type":"B","date":"2018-03-26T05:28:18.000Z","volume":2000,"label":" ","price":4.07},{"type":"A","date":"2018-03-26T05:29:39.000Z","volume":2000,"label":" ","price":4.08},{"type":"B","date":"2018-03-26T05:29:45.000Z","volume":2000,"label":" ","price":4.07},{"type":"B","date":"2018-03-26T05:31:41.000Z","volume":2000,"label":" ","price":4.07},{"type":"A","date":"2018-03-26T05:32:57.000Z","volume":14000,"label":" ","price":4.08},{"type":"B","date":"2018-03-26T05:33:08.000Z","volume":2000,"label":" ","price":4.07},{"type":"B","date":"2018-03-26T05:33:28.000Z","volume":2000,"label":" ","price":4.07},{"type":"A","date":"2018-03-26T05:33:37.000Z","volume":42000,"label":" ","price":4.08},{"type":"B","date":"2018-03-26T05:34:27.000Z","volume":10000,"label":" ","price":4.07},{"type":"B","date":"2018-03-26T05:35:04.000Z","volume":2000,"label":" ","price":4.07},{"type":"B","date":"2018-03-26T05:36:31.000Z","volume":2000,"label":" ","price":4.07},{"type":"A","date":"2018-03-26T05:37:41.000Z","volume":14000,"label":" ","price":4.08},{"type":"B","date":"2018-03-26T05:38:27.000Z","volume":2000,"label":" ","price":4.07},{"type":"B","date":"2018-03-26T05:39:54.000Z","volume":2000,"label":" ","price":4.07},{"type":"B","date":"2018-03-26T05:41:37.000Z","volume":2000,"label":" ","price":4.07},{"type":"B","date":"2018-03-26T05:41:50.000Z","volume":2000,"label":" ","price":4.07},{"type":"B","date":"2018-03-26T05:42:20.000Z","volume":2000,"label":"Y","price":4.07},{"type":"A","date":"2018-03-26T05:42:25.000Z","volume":12000,"label":" ","price":4.08},{"type":"A","date":"2018-03-26T05:42:36.000Z","volume":4000,"label":" ","price":4.08},{"type":"B","date":"2018-03-26T05:43:17.000Z","volume":2000,"label":" ","price":4.07},{"type":"A","date":"2018-03-26T05:43:39.000Z","volume":2000,"label":" ","price":4.08},{"type":"A","date":"2018-03-26T05:45:10.000Z","volume":8000,"label":" ","price":4.08},{"type":"B","date":"2018-03-26T05:45:13.000Z","volume":2000,"label":" ","price":4.07},{"type":"A","date":"2018-03-26T05:46:33.000Z","volume":2000,"label":" ","price":4.08},{"type":"B","date":"2018-03-26T05:46:40.000Z","volume":2000,"label":" ","price":4.07},{"type":"B","date":"2018-03-26T05:47:28.000Z","volume":2000,"label":" ","price":4.07},{"type":"A","date":"2018-03-26T05:47:38.000Z","volume":10000,"label":" ","price":4.08},{"type":"B","date":"2018-03-26T05:48:09.000Z","volume":14000,"label":" ","price":4.07},{"type":"B","date":"2018-03-26T05:48:37.000Z","volume":2000,"label":" ","price":4.07},{"type":"A","date":"2018-03-26T05:49:17.000Z","volume":2000,"label":" ","price":4.08},{"type":"B","date":"2018-03-26T05:49:23.000Z","volume":20000,"label":" ","price":4.07},{"type":"B","date":"2018-03-26T05:50:33.000Z","volume":2000,"label":" ","price":4.07},{"type":"B","date":"2018-03-26T05:50:36.000Z","volume":2000,"label":" ","price":4.07},{"type":"B","date":"2018-03-26T05:50:46.000Z","volume":10000,"label":" ","price":4.07},{"type":"B","date":"2018-03-26T05:52:00.000Z","volume":2000,"label":" ","price":4.07},{"type":"B","date":"2018-03-26T05:53:38.000Z","volume":2000,"label":" ","price":4.07},{"type":"A","date":"2018-03-26T05:53:47.000Z","volume":2000,"label":" ","price":4.08},{"type":"A","date":"2018-03-26T05:53:51.000Z","volume":2000,"label":" ","price":4.08},{"type":"B","date":"2018-03-26T05:53:56.000Z","volume":2000,"label":" ","price":4.07},{"type":"B","date":"2018-03-26T05:54:11.000Z","volume":12000,"label":" ","price":4.07},{"type":"A","date":"2018-03-26T05:54:15.000Z","volume":6000,"label":" ","price":4.08},{"type":"A","date":"2018-03-26T05:55:06.000Z","volume":4000,"label":" ","price":4.08},{"type":"B","date":"2018-03-26T05:55:23.000Z","volume":2000,"label":" ","price":4.07},{"type":"B","date":"2018-03-26T05:55:40.000Z","volume":2000,"label":" ","price":4.07},{"type":"B","date":"2018-03-26T05:56:12.000Z","volume":8000,"label":"Y","price":4.07},{"type":"B","date":"2018-03-26T05:56:12.000Z","volume":4000,"label":" ","price":4.07},{"type":"B","date":"2018-03-26T05:56:46.000Z","volume":10000,"label":" ","price":4.07},{"type":"A","date":"2018-03-26T05:56:59.000Z","volume":2000,"label":" ","price":4.08},{"type":"B","date":"2018-03-26T05:57:03.000Z","volume":2000,"label":" ","price":4.07},{"type":"B","date":"2018-03-26T05:57:19.000Z","volume":2000,"label":" ","price":4.07},{"type":"B","date":"2018-03-26T05:59:15.000Z","volume":2000,"label":" ","price":4.07},{"type":"A","date":"2018-03-26T05:59:18.000Z","volume":2000,"label":" ","price":4.08},{"type":"B","date":"2018-03-26T05:59:22.000Z","volume":10000,"label":" ","price":4.07},{"type":"B","date":"2018-03-26T05:59:53.000Z","volume":2000,"label":" ","price":4.07},{"type":"A","date":"2018-03-26T06:00:24.000Z","volume":2000,"label":" ","price":4.08},{"type":"B","date":"2018-03-26T06:00:42.000Z","volume":2000,"label":" ","price":4.07},{"type":"A","date":"2018-03-26T06:01:17.000Z","volume":2000,"label":" ","price":4.08},{"type":"B","date":"2018-03-26T06:01:47.000Z","volume":2000,"label":" ","price":4.07},{"type":"B","date":"2018-03-26T06:01:51.000Z","volume":2000,"label":" ","price":4.07},{"type":"B","date":"2018-03-26T06:02:49.000Z","volume":2000,"label":" ","price":4.07},{"type":"A","date":"2018-03-26T06:03:20.000Z","volume":2000,"label":" ","price":4.08},{"type":"B","date":"2018-03-26T06:03:34.000Z","volume":12000,"label":" ","price":4.07},{"type":"B","date":"2018-03-26T06:03:47.000Z","volume":2000,"label":" ","price":4.07},{"type":"B","date":"2018-03-26T06:04:19.000Z","volume":8000,"label":" ","price":4.07},{"type":"B","date":"2018-03-26T06:04:53.000Z","volume":2000,"label":" ","price":4.07},{"type":"B","date":"2018-03-26T06:05:14.000Z","volume":2000,"label":" ","price":4.07},{"type":"B","date":"2018-03-26T06:06:12.000Z","volume":2000,"label":" ","price":4.07},{"type":"A","date":"2018-03-26T06:06:38.000Z","volume":100000,"label":" ","price":4.08},{"type":"A","date":"2018-03-26T06:06:39.000Z","volume":2000,"label":" ","price":4.08},{"type":"B","date":"2018-03-26T06:07:10.000Z","volume":2000,"label":" ","price":4.07},{"type":"B","date":"2018-03-26T06:07:28.000Z","volume":2000,"label":" ","price":4.07},{"type":"A","date":"2018-03-26T06:07:40.000Z","volume":2000,"label":" ","price":4.08},{"type":"B","date":"2018-03-26T06:08:38.000Z","volume":2000,"label":" ","price":4.07},{"type":"A","date":"2018-03-26T06:08:56.000Z","volume":2000,"label":" ","price":4.08},{"type":"B","date":"2018-03-26T06:09:07.000Z","volume":2000,"label":" ","price":4.07},{"type":"A","date":"2018-03-26T06:09:14.000Z","volume":4000,"label":" ","price":4.08},{"type":"B","date":"2018-03-26T06:09:35.000Z","volume":2000,"label":" ","price":4.07},{"type":"B","date":"2018-03-26T06:10:23.000Z","volume":4000,"label":" ","price":4.07},{"type":"B","date":"2018-03-26T06:10:33.000Z","volume":2000,"label":" ","price":4.07},{"type":"B","date":"2018-03-26T06:10:34.000Z","volume":10000,"label":" ","price":4.07},{"type":"B","date":"2018-03-26T06:11:18.000Z","volume":2000,"label":" ","price":4.07},{"type":"B","date":"2018-03-26T06:12:00.000Z","volume":2000,"label":" ","price":4.07},{"type":"B","date":"2018-03-26T06:12:58.000Z","volume":2000,"label":" ","price":4.07},{"type":"B","date":"2018-03-26T06:13:56.000Z","volume":2000,"label":" ","price":4.07},{"type":"B","date":"2018-03-26T06:14:11.000Z","volume":10000,"label":" ","price":4.07},{"type":"B","date":"2018-03-26T06:14:15.000Z","volume":4000,"label":" ","price":4.07},{"type":"A","date":"2018-03-26T06:14:41.000Z","volume":4000,"label":" ","price":4.08},{"type":"A","date":"2018-03-26T06:14:41.000Z","volume":4000,"label":" ","price":4.08},{"type":"B","date":"2018-03-26T06:14:45.000Z","volume":2000,"label":" ","price":4.07},{"type":"B","date":"2018-03-26T06:14:51.000Z","volume":582000,"label":" ","price":4.07},{"type":"B","date":"2018-03-26T06:14:51.000Z","volume":70000,"label":" ","price":4.07},{"type":"B","date":"2018-03-26T06:14:53.000Z","volume":2000,"label":" ","price":4.06},{"type":"B","date":"2018-03-26T06:14:56.000Z","volume":4000,"label":" ","price":4.06},{"type":"A","date":"2018-03-26T06:14:59.000Z","volume":50000,"label":" ","price":4.07},{"type":"B","date":"2018-03-26T06:15:15.000Z","volume":2000,"label":" ","price":4.06},{"type":"B","date":"2018-03-26T06:15:22.000Z","volume":2000,"label":" ","price":4.06},{"type":"B","date":"2018-03-26T06:15:23.000Z","volume":2000,"label":" ","price":4.06},{"type":"B","date":"2018-03-26T06:16:21.000Z","volume":2000,"label":" ","price":4.06},{"type":"B","date":"2018-03-26T06:16:55.000Z","volume":6000,"label":" ","price":4.06},{"type":"B","date":"2018-03-26T06:17:08.000Z","volume":2000,"label":" ","price":4.06},{"type":"B","date":"2018-03-26T06:17:16.000Z","volume":16000,"label":" ","price":4.06},{"type":"B","date":"2018-03-26T06:17:16.000Z","volume":6000,"label":" ","price":4.06},{"type":"B","date":"2018-03-26T06:17:37.000Z","volume":4000,"label":" ","price":4.06},{"type":"B","date":"2018-03-26T06:17:49.000Z","volume":2000,"label":" ","price":4.06},{"type":"B","date":"2018-03-26T06:18:27.000Z","volume":10000,"label":" ","price":4.06},{"type":"B","date":"2018-03-26T06:18:46.000Z","volume":2000,"label":" ","price":4.06},{"type":"B","date":"2018-03-26T06:18:47.000Z","volume":2000,"label":" ","price":4.06},{"type":"B","date":"2018-03-26T06:19:33.000Z","volume":22000,"label":" ","price":4.06},{"type":"B","date":"2018-03-26T06:19:45.000Z","volume":2000,"label":" ","price":4.06},{"type":"B","date":"2018-03-26T06:20:03.000Z","volume":2000,"label":" ","price":4.06},{"type":"B","date":"2018-03-26T06:20:25.000Z","volume":2000,"label":" ","price":4.06},{"type":"B","date":"2018-03-26T06:20:33.000Z","volume":6000,"label":" ","price":4.06},{"type":"B","date":"2018-03-26T06:21:12.000Z","volume":2000,"label":" ","price":4.06},{"type":"B","date":"2018-03-26T06:21:58.000Z","volume":2000,"label":" ","price":4.06},{"type":"B","date":"2018-03-26T06:22:05.000Z","volume":4000,"label":" ","price":4.06},{"type":"B","date":"2018-03-26T06:22:10.000Z","volume":2000,"label":" ","price":4.06},{"type":"B","date":"2018-03-26T06:22:11.000Z","volume":4000,"label":" ","price":4.06},{"type":"A","date":"2018-03-26T06:23:16.000Z","volume":60000,"label":" ","price":4.07},{"type":"B","date":"2018-03-26T06:23:37.000Z","volume":2000,"label":" ","price":4.06},{"type":"B","date":"2018-03-26T06:23:56.000Z","volume":2000,"label":" ","price":4.06},{"type":"B","date":"2018-03-26T06:24:27.000Z","volume":6000,"label":" ","price":4.06},{"type":"B","date":"2018-03-26T06:24:35.000Z","volume":2000,"label":" ","price":4.06},{"type":"A","date":"2018-03-26T06:24:52.000Z","volume":24000,"label":"Y","price":4.07},{"type":"A","date":"2018-03-26T06:24:52.000Z","volume":996000,"label":" ","price":4.07},{"type":"B","date":"2018-03-26T06:24:52.000Z","volume":4000,"label":" ","price":4.07},{"type":"A","date":"2018-03-26T06:25:50.000Z","volume":12000,"label":" ","price":4.08},{"type":"A","date":"2018-03-26T06:25:50.000Z","volume":60000,"label":" ","price":4.08},{"type":"A","date":"2018-03-26T06:25:50.000Z","volume":154000,"label":" ","price":4.08},{"type":"B","date":"2018-03-26T06:26:02.000Z","volume":2000,"label":" ","price":4.08},{"type":"B","date":"2018-03-26T06:26:02.000Z","volume":188000,"label":" ","price":4.08},{"type":"B","date":"2018-03-26T06:26:02.000Z","volume":24000,"label":" ","price":4.08},{"type":"U","date":"2018-03-26T06:26:02.000Z","volume":28000,"label":" ","price":4.08},{"type":"A","date":"2018-03-26T06:26:41.000Z","volume":12000,"label":" ","price":4.08},{"type":"U","date":"2018-03-26T06:26:57.000Z","volume":6000,"label":" ","price":4.08},{"type":"B","date":"2018-03-26T06:27:00.000Z","volume":2000,"label":" ","price":4.08},{"type":"B","date":"2018-03-26T06:27:58.000Z","volume":2000,"label":" ","price":4.08},{"type":"B","date":"2018-03-26T06:28:08.000Z","volume":100000,"label":" ","price":4.08},{"type":"B","date":"2018-03-26T06:28:24.000Z","volume":90000,"label":" ","price":4.08},{"type":"B","date":"2018-03-26T06:29:25.000Z","volume":2000,"label":" ","price":4.08},{"type":"B","date":"2018-03-26T06:29:34.000Z","volume":2000,"label":" ","price":4.08},{"type":"B","date":"2018-03-26T06:30:21.000Z","volume":54000,"label":" ","price":4.08},{"type":"B","date":"2018-03-26T06:30:21.000Z","volume":46000,"label":" ","price":4.07},{"type":"U","date":"2018-03-26T06:30:23.000Z","volume":2000,"label":" ","price":4.08},{"type":"B","date":"2018-03-26T06:30:52.000Z","volume":18000,"label":" ","price":4.08},{"type":"B","date":"2018-03-26T06:31:50.000Z","volume":2000,"label":" ","price":4.08},{"type":"B","date":"2018-03-26T06:31:58.000Z","volume":100000,"label":" ","price":4.08},{"type":"B","date":"2018-03-26T06:32:48.000Z","volume":2000,"label":" ","price":4.08},{"type":"B","date":"2018-03-26T06:33:04.000Z","volume":20000,"label":" ","price":4.08},{"type":"B","date":"2018-03-26T06:33:46.000Z","volume":2000,"label":" ","price":4.08},{"type":"B","date":"2018-03-26T06:34:12.000Z","volume":100000,"label":" ","price":4.08},{"type":"B","date":"2018-03-26T06:34:12.000Z","volume":144000,"label":" ","price":4.08},{"type":"B","date":"2018-03-26T06:34:12.000Z","volume":22000,"label":" ","price":4.08},{"type":"A","date":"2018-03-26T06:34:35.000Z","volume":100000,"label":" ","price":4.08},{"type":"A","date":"2018-03-26T06:34:35.000Z","volume":70000,"label":" ","price":4.08},{"type":"B","date":"2018-03-26T06:34:35.000Z","volume":2000,"label":" ","price":4.08},{"type":"B","date":"2018-03-26T06:34:54.000Z","volume":10000,"label":" ","price":4.08},{"type":"B","date":"2018-03-26T06:35:13.000Z","volume":2000,"label":" ","price":4.08},{"type":"B","date":"2018-03-26T06:36:07.000Z","volume":2000,"label":" ","price":4.08},{"type":"B","date":"2018-03-26T06:36:11.000Z","volume":2000,"label":" ","price":4.08},{"type":"B","date":"2018-03-26T06:37:09.000Z","volume":100000,"label":" ","price":4.08},{"type":"B","date":"2018-03-26T06:37:38.000Z","volume":2000,"label":" ","price":4.08},{"type":"B","date":"2018-03-26T06:37:50.000Z","volume":10000,"label":" ","price":4.08},{"type":"B","date":"2018-03-26T06:37:55.000Z","volume":50000,"label":" ","price":4.08},{"type":"B","date":"2018-03-26T06:37:55.000Z","volume":6000,"label":" ","price":4.08},{"type":"B","date":"2018-03-26T06:38:00.000Z","volume":10000,"label":" ","price":4.08},{"type":"U","date":"2018-03-26T06:38:09.000Z","volume":1020,"label":"D","price":4.04},{"type":"B","date":"2018-03-26T06:38:36.000Z","volume":2000,"label":" ","price":4.08},{"type":"B","date":"2018-03-26T06:39:34.000Z","volume":2000,"label":" ","price":4.08},{"type":"B","date":"2018-03-26T06:41:01.000Z","volume":2000,"label":" ","price":4.08},{"type":"B","date":"2018-03-26T06:41:59.000Z","volume":2000,"label":" ","price":4.08},{"type":"B","date":"2018-03-26T06:42:03.000Z","volume":20000,"label":" ","price":4.08},{"type":"B","date":"2018-03-26T06:43:26.000Z","volume":2000,"label":" ","price":4.08},{"type":"B","date":"2018-03-26T06:44:24.000Z","volume":2000,"label":" ","price":4.08},{"type":"B","date":"2018-03-26T06:45:22.000Z","volume":2000,"label":" ","price":4.08},{"type":"B","date":"2018-03-26T06:46:50.000Z","volume":2000,"label":" ","price":4.08},{"type":"B","date":"2018-03-26T06:47:48.000Z","volume":2000,"label":" ","price":4.08},{"type":"A","date":"2018-03-26T06:48:24.000Z","volume":2000,"label":" ","price":4.09},{"type":"B","date":"2018-03-26T06:48:46.000Z","volume":2000,"label":" ","price":4.08},{"type":"B","date":"2018-03-26T06:49:08.000Z","volume":200000,"label":" ","price":4.08},{"type":"A","date":"2018-03-26T06:49:10.000Z","volume":2000,"label":" ","price":4.09},{"type":"B","date":"2018-03-26T06:50:13.000Z","volume":2000,"label":" ","price":4.08},{"type":"A","date":"2018-03-26T06:50:48.000Z","volume":10000,"label":" ","price":4.09},{"type":"B","date":"2018-03-26T06:51:11.000Z","volume":2000,"label":" ","price":4.08},{"type":"B","date":"2018-03-26T06:51:32.000Z","volume":20000,"label":" ","price":4.08},{"type":"B","date":"2018-03-26T06:52:09.000Z","volume":2000,"label":" ","price":4.08},{"type":"A","date":"2018-03-26T06:52:37.000Z","volume":16000,"label":" ","price":4.09},{"type":"B","date":"2018-03-26T06:53:00.000Z","volume":36000,"label":" ","price":4.08},{"type":"B","date":"2018-03-26T06:53:36.000Z","volume":2000,"label":" ","price":4.08},{"type":"B","date":"2018-03-26T06:54:34.000Z","volume":2000,"label":" ","price":4.08},{"type":"B","date":"2018-03-26T06:55:27.000Z","volume":10000,"label":" ","price":4.08},{"type":"B","date":"2018-03-26T06:55:32.000Z","volume":2000,"label":" ","price":4.08},{"type":"B","date":"2018-03-26T06:56:59.000Z","volume":2000,"label":" ","price":4.08},{"type":"B","date":"2018-03-26T06:57:57.000Z","volume":2000,"label":" ","price":4.08},{"type":"B","date":"2018-03-26T06:58:24.000Z","volume":4000,"label":" ","price":4.08},{"type":"B","date":"2018-03-26T06:58:38.000Z","volume":2000,"label":" ","price":4.08},{"type":"B","date":"2018-03-26T06:59:24.000Z","volume":2000,"label":" ","price":4.08},{"type":"B","date":"2018-03-26T07:00:16.000Z","volume":2000,"label":" ","price":4.08},{"type":"B","date":"2018-03-26T07:00:22.000Z","volume":2000,"label":" ","price":4.08},{"type":"B","date":"2018-03-26T07:01:40.000Z","volume":2000,"label":"Y","price":4.08},{"type":"B","date":"2018-03-26T07:01:49.000Z","volume":2000,"label":" ","price":4.08},{"type":"B","date":"2018-03-26T07:02:43.000Z","volume":2000,"label":" ","price":4.08},{"type":"B","date":"2018-03-26T07:02:47.000Z","volume":2000,"label":" ","price":4.08},{"type":"B","date":"2018-03-26T07:04:14.000Z","volume":2000,"label":" ","price":4.08},{"type":"A","date":"2018-03-26T07:04:51.000Z","volume":2000,"label":" ","price":4.09},{"type":"B","date":"2018-03-26T07:05:03.000Z","volume":2000,"label":" ","price":4.08},{"type":"B","date":"2018-03-26T07:05:12.000Z","volume":2000,"label":" ","price":4.08},{"type":"B","date":"2018-03-26T07:06:39.000Z","volume":2000,"label":" ","price":4.08},{"type":"B","date":"2018-03-26T07:06:43.000Z","volume":2000,"label":" ","price":4.08},{"type":"B","date":"2018-03-26T07:07:37.000Z","volume":2000,"label":" ","price":4.08},{"type":"A","date":"2018-03-26T07:07:46.000Z","volume":2000,"label":" ","price":4.09},{"type":"A","date":"2018-03-26T07:08:08.000Z","volume":6000,"label":"Y","price":4.09},{"type":"A","date":"2018-03-26T07:08:08.000Z","volume":24000,"label":" ","price":4.09},{"type":"A","date":"2018-03-26T07:08:32.000Z","volume":4000,"label":" ","price":4.09},{"type":"B","date":"2018-03-26T07:09:04.000Z","volume":2000,"label":" ","price":4.08},{"type":"B","date":"2018-03-26T07:09:05.000Z","volume":2000,"label":" ","price":4.08},{"type":"A","date":"2018-03-26T07:09:10.000Z","volume":2000,"label":"Y","price":4.09},{"type":"A","date":"2018-03-26T07:09:10.000Z","volume":2000,"label":" ","price":4.09},{"type":"B","date":"2018-03-26T07:10:02.000Z","volume":2000,"label":" ","price":4.08},{"type":"B","date":"2018-03-26T07:10:20.000Z","volume":2000,"label":" ","price":4.08},{"type":"B","date":"2018-03-26T07:11:01.000Z","volume":2000,"label":" ","price":4.08},{"type":"A","date":"2018-03-26T07:11:09.000Z","volume":2000,"label":" ","price":4.09},{"type":"B","date":"2018-03-26T07:11:29.000Z","volume":2000,"label":" ","price":4.08},{"type":"A","date":"2018-03-26T07:11:38.000Z","volume":10000,"label":" ","price":4.09},{"type":"A","date":"2018-03-26T07:11:39.000Z","volume":18000,"label":" ","price":4.09},{"type":"A","date":"2018-03-26T07:12:00.000Z","volume":10000,"label":" ","price":4.09},{"type":"B","date":"2018-03-26T07:12:27.000Z","volume":2000,"label":" ","price":4.08},{"type":"A","date":"2018-03-26T07:12:30.000Z","volume":10000,"label":" ","price":4.09},{"type":"A","date":"2018-03-26T07:12:56.000Z","volume":8000,"label":" ","price":4.09},{"type":"A","date":"2018-03-26T07:13:05.000Z","volume":4000,"label":" ","price":4.09},{"type":"A","date":"2018-03-26T07:13:30.000Z","volume":12000,"label":" ","price":4.09},{"type":"A","date":"2018-03-26T07:13:38.000Z","volume":20000,"label":" ","price":4.09},{"type":"B","date":"2018-03-26T07:13:39.000Z","volume":14000,"label":" ","price":4.08},{"type":"B","date":"2018-03-26T07:13:54.000Z","volume":2000,"label":" ","price":4.08},{"type":"A","date":"2018-03-26T07:14:00.000Z","volume":8000,"label":" ","price":4.09},{"type":"A","date":"2018-03-26T07:14:01.000Z","volume":14000,"label":" ","price":4.09},{"type":"B","date":"2018-03-26T07:14:11.000Z","volume":2000,"label":" ","price":4.08},{"type":"A","date":"2018-03-26T07:14:27.000Z","volume":10000,"label":" ","price":4.09},{"type":"B","date":"2018-03-26T07:14:52.000Z","volume":2000,"label":" ","price":4.08},{"type":"A","date":"2018-03-26T07:14:53.000Z","volume":8000,"label":" ","price":4.09},{"type":"A","date":"2018-03-26T07:15:19.000Z","volume":8000,"label":" ","price":4.09},{"type":"B","date":"2018-03-26T07:15:33.000Z","volume":2000,"label":" ","price":4.08},{"type":"A","date":"2018-03-26T07:15:45.000Z","volume":8000,"label":" ","price":4.09},{"type":"A","date":"2018-03-26T07:15:45.000Z","volume":2000,"label":" ","price":4.09},{"type":"B","date":"2018-03-26T07:15:50.000Z","volume":2000,"label":" ","price":4.08},{"type":"B","date":"2018-03-26T07:15:54.000Z","volume":100000,"label":" ","price":4.08},{"type":"B","date":"2018-03-26T07:16:05.000Z","volume":2000,"label":" ","price":4.08},{"type":"B","date":"2018-03-26T07:16:10.000Z","volume":2000,"label":"Y","price":4.08},{"type":"A","date":"2018-03-26T07:16:11.000Z","volume":10000,"label":" ","price":4.09},{"type":"B","date":"2018-03-26T07:16:30.000Z","volume":2000,"label":" ","price":4.08},{"type":"A","date":"2018-03-26T07:16:37.000Z","volume":8000,"label":" ","price":4.09},{"type":"A","date":"2018-03-26T07:17:03.000Z","volume":8000,"label":" ","price":4.09},{"type":"B","date":"2018-03-26T07:17:17.000Z","volume":2000,"label":" ","price":4.08},{"type":"A","date":"2018-03-26T07:17:29.000Z","volume":8000,"label":" ","price":4.09},{"type":"A","date":"2018-03-26T07:18:00.000Z","volume":10000,"label":" ","price":4.09},{"type":"B","date":"2018-03-26T07:18:15.000Z","volume":2000,"label":" ","price":4.08},{"type":"A","date":"2018-03-26T07:18:20.000Z","volume":10000,"label":" ","price":4.09},{"type":"A","date":"2018-03-26T07:18:40.000Z","volume":10000,"label":" ","price":4.09},{"type":"A","date":"2018-03-26T07:18:45.000Z","volume":12000,"label":" ","price":4.09},{"type":"A","date":"2018-03-26T07:19:00.000Z","volume":10000,"label":" ","price":4.09},{"type":"A","date":"2018-03-26T07:19:12.000Z","volume":100000,"label":" ","price":4.09},{"type":"B","date":"2018-03-26T07:19:13.000Z","volume":2000,"label":" ","price":4.08},{"type":"B","date":"2018-03-26T07:19:18.000Z","volume":4000,"label":" ","price":4.08},{"type":"B","date":"2018-03-26T07:19:25.000Z","volume":4000,"label":" ","price":4.08},{"type":"A","date":"2018-03-26T07:19:30.000Z","volume":8000,"label":" ","price":4.09},{"type":"A","date":"2018-03-26T07:19:42.000Z","volume":100000,"label":" ","price":4.09},{"type":"A","date":"2018-03-26T07:19:52.000Z","volume":8000,"label":" ","price":4.09},{"type":"A","date":"2018-03-26T07:20:18.000Z","volume":8000,"label":" ","price":4.09},{"type":"A","date":"2018-03-26T07:20:18.000Z","volume":2000,"label":" ","price":4.09},{"type":"A","date":"2018-03-26T07:20:57.000Z","volume":12000,"label":" ","price":4.09},{"type":"A","date":"2018-03-26T07:21:23.000Z","volume":10000,"label":" ","price":4.09},{"type":"A","date":"2018-03-26T07:22:00.000Z","volume":12000,"label":" ","price":4.09},{"type":"A","date":"2018-03-26T07:22:03.000Z","volume":6000,"label":" ","price":4.09},{"type":"A","date":"2018-03-26T07:22:03.000Z","volume":4000,"label":" ","price":4.09},{"type":"B","date":"2018-03-26T07:22:07.000Z","volume":10000,"label":" ","price":4.08},{"type":"A","date":"2018-03-26T07:22:28.000Z","volume":8000,"label":" ","price":4.09},{"type":"A","date":"2018-03-26T07:22:54.000Z","volume":8000,"label":" ","price":4.09},{"type":"B","date":"2018-03-26T07:22:56.000Z","volume":4000,"label":" ","price":4.08},{"type":"A","date":"2018-03-26T07:23:20.000Z","volume":10000,"label":" ","price":4.09},{"type":"A","date":"2018-03-26T07:23:30.000Z","volume":110000,"label":" ","price":4.09},{"type":"A","date":"2018-03-26T07:23:30.000Z","volume":4000,"label":" ","price":4.09},{"type":"A","date":"2018-03-26T07:23:46.000Z","volume":8000,"label":" ","price":4.09},{"type":"A","date":"2018-03-26T07:23:53.000Z","volume":18000,"label":" ","price":4.09},{"type":"A","date":"2018-03-26T07:23:53.000Z","volume":592000,"label":" ","price":4.09},{"type":"A","date":"2018-03-26T07:24:12.000Z","volume":8000,"label":" ","price":4.1},{"type":"A","date":"2018-03-26T07:24:38.000Z","volume":8000,"label":" ","price":4.1},{"type":"A","date":"2018-03-26T07:24:45.000Z","volume":6000,"label":" ","price":4.1},{"type":"A","date":"2018-03-26T07:24:56.000Z","volume":10000,"label":" ","price":4.1},{"type":"B","date":"2018-03-26T07:24:57.000Z","volume":2000,"label":" ","price":4.09},{"type":"A","date":"2018-03-26T07:25:04.000Z","volume":10000,"label":" ","price":4.1},{"type":"A","date":"2018-03-26T07:25:20.000Z","volume":8000,"label":" ","price":4.1},{"type":"A","date":"2018-03-26T07:25:40.000Z","volume":8000,"label":" ","price":4.1},{"type":"A","date":"2018-03-26T07:25:56.000Z","volume":8000,"label":" ","price":4.1},{"type":"B","date":"2018-03-26T07:26:18.000Z","volume":2000,"label":" ","price":4.09},{"type":"A","date":"2018-03-26T07:26:22.000Z","volume":10000,"label":" ","price":4.1},{"type":"A","date":"2018-03-26T07:26:48.000Z","volume":8000,"label":" ","price":4.1},{"type":"A","date":"2018-03-26T07:27:14.000Z","volume":8000,"label":" ","price":4.1},{"type":"A","date":"2018-03-26T07:27:40.000Z","volume":8000,"label":" ","price":4.1},{"type":"B","date":"2018-03-26T07:27:41.000Z","volume":28000,"label":" ","price":4.09},{"type":"A","date":"2018-03-26T07:28:00.000Z","volume":8000,"label":" ","price":4.1},{"type":"A","date":"2018-03-26T07:28:30.000Z","volume":8000,"label":" ","price":4.1},{"type":"A","date":"2018-03-26T07:28:44.000Z","volume":4000,"label":" ","price":4.1},{"type":"A","date":"2018-03-26T07:28:58.000Z","volume":10000,"label":" ","price":4.1},{"type":"A","date":"2018-03-26T07:29:24.000Z","volume":8000,"label":" ","price":4.1},{"type":"A","date":"2018-03-26T07:30:00.000Z","volume":12000,"label":" ","price":4.1},{"type":"A","date":"2018-03-26T07:30:29.000Z","volume":10000,"label":" ","price":4.1},{"type":"A","date":"2018-03-26T07:31:00.000Z","volume":10000,"label":" ","price":4.1},{"type":"A","date":"2018-03-26T07:31:30.000Z","volume":6000,"label":"Y","price":4.1},{"type":"A","date":"2018-03-26T07:31:30.000Z","volume":2000,"label":" ","price":4.1},{"type":"A","date":"2018-03-26T07:32:00.000Z","volume":10000,"label":"Y","price":4.1},{"type":"A","date":"2018-03-26T07:32:20.000Z","volume":4000,"label":"Y","price":4.1},{"type":"A","date":"2018-03-26T07:32:20.000Z","volume":6000,"label":" ","price":4.1},{"type":"A","date":"2018-03-26T07:32:20.000Z","volume":2000,"label":" ","price":4.1},{"type":"B","date":"2018-03-26T07:32:35.000Z","volume":4000,"label":" ","price":4.09},{"type":"A","date":"2018-03-26T07:32:39.000Z","volume":10000,"label":" ","price":4.1},{"type":"A","date":"2018-03-26T07:33:00.000Z","volume":10000,"label":" ","price":4.1},{"type":"A","date":"2018-03-26T07:33:30.000Z","volume":10000,"label":" ","price":4.1},{"type":"B","date":"2018-03-26T07:33:52.000Z","volume":14000,"label":" ","price":4.09},{"type":"B","date":"2018-03-26T07:33:57.000Z","volume":10000,"label":" ","price":4.09},{"type":"A","date":"2018-03-26T07:34:00.000Z","volume":8000,"label":" ","price":4.1},{"type":"A","date":"2018-03-26T07:34:23.000Z","volume":8000,"label":" ","price":4.1},{"type":"A","date":"2018-03-26T07:34:49.000Z","volume":8000,"label":" ","price":4.1},{"type":"A","date":"2018-03-26T07:35:04.000Z","volume":6000,"label":" ","price":4.1},{"type":"B","date":"2018-03-26T07:35:14.000Z","volume":100000,"label":" ","price":4.09},{"type":"A","date":"2018-03-26T07:35:15.000Z","volume":2000,"label":" ","price":4.1},{"type":"B","date":"2018-03-26T07:35:22.000Z","volume":2000,"label":" ","price":4.09},{"type":"B","date":"2018-03-26T07:35:30.000Z","volume":4000,"label":" ","price":4.09},{"type":"B","date":"2018-03-26T07:36:00.000Z","volume":4000,"label":" ","price":4.09},{"type":"A","date":"2018-03-26T07:36:07.000Z","volume":8000,"label":" ","price":4.1},{"type":"A","date":"2018-03-26T07:36:30.000Z","volume":8000,"label":" ","price":4.1},{"type":"B","date":"2018-03-26T07:36:41.000Z","volume":2000,"label":" ","price":4.09},{"type":"B","date":"2018-03-26T07:36:52.000Z","volume":16000,"label":" ","price":4.09},{"type":"A","date":"2018-03-26T07:36:59.000Z","volume":8000,"label":" ","price":4.1},{"type":"A","date":"2018-03-26T07:37:25.000Z","volume":10000,"label":" ","price":4.1},{"type":"A","date":"2018-03-26T07:37:51.000Z","volume":8000,"label":" ","price":4.1},{"type":"A","date":"2018-03-26T07:38:17.000Z","volume":8000,"label":" ","price":4.1},{"type":"A","date":"2018-03-26T07:38:23.000Z","volume":28000,"label":" ","price":4.1},{"type":"U","date":"2018-03-26T07:38:32.000Z","volume":22000,"label":"X","price":4.095},{"type":"A","date":"2018-03-26T07:38:43.000Z","volume":8000,"label":" ","price":4.1},{"type":"A","date":"2018-03-26T07:39:09.000Z","volume":8000,"label":" ","price":4.1},{"type":"A","date":"2018-03-26T07:39:30.000Z","volume":232000,"label":" ","price":4.1},{"type":"A","date":"2018-03-26T07:39:30.000Z","volume":2000,"label":" ","price":4.1},{"type":"A","date":"2018-03-26T07:39:31.000Z","volume":28000,"label":" ","price":4.1},{"type":"B","date":"2018-03-26T07:39:52.000Z","volume":14000,"label":" ","price":4.09},{"type":"A","date":"2018-03-26T07:39:58.000Z","volume":10000,"label":" ","price":4.1},{"type":"A","date":"2018-03-26T07:40:17.000Z","volume":28000,"label":" ","price":4.1},{"type":"A","date":"2018-03-26T07:40:17.000Z","volume":4000,"label":" ","price":4.1},{"type":"B","date":"2018-03-26T07:42:19.000Z","volume":120000,"label":" ","price":4.09},{"type":"B","date":"2018-03-26T07:42:52.000Z","volume":16000,"label":" ","price":4.09},{"type":"A","date":"2018-03-26T07:44:00.000Z","volume":10000,"label":" ","price":4.1},{"type":"B","date":"2018-03-26T07:44:00.000Z","volume":2000,"label":" ","price":4.09},{"type":"A","date":"2018-03-26T07:44:04.000Z","volume":22000,"label":" ","price":4.1},{"type":"B","date":"2018-03-26T07:45:21.000Z","volume":2000,"label":" ","price":4.09},{"type":"B","date":"2018-03-26T07:45:23.000Z","volume":4000,"label":" ","price":4.09},{"type":"B","date":"2018-03-26T07:45:23.000Z","volume":10000,"label":" ","price":4.09},{"type":"B","date":"2018-03-26T07:45:52.000Z","volume":14000,"label":" ","price":4.09},{"type":"B","date":"2018-03-26T07:46:18.000Z","volume":2000,"label":" ","price":4.09},{"type":"A","date":"2018-03-26T07:46:20.000Z","volume":2000,"label":" ","price":4.1},{"type":"B","date":"2018-03-26T07:46:25.000Z","volume":10000,"label":" ","price":4.09},{"type":"B","date":"2018-03-26T07:46:28.000Z","volume":20000,"label":" ","price":4.09},{"type":"A","date":"2018-03-26T07:47:00.000Z","volume":10000,"label":" ","price":4.1},{"type":"A","date":"2018-03-26T07:47:26.000Z","volume":20000,"label":" ","price":4.1},{"type":"B","date":"2018-03-26T07:47:28.000Z","volume":4000,"label":" ","price":4.09},{"type":"A","date":"2018-03-26T07:47:31.000Z","volume":2000,"label":" ","price":4.1},{"type":"A","date":"2018-03-26T07:47:39.000Z","volume":4000,"label":" ","price":4.1},{"type":"A","date":"2018-03-26T07:47:53.000Z","volume":2000,"label":" ","price":4.1},{"type":"B","date":"2018-03-26T07:48:03.000Z","volume":2000,"label":" ","price":4.09},{"type":"A","date":"2018-03-26T07:48:12.000Z","volume":4000,"label":" ","price":4.1},{"type":"A","date":"2018-03-26T07:48:14.000Z","volume":10000,"label":" ","price":4.1},{"type":"A","date":"2018-03-26T07:48:19.000Z","volume":14000,"label":" ","price":4.1},{"type":"B","date":"2018-03-26T07:48:22.000Z","volume":50000,"label":" ","price":4.09},{"type":"B","date":"2018-03-26T07:48:28.000Z","volume":8000,"label":" ","price":4.09},{"type":"B","date":"2018-03-26T07:48:42.000Z","volume":2000,"label":" ","price":4.09},{"type":"B","date":"2018-03-26T07:48:46.000Z","volume":2000,"label":" ","price":4.09},{"type":"B","date":"2018-03-26T07:48:49.000Z","volume":2000,"label":" ","price":4.09},{"type":"B","date":"2018-03-26T07:49:22.000Z","volume":4000,"label":" ","price":4.09},{"type":"B","date":"2018-03-26T07:49:33.000Z","volume":2000,"label":" ","price":4.09},{"type":"A","date":"2018-03-26T07:50:00.000Z","volume":10000,"label":" ","price":4.1},{"type":"B","date":"2018-03-26T07:50:22.000Z","volume":2000,"label":" ","price":4.09},{"type":"B","date":"2018-03-26T07:51:12.000Z","volume":4000,"label":" ","price":4.09},{"type":"B","date":"2018-03-26T07:51:12.000Z","volume":2000,"label":" ","price":4.09},{"type":"A","date":"2018-03-26T07:51:12.000Z","volume":4000,"label":" ","price":4.1},{"type":"B","date":"2018-03-26T07:51:49.000Z","volume":2000,"label":"Y","price":4.09},{"type":"A","date":"2018-03-26T07:52:00.000Z","volume":2000,"label":" ","price":4.1},{"type":"A","date":"2018-03-26T07:52:51.000Z","volume":10000,"label":" ","price":4.1},{"type":"A","date":"2018-03-26T07:53:00.000Z","volume":10000,"label":" ","price":4.1},{"type":"A","date":"2018-03-26T07:53:25.000Z","volume":8000,"label":" ","price":4.1},{"type":"B","date":"2018-03-26T07:53:26.000Z","volume":48000,"label":"Y","price":4.09},{"type":"B","date":"2018-03-26T07:53:26.000Z","volume":52000,"label":" ","price":4.09},{"type":"B","date":"2018-03-26T07:53:41.000Z","volume":2000,"label":" ","price":4.09},{"type":"B","date":"2018-03-26T07:53:55.000Z","volume":8000,"label":" ","price":4.09},{"type":"A","date":"2018-03-26T07:54:14.000Z","volume":100000,"label":" ","price":4.1},{"type":"A","date":"2018-03-26T07:54:29.000Z","volume":6000,"label":" ","price":4.1},{"type":"B","date":"2018-03-26T07:54:43.000Z","volume":4000,"label":" ","price":4.09},{"type":"B","date":"2018-03-26T07:55:14.000Z","volume":228000,"label":" ","price":4.09},{"type":"B","date":"2018-03-26T07:55:14.000Z","volume":6000,"label":" ","price":4.08},{"type":"B","date":"2018-03-26T07:55:14.000Z","volume":4000,"label":" ","price":4.08},{"type":"B","date":"2018-03-26T07:55:14.000Z","volume":4000,"label":" ","price":4.08},{"type":"B","date":"2018-03-26T07:55:15.000Z","volume":2000,"label":" ","price":4.08},{"type":"B","date":"2018-03-26T07:55:52.000Z","volume":2000,"label":" ","price":4.08},{"type":"B","date":"2018-03-26T07:55:55.000Z","volume":2000,"label":"Y","price":4.08},{"type":"B","date":"2018-03-26T07:56:37.000Z","volume":2000,"label":" ","price":4.08},{"type":"B","date":"2018-03-26T07:57:07.000Z","volume":2000,"label":" ","price":4.08},{"type":"A","date":"2018-03-26T07:57:27.000Z","volume":4000,"label":" ","price":4.09},{"type":"B","date":"2018-03-26T07:57:36.000Z","volume":2000,"label":" ","price":4.08},{"type":"B","date":"2018-03-26T07:58:02.000Z","volume":2000,"label":" ","price":4.08},{"type":"B","date":"2018-03-26T07:58:10.000Z","volume":6000,"label":" ","price":4.08},{"type":"B","date":"2018-03-26T07:58:19.000Z","volume":2000,"label":" ","price":4.08},{"type":"A","date":"2018-03-26T07:58:30.000Z","volume":2000,"label":" ","price":4.09},{"type":"A","date":"2018-03-26T07:58:31.000Z","volume":10000,"label":" ","price":4.09},{"type":"B","date":"2018-03-26T07:58:31.000Z","volume":30000,"label":" ","price":4.08},{"type":"A","date":"2018-03-26T07:58:37.000Z","volume":2000,"label":" ","price":4.09},{"type":"B","date":"2018-03-26T07:58:38.000Z","volume":2000,"label":" ","price":4.08},{"type":"B","date":"2018-03-26T07:58:50.000Z","volume":2000,"label":" ","price":4.08},{"type":"B","date":"2018-03-26T07:58:50.000Z","volume":2000,"label":" ","price":4.08},{"type":"B","date":"2018-03-26T07:58:53.000Z","volume":2000,"label":" ","price":4.08},{"type":"A","date":"2018-03-26T07:58:53.000Z","volume":2000,"label":" ","price":4.09},{"type":"B","date":"2018-03-26T07:59:01.000Z","volume":2000,"label":" ","price":4.08},{"type":"A","date":"2018-03-26T07:59:01.000Z","volume":16000,"label":" ","price":4.09},{"type":"B","date":"2018-03-26T07:59:02.000Z","volume":2000,"label":" ","price":4.08},{"type":"A","date":"2018-03-26T07:59:02.000Z","volume":2000,"label":" ","price":4.09},{"type":"B","date":"2018-03-26T07:59:02.000Z","volume":2000,"label":" ","price":4.08},{"type":"A","date":"2018-03-26T07:59:03.000Z","volume":4000,"label":" ","price":4.09},{"type":"A","date":"2018-03-26T07:59:03.000Z","volume":4000,"label":" ","price":4.09},{"type":"A","date":"2018-03-26T07:59:03.000Z","volume":16000,"label":" ","price":4.09},{"type":"A","date":"2018-03-26T07:59:06.000Z","volume":4000,"label":" ","price":4.09},{"type":"A","date":"2018-03-26T07:59:07.000Z","volume":2000,"label":" ","price":4.09},{"type":"A","date":"2018-03-26T07:59:08.000Z","volume":2000,"label":" ","price":4.09},{"type":"A","date":"2018-03-26T07:59:11.000Z","volume":12000,"label":" ","price":4.09},{"type":"A","date":"2018-03-26T07:59:11.000Z","volume":2000,"label":" ","price":4.09},{"type":"A","date":"2018-03-26T07:59:18.000Z","volume":8000,"label":" ","price":4.09},{"type":"A","date":"2018-03-26T07:59:21.000Z","volume":200000,"label":" ","price":4.09},{"type":"A","date":"2018-03-26T07:59:23.000Z","volume":2000,"label":" ","price":4.09},{"type":"A","date":"2018-03-26T07:59:23.000Z","volume":8000,"label":" ","price":4.09},{"type":"A","date":"2018-03-26T07:59:23.000Z","volume":56000,"label":" ","price":4.09},{"type":"A","date":"2018-03-26T07:59:25.000Z","volume":12000,"label":" ","price":4.09},{"type":"A","date":"2018-03-26T07:59:28.000Z","volume":8000,"label":" ","price":4.09},{"type":"A","date":"2018-03-26T07:59:29.000Z","volume":2000,"label":" ","price":4.09},{"type":"A","date":"2018-03-26T07:59:30.000Z","volume":2000,"label":" ","price":4.09},{"type":"A","date":"2018-03-26T07:59:37.000Z","volume":10000,"label":" ","price":4.09},{"type":"A","date":"2018-03-26T07:59:51.000Z","volume":2000,"label":" ","price":4.09},{"type":"A","date":"2018-03-26T07:59:55.000Z","volume":2000,"label":" ","price":4.09},{"type":"A","date":"2018-03-26T07:59:56.000Z","volume":8000,"label":" ","price":4.09},{"type":"U","date":"2018-03-26T08:08:01.000Z","volume":1936000,"label":"U","price":4.1}]