[{"type":"A","date":"2018-04-24T01:30:35.000Z","volume":500,"label":" ","price":23.2},{"type":"U","date":"2018-04-24T01:30:57.000Z","volume":3000,"label":" ","price":23.15},{"type":"A","date":"2018-04-24T01:30:57.000Z","volume":500,"label":" ","price":23.2},{"type":"A","date":"2018-04-24T01:30:58.000Z","volume":1000,"label":" ","price":23.2},{"type":"A","date":"2018-04-24T01:30:59.000Z","volume":500,"label":" ","price":23.15},{"type":"A","date":"2018-04-24T01:30:59.000Z","volume":500,"label":" ","price":23.15},{"type":"B","date":"2018-04-24T01:30:59.000Z","volume":1000,"label":"Y","price":23.1},{"type":"A","date":"2018-04-24T01:30:59.000Z","volume":500,"label":" ","price":23.15},{"type":"B","date":"2018-04-24T01:30:59.000Z","volume":500,"label":"Y","price":23.1},{"type":"B","date":"2018-04-24T01:30:59.000Z","volume":500,"label":" ","price":23.1},{"type":"B","date":"2018-04-24T01:30:59.000Z","volume":1000,"label":" ","price":23.1},{"type":"B","date":"2018-04-24T01:30:59.000Z","volume":500,"label":" ","price":23.1},{"type":"B","date":"2018-04-24T01:30:59.000Z","volume":500,"label":"Y","price":23.1},{"type":"B","date":"2018-04-24T01:30:59.000Z","volume":500,"label":" ","price":23.1},{"type":"B","date":"2018-04-24T01:30:59.000Z","volume":1000,"label":" ","price":23.1},{"type":"B","date":"2018-04-24T01:31:00.000Z","volume":500,"label":" ","price":23.1},{"type":"A","date":"2018-04-24T01:31:00.000Z","volume":1000,"label":" ","price":23.1},{"type":"A","date":"2018-04-24T01:31:00.000Z","volume":500,"label":" ","price":23.1},{"type":"A","date":"2018-04-24T01:31:00.000Z","volume":1500,"label":" ","price":23.2},{"type":"U","date":"2018-04-24T01:31:04.000Z","volume":500,"label":" ","price":23.15},{"type":"A","date":"2018-04-24T01:31:04.000Z","volume":500,"label":" ","price":23.2},{"type":"A","date":"2018-04-24T01:31:09.000Z","volume":1500,"label":" ","price":23.2},{"type":"A","date":"2018-04-24T01:31:09.000Z","volume":500,"label":" ","price":23.2},{"type":"A","date":"2018-04-24T01:31:09.000Z","volume":500,"label":" ","price":23.2},{"type":"A","date":"2018-04-24T01:31:10.000Z","volume":1000,"label":" ","price":23.2},{"type":"A","date":"2018-04-24T01:31:10.000Z","volume":500,"label":" ","price":23.2},{"type":"B","date":"2018-04-24T01:31:11.000Z","volume":500,"label":" ","price":23.15},{"type":"B","date":"2018-04-24T01:31:11.000Z","volume":500,"label":" ","price":23.15},{"type":"U","date":"2018-04-24T01:31:11.000Z","volume":500,"label":"X","price":23.15},{"type":"U","date":"2018-04-24T01:31:11.000Z","volume":500,"label":"X","price":23.175},{"type":"U","date":"2018-04-24T01:31:11.000Z","volume":500,"label":"X","price":23.175},{"type":"U","date":"2018-04-24T01:31:11.000Z","volume":500,"label":"X","price":23.15},{"type":"U","date":"2018-04-24T01:31:11.000Z","volume":500,"label":"X","price":23.175},{"type":"U","date":"2018-04-24T01:31:26.000Z","volume":500,"label":"X","price":23.175},{"type":"U","date":"2018-04-24T01:31:26.000Z","volume":500,"label":"X","price":23.175},{"type":"U","date":"2018-04-24T01:31:26.000Z","volume":500,"label":"X","price":23.15},{"type":"B","date":"2018-04-24T01:32:31.000Z","volume":500,"label":" ","price":23.15},{"type":"B","date":"2018-04-24T01:32:31.000Z","volume":500,"label":" ","price":23.15},{"type":"B","date":"2018-04-24T01:32:31.000Z","volume":8000,"label":" ","price":23.15},{"type":"B","date":"2018-04-24T01:32:31.000Z","volume":1000,"label":" ","price":23.15},{"type":"B","date":"2018-04-24T01:32:31.000Z","volume":500,"label":" ","price":23.15},{"type":"B","date":"2018-04-24T01:32:31.000Z","volume":3000,"label":" ","price":23.15},{"type":"B","date":"2018-04-24T01:32:31.000Z","volume":1000,"label":" ","price":23.15},{"type":"B","date":"2018-04-24T01:32:31.000Z","volume":4500,"label":" ","price":23.15},{"type":"A","date":"2018-04-24T01:32:32.000Z","volume":500,"label":" ","price":23.2},{"type":"B","date":"2018-04-24T01:32:32.000Z","volume":3500,"label":" ","price":23.1},{"type":"B","date":"2018-04-24T01:32:32.000Z","volume":1000,"label":" ","price":23.1},{"type":"B","date":"2018-04-24T01:32:36.000Z","volume":500,"label":"Y","price":23.05},{"type":"B","date":"2018-04-24T01:32:36.000Z","volume":500,"label":" ","price":23.05},{"type":"A","date":"2018-04-24T01:32:37.000Z","volume":500,"label":" ","price":23.2},{"type":"U","date":"2018-04-24T01:32:41.000Z","volume":500,"label":"X","price":23.15},{"type":"U","date":"2018-04-24T01:32:41.000Z","volume":2000,"label":"X","price":23.175},{"type":"B","date":"2018-04-24T01:34:05.000Z","volume":500,"label":"Y","price":23.05},{"type":"B","date":"2018-04-24T01:34:09.000Z","volume":500,"label":" ","price":23.1},{"type":"B","date":"2018-04-24T01:35:18.000Z","volume":5000,"label":" ","price":23.1},{"type":"B","date":"2018-04-24T01:35:19.000Z","volume":500,"label":" ","price":22.6},{"type":"U","date":"2018-04-24T01:35:26.000Z","volume":500,"label":"X","price":23.175},{"type":"U","date":"2018-04-24T01:36:41.000Z","volume":23500,"label":"X","price":23.175},{"type":"A","date":"2018-04-24T01:36:43.000Z","volume":5500,"label":" ","price":23.15},{"type":"A","date":"2018-04-24T01:36:44.000Z","volume":1000,"label":" ","price":23.15},{"type":"A","date":"2018-04-24T01:37:10.000Z","volume":500,"label":" ","price":23.15},{"type":"B","date":"2018-04-24T01:38:16.000Z","volume":7500,"label":" ","price":23.1},{"type":"B","date":"2018-04-24T01:38:17.000Z","volume":1500,"label":" ","price":23.05},{"type":"A","date":"2018-04-24T01:40:13.000Z","volume":2000,"label":" ","price":23.1},{"type":"A","date":"2018-04-24T01:40:13.000Z","volume":24000,"label":" ","price":23.1},{"type":"B","date":"2018-04-24T01:40:13.000Z","volume":500,"label":"Y","price":23.05},{"type":"B","date":"2018-04-24T01:40:13.000Z","volume":500,"label":" ","price":23.05},{"type":"A","date":"2018-04-24T01:40:14.000Z","volume":3500,"label":" ","price":23.15},{"type":"A","date":"2018-04-24T01:40:19.000Z","volume":1500,"label":" ","price":23.15},{"type":"U","date":"2018-04-24T01:40:21.000Z","volume":2000,"label":" ","price":23.1},{"type":"A","date":"2018-04-24T01:40:23.000Z","volume":1500,"label":" ","price":23.15},{"type":"A","date":"2018-04-24T01:42:12.000Z","volume":10500,"label":" ","price":23.15},{"type":"A","date":"2018-04-24T01:42:12.000Z","volume":14500,"label":" ","price":23.2},{"type":"A","date":"2018-04-24T01:42:12.000Z","volume":4000,"label":" ","price":23.25},{"type":"A","date":"2018-04-24T01:42:13.000Z","volume":2500,"label":" ","price":23.3},{"type":"A","date":"2018-04-24T01:42:13.000Z","volume":500,"label":" ","price":23.35},{"type":"B","date":"2018-04-24T01:42:15.000Z","volume":1000,"label":" ","price":23.35},{"type":"B","date":"2018-04-24T01:42:16.000Z","volume":1000,"label":" ","price":23.35},{"type":"A","date":"2018-04-24T01:42:16.000Z","volume":500,"label":" ","price":23.4},{"type":"B","date":"2018-04-24T01:42:21.000Z","volume":1500,"label":" ","price":23.35},{"type":"B","date":"2018-04-24T01:42:36.000Z","volume":1000,"label":" ","price":23.3},{"type":"B","date":"2018-04-24T01:42:39.000Z","volume":5000,"label":" ","price":23.25},{"type":"B","date":"2018-04-24T01:42:39.000Z","volume":500,"label":" ","price":23.2},{"type":"A","date":"2018-04-24T01:42:42.000Z","volume":500,"label":" ","price":23.3},{"type":"B","date":"2018-04-24T01:43:01.000Z","volume":2000,"label":" ","price":23.2},{"type":"U","date":"2018-04-24T01:43:02.000Z","volume":3500,"label":" ","price":23.2},{"type":"B","date":"2018-04-24T01:43:04.000Z","volume":1000,"label":" ","price":23.15},{"type":"A","date":"2018-04-24T01:47:05.000Z","volume":10000,"label":" ","price":23.25},{"type":"A","date":"2018-04-24T01:47:05.000Z","volume":500,"label":" ","price":23.25},{"type":"A","date":"2018-04-24T01:47:06.000Z","volume":1000,"label":" ","price":23.3},{"type":"U","date":"2018-04-24T01:48:05.000Z","volume":500,"label":"X","price":23.225},{"type":"A","date":"2018-04-24T01:48:22.000Z","volume":500,"label":" ","price":23.3},{"type":"A","date":"2018-04-24T01:49:05.000Z","volume":500,"label":" ","price":23.3},{"type":"A","date":"2018-04-24T01:49:25.000Z","volume":1000,"label":" ","price":23.3},{"type":"A","date":"2018-04-24T01:49:26.000Z","volume":500,"label":" ","price":23.3},{"type":"A","date":"2018-04-24T01:49:27.000Z","volume":1000,"label":" ","price":23.3},{"type":"U","date":"2018-04-24T01:49:56.000Z","volume":1000,"label":"X","price":23.275},{"type":"A","date":"2018-04-24T01:50:25.000Z","volume":500,"label":" ","price":23.3},{"type":"A","date":"2018-04-24T01:50:48.000Z","volume":500,"label":" ","price":23.3},{"type":"A","date":"2018-04-24T01:50:48.000Z","volume":1000,"label":" ","price":23.3},{"type":"A","date":"2018-04-24T01:51:05.000Z","volume":500,"label":" ","price":23.3},{"type":"A","date":"2018-04-24T01:51:05.000Z","volume":9500,"label":" ","price":23.3},{"type":"A","date":"2018-04-24T01:51:05.000Z","volume":500,"label":" ","price":23.35},{"type":"A","date":"2018-04-24T01:51:06.000Z","volume":1500,"label":" ","price":23.35},{"type":"A","date":"2018-04-24T01:51:08.000Z","volume":500,"label":" ","price":23.35},{"type":"A","date":"2018-04-24T01:51:47.000Z","volume":500,"label":" ","price":23.35},{"type":"A","date":"2018-04-24T01:51:49.000Z","volume":2000,"label":" ","price":23.35},{"type":"A","date":"2018-04-24T01:51:50.000Z","volume":500,"label":" ","price":23.35},{"type":"A","date":"2018-04-24T01:51:50.000Z","volume":11000,"label":" ","price":23.35},{"type":"A","date":"2018-04-24T01:51:51.000Z","volume":1000,"label":" ","price":23.4},{"type":"A","date":"2018-04-24T01:51:54.000Z","volume":500,"label":" ","price":23.4},{"type":"A","date":"2018-04-24T01:51:55.000Z","volume":500,"label":" ","price":23.4},{"type":"A","date":"2018-04-24T01:51:58.000Z","volume":500,"label":" ","price":23.4},{"type":"A","date":"2018-04-24T01:52:10.000Z","volume":2000,"label":" ","price":23.4},{"type":"B","date":"2018-04-24T01:52:48.000Z","volume":2000,"label":" ","price":23.35},{"type":"U","date":"2018-04-24T01:52:48.000Z","volume":500,"label":"X","price":23.35},{"type":"A","date":"2018-04-24T01:52:49.000Z","volume":500,"label":" ","price":23.4},{"type":"A","date":"2018-04-24T01:53:07.000Z","volume":500,"label":" ","price":23.4},{"type":"A","date":"2018-04-24T01:53:44.000Z","volume":500,"label":" ","price":23.4},{"type":"A","date":"2018-04-24T01:54:27.000Z","volume":500,"label":" ","price":23.4},{"type":"A","date":"2018-04-24T01:55:51.000Z","volume":500,"label":" ","price":23.4},{"type":"A","date":"2018-04-24T01:55:51.000Z","volume":4000,"label":" ","price":23.4},{"type":"B","date":"2018-04-24T01:55:51.000Z","volume":500,"label":" ","price":23.35},{"type":"A","date":"2018-04-24T01:55:52.000Z","volume":23500,"label":" ","price":23.4},{"type":"A","date":"2018-04-24T01:55:52.000Z","volume":27000,"label":" ","price":23.45},{"type":"A","date":"2018-04-24T01:55:52.000Z","volume":7000,"label":" ","price":23.5},{"type":"A","date":"2018-04-24T01:55:52.000Z","volume":5000,"label":" ","price":23.5},{"type":"A","date":"2018-04-24T01:55:54.000Z","volume":1500,"label":" ","price":23.6},{"type":"U","date":"2018-04-24T01:55:56.000Z","volume":500,"label":"X","price":23.35},{"type":"A","date":"2018-04-24T01:55:57.000Z","volume":500,"label":" ","price":23.6},{"type":"A","date":"2018-04-24T01:56:08.000Z","volume":1000,"label":" ","price":23.6},{"type":"U","date":"2018-04-24T01:56:16.000Z","volume":500,"label":"X","price":23.392},{"type":"U","date":"2018-04-24T01:56:30.000Z","volume":112,"label":"D","price":23.3},{"type":"U","date":"2018-04-24T01:56:33.000Z","volume":500,"label":"X","price":23.6},{"type":"A","date":"2018-04-24T01:56:36.000Z","volume":500,"label":"Y","price":23.6},{"type":"A","date":"2018-04-24T01:57:18.000Z","volume":500,"label":" ","price":23.6},{"type":"A","date":"2018-04-24T01:57:27.000Z","volume":1500,"label":" ","price":23.6},{"type":"B","date":"2018-04-24T01:57:29.000Z","volume":10000,"label":" ","price":23.55},{"type":"B","date":"2018-04-24T01:57:29.000Z","volume":3000,"label":" ","price":23.55},{"type":"A","date":"2018-04-24T01:57:31.000Z","volume":500,"label":" ","price":23.55},{"type":"A","date":"2018-04-24T01:57:32.000Z","volume":15500,"label":" ","price":23.6},{"type":"B","date":"2018-04-24T01:57:34.000Z","volume":3000,"label":" ","price":23.6},{"type":"B","date":"2018-04-24T01:57:35.000Z","volume":25000,"label":" ","price":23.6},{"type":"B","date":"2018-04-24T01:57:35.000Z","volume":11500,"label":" ","price":23.6},{"type":"A","date":"2018-04-24T01:57:37.000Z","volume":500,"label":" ","price":23.65},{"type":"A","date":"2018-04-24T01:59:32.000Z","volume":500,"label":" ","price":23.65},{"type":"B","date":"2018-04-24T01:59:41.000Z","volume":3000,"label":" ","price":23.6},{"type":"B","date":"2018-04-24T01:59:41.000Z","volume":2000,"label":" ","price":23.6},{"type":"A","date":"2018-04-24T01:59:42.000Z","volume":500,"label":" ","price":23.65},{"type":"U","date":"2018-04-24T01:59:57.000Z","volume":2500,"label":"X","price":23.6},{"type":"A","date":"2018-04-24T02:00:38.000Z","volume":54000,"label":" ","price":23.65},{"type":"A","date":"2018-04-24T02:00:45.000Z","volume":40000,"label":" ","price":23.7},{"type":"A","date":"2018-04-24T02:00:45.000Z","volume":8500,"label":" ","price":23.7},{"type":"A","date":"2018-04-24T02:00:47.000Z","volume":2000,"label":" ","price":23.75},{"type":"A","date":"2018-04-24T02:00:47.000Z","volume":5500,"label":" ","price":23.75},{"type":"B","date":"2018-04-24T02:00:50.000Z","volume":1000,"label":" ","price":23.75},{"type":"B","date":"2018-04-24T02:00:54.000Z","volume":500,"label":"Y","price":23.75},{"type":"B","date":"2018-04-24T02:00:54.000Z","volume":3500,"label":" ","price":23.75},{"type":"B","date":"2018-04-24T02:00:54.000Z","volume":1500,"label":" ","price":23.75},{"type":"A","date":"2018-04-24T02:00:55.000Z","volume":20000,"label":" ","price":23.8},{"type":"A","date":"2018-04-24T02:00:55.000Z","volume":9000,"label":" ","price":23.8},{"type":"A","date":"2018-04-24T02:01:09.000Z","volume":2500,"label":" ","price":23.85},{"type":"A","date":"2018-04-24T02:01:09.000Z","volume":7500,"label":" ","price":23.9},{"type":"A","date":"2018-04-24T02:01:10.000Z","volume":2500,"label":" ","price":23.9},{"type":"U","date":"2018-04-24T02:01:11.000Z","volume":500,"label":" ","price":23.9},{"type":"B","date":"2018-04-24T02:01:18.000Z","volume":3500,"label":" ","price":23.9},{"type":"B","date":"2018-04-24T02:01:18.000Z","volume":500,"label":" ","price":23.9},{"type":"B","date":"2018-04-24T02:01:18.000Z","volume":500,"label":" ","price":23.9},{"type":"B","date":"2018-04-24T02:01:18.000Z","volume":11500,"label":" ","price":23.85},{"type":"B","date":"2018-04-24T02:01:18.000Z","volume":1500,"label":"Y","price":23.9},{"type":"A","date":"2018-04-24T02:01:19.000Z","volume":1500,"label":"Y","price":23.9},{"type":"A","date":"2018-04-24T02:01:23.000Z","volume":1000,"label":" ","price":23.85},{"type":"B","date":"2018-04-24T02:01:37.000Z","volume":3500,"label":"Y","price":23.8},{"type":"B","date":"2018-04-24T02:01:37.000Z","volume":1500,"label":" ","price":23.8},{"type":"B","date":"2018-04-24T02:01:37.000Z","volume":1000,"label":" ","price":23.8},{"type":"B","date":"2018-04-24T02:01:37.000Z","volume":2500,"label":" ","price":23.75},{"type":"B","date":"2018-04-24T02:01:37.000Z","volume":1000,"label":" ","price":23.75},{"type":"A","date":"2018-04-24T02:02:22.000Z","volume":500,"label":" ","price":23.75},{"type":"A","date":"2018-04-24T02:02:53.000Z","volume":2000,"label":" ","price":23.75},{"type":"A","date":"2018-04-24T02:02:53.000Z","volume":1500,"label":" ","price":23.75},{"type":"A","date":"2018-04-24T02:02:55.000Z","volume":3000,"label":" ","price":23.8},{"type":"B","date":"2018-04-24T02:03:53.000Z","volume":4500,"label":" ","price":23.75},{"type":"B","date":"2018-04-24T02:03:53.000Z","volume":2000,"label":" ","price":23.75},{"type":"B","date":"2018-04-24T02:04:51.000Z","volume":4000,"label":"Y","price":23.7},{"type":"B","date":"2018-04-24T02:04:51.000Z","volume":500,"label":" ","price":23.7},{"type":"B","date":"2018-04-24T02:06:02.000Z","volume":4000,"label":" ","price":23.65},{"type":"B","date":"2018-04-24T02:06:02.000Z","volume":1500,"label":" ","price":23.65},{"type":"U","date":"2018-04-24T02:06:07.000Z","volume":1500,"label":" ","price":23.65},{"type":"A","date":"2018-04-24T02:06:11.000Z","volume":500,"label":" ","price":23.65},{"type":"B","date":"2018-04-24T02:06:58.000Z","volume":500,"label":" ","price":23.6},{"type":"A","date":"2018-04-24T02:06:58.000Z","volume":3000,"label":" ","price":23.65},{"type":"B","date":"2018-04-24T02:07:00.000Z","volume":3000,"label":" ","price":23.7},{"type":"B","date":"2018-04-24T02:07:03.000Z","volume":4000,"label":" ","price":23.65},{"type":"B","date":"2018-04-24T02:09:44.000Z","volume":6000,"label":" ","price":23.6},{"type":"U","date":"2018-04-24T02:10:37.000Z","volume":1000,"label":"X","price":23.73},{"type":"B","date":"2018-04-24T02:12:37.000Z","volume":3500,"label":" ","price":23.55},{"type":"A","date":"2018-04-24T02:12:39.000Z","volume":5000,"label":" ","price":23.6},{"type":"A","date":"2018-04-24T02:13:26.000Z","volume":500,"label":" ","price":23.6},{"type":"A","date":"2018-04-24T02:13:26.000Z","volume":9500,"label":" ","price":23.6},{"type":"A","date":"2018-04-24T02:13:26.000Z","volume":2000,"label":" ","price":23.6},{"type":"A","date":"2018-04-24T02:13:31.000Z","volume":1500,"label":" ","price":23.6},{"type":"A","date":"2018-04-24T02:13:54.000Z","volume":8500,"label":" ","price":23.6},{"type":"B","date":"2018-04-24T02:13:54.000Z","volume":2500,"label":" ","price":23.6},{"type":"B","date":"2018-04-24T02:14:02.000Z","volume":2500,"label":" ","price":23.6},{"type":"B","date":"2018-04-24T02:14:04.000Z","volume":500,"label":" ","price":23.6},{"type":"B","date":"2018-04-24T02:14:17.000Z","volume":1500,"label":" ","price":23.6},{"type":"A","date":"2018-04-24T02:15:24.000Z","volume":3000,"label":" ","price":23.65},{"type":"A","date":"2018-04-24T02:15:24.000Z","volume":2000,"label":" ","price":23.65},{"type":"A","date":"2018-04-24T02:16:11.000Z","volume":500,"label":" ","price":23.7},{"type":"A","date":"2018-04-24T02:16:23.000Z","volume":2500,"label":" ","price":23.7},{"type":"A","date":"2018-04-24T02:16:23.000Z","volume":18500,"label":" ","price":23.7},{"type":"A","date":"2018-04-24T02:16:23.000Z","volume":2000,"label":" ","price":23.75},{"type":"A","date":"2018-04-24T02:16:52.000Z","volume":1500,"label":" ","price":23.75},{"type":"A","date":"2018-04-24T02:17:15.000Z","volume":500,"label":" ","price":23.75},{"type":"A","date":"2018-04-24T02:17:16.000Z","volume":2000,"label":" ","price":23.75},{"type":"A","date":"2018-04-24T02:17:58.000Z","volume":3000,"label":" ","price":23.75},{"type":"B","date":"2018-04-24T02:18:08.000Z","volume":2500,"label":" ","price":23.7},{"type":"A","date":"2018-04-24T02:18:08.000Z","volume":2500,"label":" ","price":23.75},{"type":"B","date":"2018-04-24T02:18:08.000Z","volume":500,"label":"Y","price":23.7},{"type":"B","date":"2018-04-24T02:18:08.000Z","volume":1500,"label":" ","price":23.7},{"type":"B","date":"2018-04-24T02:18:14.000Z","volume":2500,"label":" ","price":23.7},{"type":"B","date":"2018-04-24T02:18:14.000Z","volume":500,"label":" ","price":23.7},{"type":"B","date":"2018-04-24T02:18:14.000Z","volume":500,"label":" ","price":23.7},{"type":"B","date":"2018-04-24T02:18:14.000Z","volume":500,"label":" ","price":23.7},{"type":"B","date":"2018-04-24T02:18:14.000Z","volume":1000,"label":" ","price":23.7},{"type":"A","date":"2018-04-24T02:19:13.000Z","volume":1000,"label":" ","price":23.7},{"type":"A","date":"2018-04-24T02:19:13.000Z","volume":1500,"label":" ","price":23.7},{"type":"A","date":"2018-04-24T02:19:14.000Z","volume":500,"label":" ","price":23.7},{"type":"A","date":"2018-04-24T02:19:56.000Z","volume":2000,"label":" ","price":23.7},{"type":"A","date":"2018-04-24T02:19:56.000Z","volume":2000,"label":" ","price":23.7},{"type":"A","date":"2018-04-24T02:19:57.000Z","volume":500,"label":" ","price":23.7},{"type":"A","date":"2018-04-24T02:20:47.000Z","volume":1000,"label":"Y","price":23.7},{"type":"A","date":"2018-04-24T02:20:47.000Z","volume":5000,"label":" ","price":23.7},{"type":"A","date":"2018-04-24T02:20:47.000Z","volume":7000,"label":" ","price":23.7},{"type":"A","date":"2018-04-24T02:20:47.000Z","volume":4500,"label":" ","price":23.75},{"type":"A","date":"2018-04-24T02:20:47.000Z","volume":1500,"label":" ","price":23.75},{"type":"A","date":"2018-04-24T02:20:47.000Z","volume":7000,"label":" ","price":23.75},{"type":"A","date":"2018-04-24T02:21:20.000Z","volume":500,"label":" ","price":23.75},{"type":"A","date":"2018-04-24T02:21:26.000Z","volume":500,"label":" ","price":23.75},{"type":"A","date":"2018-04-24T02:22:17.000Z","volume":500,"label":" ","price":23.75},{"type":"A","date":"2018-04-24T02:23:26.000Z","volume":500,"label":" ","price":23.75},{"type":"U","date":"2018-04-24T02:23:55.000Z","volume":3500,"label":"X","price":23.707},{"type":"B","date":"2018-04-24T02:24:30.000Z","volume":1000,"label":" ","price":23.7},{"type":"A","date":"2018-04-24T02:25:26.000Z","volume":500,"label":" ","price":23.75},{"type":"A","date":"2018-04-24T02:25:59.000Z","volume":500,"label":" ","price":23.75},{"type":"A","date":"2018-04-24T02:26:37.000Z","volume":1500,"label":" ","price":23.75},{"type":"A","date":"2018-04-24T02:26:46.000Z","volume":500,"label":" ","price":23.75},{"type":"A","date":"2018-04-24T02:27:16.000Z","volume":500,"label":" ","price":23.75},{"type":"A","date":"2018-04-24T02:27:52.000Z","volume":2500,"label":" ","price":23.75},{"type":"A","date":"2018-04-24T02:28:00.000Z","volume":3000,"label":" ","price":23.75},{"type":"A","date":"2018-04-24T02:28:47.000Z","volume":2000,"label":" ","price":23.75},{"type":"A","date":"2018-04-24T02:28:47.000Z","volume":2000,"label":" ","price":23.75},{"type":"A","date":"2018-04-24T02:28:57.000Z","volume":500,"label":" ","price":23.75},{"type":"A","date":"2018-04-24T02:29:25.000Z","volume":500,"label":" ","price":23.75},{"type":"A","date":"2018-04-24T02:29:50.000Z","volume":2000,"label":" ","price":23.75},{"type":"A","date":"2018-04-24T02:29:52.000Z","volume":2500,"label":" ","price":23.75},{"type":"A","date":"2018-04-24T02:30:10.000Z","volume":500,"label":" ","price":23.75},{"type":"A","date":"2018-04-24T02:30:25.000Z","volume":500,"label":" ","price":23.75},{"type":"A","date":"2018-04-24T02:30:44.000Z","volume":2500,"label":" ","price":23.75},{"type":"A","date":"2018-04-24T02:30:45.000Z","volume":1500,"label":" ","price":23.75},{"type":"A","date":"2018-04-24T02:30:47.000Z","volume":500,"label":" ","price":23.75},{"type":"A","date":"2018-04-24T02:30:51.000Z","volume":500,"label":" ","price":23.75},{"type":"A","date":"2018-04-24T02:31:05.000Z","volume":500,"label":" ","price":23.75},{"type":"A","date":"2018-04-24T02:31:08.000Z","volume":500,"label":" ","price":23.75},{"type":"A","date":"2018-04-24T02:31:49.000Z","volume":2000,"label":" ","price":23.75},{"type":"A","date":"2018-04-24T02:31:49.000Z","volume":2500,"label":" ","price":23.75},{"type":"A","date":"2018-04-24T02:32:04.000Z","volume":500,"label":" ","price":23.75},{"type":"A","date":"2018-04-24T02:32:04.000Z","volume":13500,"label":" ","price":23.75},{"type":"A","date":"2018-04-24T02:32:27.000Z","volume":500,"label":" ","price":23.8},{"type":"U","date":"2018-04-24T02:32:27.000Z","volume":500,"label":"X","price":23.775},{"type":"A","date":"2018-04-24T02:32:44.000Z","volume":1500,"label":" ","price":23.8},{"type":"A","date":"2018-04-24T02:32:45.000Z","volume":1500,"label":" ","price":23.8},{"type":"B","date":"2018-04-24T02:33:09.000Z","volume":2500,"label":" ","price":23.75},{"type":"A","date":"2018-04-24T02:33:51.000Z","volume":2000,"label":" ","price":23.8},{"type":"B","date":"2018-04-24T02:33:54.000Z","volume":500,"label":" ","price":23.75},{"type":"A","date":"2018-04-24T02:34:07.000Z","volume":500,"label":" ","price":23.8},{"type":"A","date":"2018-04-24T02:34:45.000Z","volume":500,"label":" ","price":23.8},{"type":"A","date":"2018-04-24T02:34:47.000Z","volume":2000,"label":" ","price":23.8},{"type":"A","date":"2018-04-24T02:34:54.000Z","volume":1500,"label":" ","price":23.8},{"type":"A","date":"2018-04-24T02:35:15.000Z","volume":500,"label":" ","price":23.8},{"type":"A","date":"2018-04-24T02:35:37.000Z","volume":1000,"label":" ","price":23.8},{"type":"B","date":"2018-04-24T02:35:39.000Z","volume":2500,"label":" ","price":23.75},{"type":"A","date":"2018-04-24T02:35:47.000Z","volume":500,"label":" ","price":23.8},{"type":"A","date":"2018-04-24T02:36:40.000Z","volume":500,"label":" ","price":23.8},{"type":"A","date":"2018-04-24T02:36:44.000Z","volume":2000,"label":" ","price":23.8},{"type":"A","date":"2018-04-24T02:36:54.000Z","volume":1000,"label":" ","price":23.8},{"type":"A","date":"2018-04-24T02:37:27.000Z","volume":500,"label":" ","price":23.8},{"type":"A","date":"2018-04-24T02:37:36.000Z","volume":1500,"label":" ","price":23.8},{"type":"A","date":"2018-04-24T02:37:36.000Z","volume":500,"label":" ","price":23.8},{"type":"A","date":"2018-04-24T02:37:40.000Z","volume":500,"label":" ","price":23.8},{"type":"A","date":"2018-04-24T02:38:00.000Z","volume":2000,"label":" ","price":23.8},{"type":"A","date":"2018-04-24T02:39:10.000Z","volume":500,"label":" ","price":23.8},{"type":"A","date":"2018-04-24T02:39:17.000Z","volume":500,"label":" ","price":23.8},{"type":"A","date":"2018-04-24T02:39:31.000Z","volume":2500,"label":" ","price":23.8},{"type":"A","date":"2018-04-24T02:39:48.000Z","volume":1500,"label":" ","price":23.8},{"type":"A","date":"2018-04-24T02:39:48.000Z","volume":40000,"label":" ","price":23.8},{"type":"U","date":"2018-04-24T02:39:48.000Z","volume":3000,"label":" ","price":23.8},{"type":"B","date":"2018-04-24T02:39:51.000Z","volume":4000,"label":" ","price":23.8},{"type":"A","date":"2018-04-24T02:40:48.000Z","volume":2000,"label":" ","price":23.85},{"type":"A","date":"2018-04-24T02:40:58.000Z","volume":500,"label":" ","price":23.85},{"type":"A","date":"2018-04-24T02:41:28.000Z","volume":1500,"label":" ","price":23.85},{"type":"A","date":"2018-04-24T02:41:38.000Z","volume":1500,"label":" ","price":23.85},{"type":"A","date":"2018-04-24T02:42:08.000Z","volume":500,"label":" ","price":23.85},{"type":"A","date":"2018-04-24T02:42:08.000Z","volume":500,"label":" ","price":23.85},{"type":"B","date":"2018-04-24T02:42:14.000Z","volume":1000,"label":" ","price":23.8},{"type":"A","date":"2018-04-24T02:42:34.000Z","volume":2000,"label":" ","price":23.85},{"type":"A","date":"2018-04-24T02:42:47.000Z","volume":2000,"label":" ","price":23.85},{"type":"B","date":"2018-04-24T02:43:01.000Z","volume":14500,"label":" ","price":23.8},{"type":"B","date":"2018-04-24T02:43:01.000Z","volume":2500,"label":" ","price":23.8},{"type":"A","date":"2018-04-24T02:43:01.000Z","volume":500,"label":" ","price":23.85},{"type":"B","date":"2018-04-24T02:43:03.000Z","volume":3000,"label":"Y","price":23.8},{"type":"B","date":"2018-04-24T02:43:03.000Z","volume":2000,"label":" ","price":23.8},{"type":"B","date":"2018-04-24T02:43:09.000Z","volume":500,"label":"Y","price":23.8},{"type":"B","date":"2018-04-24T02:43:09.000Z","volume":6500,"label":" ","price":23.75},{"type":"B","date":"2018-04-24T02:43:09.000Z","volume":500,"label":"Y","price":23.8},{"type":"B","date":"2018-04-24T02:44:18.000Z","volume":3500,"label":"Y","price":23.7},{"type":"B","date":"2018-04-24T02:44:18.000Z","volume":2000,"label":" ","price":23.7},{"type":"B","date":"2018-04-24T02:45:46.000Z","volume":1000,"label":" ","price":23.7},{"type":"B","date":"2018-04-24T02:46:16.000Z","volume":1000,"label":" ","price":23.7},{"type":"A","date":"2018-04-24T02:47:04.000Z","volume":9500,"label":" ","price":23.75},{"type":"U","date":"2018-04-24T02:47:04.000Z","volume":500,"label":" ","price":23.75},{"type":"A","date":"2018-04-24T02:47:04.000Z","volume":14000,"label":" ","price":23.8},{"type":"B","date":"2018-04-24T02:47:11.000Z","volume":9500,"label":" ","price":23.8},{"type":"B","date":"2018-04-24T02:47:16.000Z","volume":4500,"label":" ","price":23.75},{"type":"A","date":"2018-04-24T02:48:28.000Z","volume":500,"label":" ","price":23.8},{"type":"U","date":"2018-04-24T02:50:07.000Z","volume":2000,"label":"X","price":23.786},{"type":"A","date":"2018-04-24T02:51:32.000Z","volume":500,"label":" ","price":23.8},{"type":"A","date":"2018-04-24T02:51:53.000Z","volume":500,"label":" ","price":23.8},{"type":"A","date":"2018-04-24T02:52:09.000Z","volume":500,"label":" ","price":23.8},{"type":"A","date":"2018-04-24T02:53:07.000Z","volume":2000,"label":" ","price":23.8},{"type":"B","date":"2018-04-24T02:53:07.000Z","volume":500,"label":" ","price":23.75},{"type":"A","date":"2018-04-24T02:53:56.000Z","volume":3000,"label":" ","price":23.8},{"type":"A","date":"2018-04-24T02:54:12.000Z","volume":2000,"label":" ","price":23.8},{"type":"A","date":"2018-04-24T02:54:40.000Z","volume":500,"label":" ","price":23.8},{"type":"A","date":"2018-04-24T02:54:40.000Z","volume":500,"label":" ","price":23.8},{"type":"A","date":"2018-04-24T02:55:04.000Z","volume":1000,"label":" ","price":23.8},{"type":"A","date":"2018-04-24T02:55:05.000Z","volume":2000,"label":" ","price":23.8},{"type":"B","date":"2018-04-24T02:55:54.000Z","volume":2500,"label":" ","price":23.75},{"type":"A","date":"2018-04-24T02:55:54.000Z","volume":1500,"label":" ","price":23.8},{"type":"A","date":"2018-04-24T02:55:54.000Z","volume":2000,"label":" ","price":23.8},{"type":"A","date":"2018-04-24T02:57:16.000Z","volume":2000,"label":" ","price":23.8},{"type":"A","date":"2018-04-24T02:57:21.000Z","volume":500,"label":" ","price":23.8},{"type":"A","date":"2018-04-24T02:57:58.000Z","volume":1500,"label":" ","price":23.8},{"type":"A","date":"2018-04-24T02:58:02.000Z","volume":500,"label":" ","price":23.8},{"type":"A","date":"2018-04-24T02:58:14.000Z","volume":1500,"label":" ","price":23.8},{"type":"A","date":"2018-04-24T02:59:06.000Z","volume":1500,"label":" ","price":23.8},{"type":"A","date":"2018-04-24T02:59:16.000Z","volume":1500,"label":" ","price":23.8},{"type":"B","date":"2018-04-24T02:59:27.000Z","volume":500,"label":" ","price":23.75},{"type":"A","date":"2018-04-24T02:59:33.000Z","volume":500,"label":" ","price":23.8},{"type":"A","date":"2018-04-24T02:59:50.000Z","volume":500,"label":" ","price":23.8},{"type":"U","date":"2018-04-24T02:59:52.000Z","volume":500,"label":"X","price":23.797},{"type":"A","date":"2018-04-24T03:00:00.000Z","volume":2500,"label":" ","price":23.8},{"type":"A","date":"2018-04-24T03:00:15.000Z","volume":2000,"label":" ","price":23.8},{"type":"A","date":"2018-04-24T03:01:15.000Z","volume":4000,"label":" ","price":23.8},{"type":"A","date":"2018-04-24T03:01:15.000Z","volume":2500,"label":" ","price":23.8},{"type":"A","date":"2018-04-24T03:02:16.000Z","volume":1500,"label":" ","price":23.8},{"type":"A","date":"2018-04-24T03:02:16.000Z","volume":1000,"label":" ","price":23.8},{"type":"A","date":"2018-04-24T03:02:52.000Z","volume":500,"label":" ","price":23.8},{"type":"A","date":"2018-04-24T03:02:53.000Z","volume":500,"label":" ","price":23.8},{"type":"A","date":"2018-04-24T03:03:21.000Z","volume":2000,"label":" ","price":23.8},{"type":"A","date":"2018-04-24T03:03:26.000Z","volume":2000,"label":" ","price":23.8},{"type":"A","date":"2018-04-24T03:04:19.000Z","volume":1500,"label":" ","price":23.8},{"type":"A","date":"2018-04-24T03:04:32.000Z","volume":1500,"label":" ","price":23.8},{"type":"A","date":"2018-04-24T03:04:51.000Z","volume":500,"label":" ","price":23.8},{"type":"A","date":"2018-04-24T03:05:20.000Z","volume":2000,"label":" ","price":23.8},{"type":"A","date":"2018-04-24T03:05:25.000Z","volume":1500,"label":" ","price":23.8},{"type":"A","date":"2018-04-24T03:05:25.000Z","volume":9000,"label":" ","price":23.8},{"type":"A","date":"2018-04-24T03:05:29.000Z","volume":14500,"label":" ","price":23.8},{"type":"A","date":"2018-04-24T03:05:29.000Z","volume":1500,"label":" ","price":23.8},{"type":"U","date":"2018-04-24T03:05:44.000Z","volume":500,"label":"X","price":23.825},{"type":"B","date":"2018-04-24T03:06:10.000Z","volume":3000,"label":" ","price":23.8},{"type":"A","date":"2018-04-24T03:06:13.000Z","volume":1500,"label":" ","price":23.85},{"type":"A","date":"2018-04-24T03:06:31.000Z","volume":1500,"label":" ","price":23.85},{"type":"A","date":"2018-04-24T03:07:33.000Z","volume":1000,"label":" ","price":23.85},{"type":"A","date":"2018-04-24T03:07:45.000Z","volume":500,"label":" ","price":23.85},{"type":"A","date":"2018-04-24T03:08:00.000Z","volume":2000,"label":" ","price":23.85},{"type":"U","date":"2018-04-24T03:08:23.000Z","volume":1500,"label":"X","price":23.807},{"type":"A","date":"2018-04-24T03:08:29.000Z","volume":1000,"label":" ","price":23.85},{"type":"A","date":"2018-04-24T03:08:57.000Z","volume":8500,"label":" ","price":23.85},{"type":"A","date":"2018-04-24T03:08:57.000Z","volume":21500,"label":" ","price":23.85},{"type":"A","date":"2018-04-24T03:08:57.000Z","volume":39500,"label":" ","price":23.9},{"type":"A","date":"2018-04-24T03:08:57.000Z","volume":27000,"label":" ","price":23.95},{"type":"A","date":"2018-04-24T03:08:57.000Z","volume":15500,"label":" ","price":24},{"type":"A","date":"2018-04-24T03:08:58.000Z","volume":1500,"label":" ","price":24.05},{"type":"B","date":"2018-04-24T03:09:01.000Z","volume":1500,"label":" ","price":24.05},{"type":"A","date":"2018-04-24T03:09:29.000Z","volume":1000,"label":"Y","price":24.05},{"type":"A","date":"2018-04-24T03:09:29.000Z","volume":1000,"label":"Y","price":24.05},{"type":"A","date":"2018-04-24T03:09:29.000Z","volume":5000,"label":" ","price":24.05},{"type":"U","date":"2018-04-24T03:09:48.000Z","volume":5500,"label":" ","price":24},{"type":"U","date":"2018-04-24T03:09:48.000Z","volume":5500,"label":" ","price":24},{"type":"U","date":"2018-04-24T03:09:48.000Z","volume":1000,"label":" ","price":24},{"type":"B","date":"2018-04-24T03:09:49.000Z","volume":2000,"label":" ","price":24},{"type":"B","date":"2018-04-24T03:09:57.000Z","volume":2500,"label":" ","price":23.95},{"type":"U","date":"2018-04-24T03:09:57.000Z","volume":500,"label":"Y","price":24},{"type":"A","date":"2018-04-24T03:10:21.000Z","volume":500,"label":" ","price":24},{"type":"U","date":"2018-04-24T03:11:58.000Z","volume":500,"label":"X","price":23.975},{"type":"A","date":"2018-04-24T03:12:26.000Z","volume":500,"label":" ","price":24},{"type":"A","date":"2018-04-24T03:13:29.000Z","volume":6000,"label":" ","price":24},{"type":"A","date":"2018-04-24T03:13:29.000Z","volume":1500,"label":" ","price":24},{"type":"U","date":"2018-04-24T03:13:29.000Z","volume":2000,"label":" ","price":24},{"type":"A","date":"2018-04-24T03:13:31.000Z","volume":6500,"label":" ","price":24.05},{"type":"B","date":"2018-04-24T03:13:53.000Z","volume":9500,"label":"Y","price":24},{"type":"B","date":"2018-04-24T03:13:53.000Z","volume":7000,"label":" ","price":24},{"type":"B","date":"2018-04-24T03:13:53.000Z","volume":3500,"label":" ","price":23.95},{"type":"A","date":"2018-04-24T03:14:02.000Z","volume":500,"label":" ","price":23.95},{"type":"B","date":"2018-04-24T03:14:09.000Z","volume":5500,"label":" ","price":23.9},{"type":"B","date":"2018-04-24T03:14:50.000Z","volume":30000,"label":" ","price":23.85},{"type":"A","date":"2018-04-24T03:14:50.000Z","volume":54500,"label":" ","price":23.85},{"type":"B","date":"2018-04-24T03:14:51.000Z","volume":500,"label":"Y","price":23.8},{"type":"B","date":"2018-04-24T03:14:51.000Z","volume":500,"label":" ","price":23.8},{"type":"A","date":"2018-04-24T03:14:52.000Z","volume":1500,"label":"Y","price":23.8},{"type":"B","date":"2018-04-24T03:15:37.000Z","volume":3500,"label":" ","price":23.75},{"type":"A","date":"2018-04-24T03:15:39.000Z","volume":9000,"label":"Y","price":23.7},{"type":"A","date":"2018-04-24T03:15:56.000Z","volume":11000,"label":" ","price":23.7},{"type":"A","date":"2018-04-24T03:15:57.000Z","volume":500,"label":" ","price":23.75},{"type":"A","date":"2018-04-24T03:15:58.000Z","volume":20500,"label":" ","price":23.75},{"type":"A","date":"2018-04-24T03:15:58.000Z","volume":6000,"label":" ","price":23.75},{"type":"A","date":"2018-04-24T03:18:13.000Z","volume":10500,"label":" ","price":23.8},{"type":"A","date":"2018-04-24T03:18:14.000Z","volume":39500,"label":" ","price":23.85},{"type":"A","date":"2018-04-24T03:18:14.000Z","volume":78500,"label":" ","price":23.85},{"type":"B","date":"2018-04-24T03:18:38.000Z","volume":6000,"label":" ","price":23.85},{"type":"B","date":"2018-04-24T03:18:47.000Z","volume":6000,"label":" ","price":23.85},{"type":"B","date":"2018-04-24T03:18:47.000Z","volume":2000,"label":" ","price":23.85},{"type":"A","date":"2018-04-24T03:18:48.000Z","volume":500,"label":" ","price":23.85},{"type":"A","date":"2018-04-24T03:19:03.000Z","volume":500,"label":" ","price":23.9},{"type":"A","date":"2018-04-24T03:20:23.000Z","volume":3000,"label":" ","price":23.9},{"type":"A","date":"2018-04-24T03:21:10.000Z","volume":500,"label":" ","price":23.9},{"type":"A","date":"2018-04-24T03:21:13.000Z","volume":1500,"label":" ","price":23.85},{"type":"A","date":"2018-04-24T03:21:17.000Z","volume":500,"label":" ","price":23.85},{"type":"B","date":"2018-04-24T03:22:00.000Z","volume":7000,"label":" ","price":23.85},{"type":"B","date":"2018-04-24T03:22:01.000Z","volume":1000,"label":" ","price":23.85},{"type":"B","date":"2018-04-24T03:22:11.000Z","volume":22000,"label":" ","price":23.8},{"type":"A","date":"2018-04-24T03:22:11.000Z","volume":1000,"label":" ","price":23.8},{"type":"B","date":"2018-04-24T03:22:50.000Z","volume":4000,"label":" ","price":23.85},{"type":"B","date":"2018-04-24T03:23:13.000Z","volume":4000,"label":" ","price":23.85},{"type":"B","date":"2018-04-24T03:23:31.000Z","volume":2500,"label":" ","price":23.85},{"type":"B","date":"2018-04-24T03:23:33.000Z","volume":1500,"label":" ","price":23.85},{"type":"B","date":"2018-04-24T03:23:40.000Z","volume":500,"label":" ","price":23.85},{"type":"B","date":"2018-04-24T03:24:01.000Z","volume":3500,"label":" ","price":23.85},{"type":"B","date":"2018-04-24T03:24:10.000Z","volume":2500,"label":" ","price":23.8},{"type":"B","date":"2018-04-24T03:24:52.000Z","volume":1000,"label":" ","price":23.8},{"type":"B","date":"2018-04-24T03:26:02.000Z","volume":1000,"label":" ","price":23.8},{"type":"A","date":"2018-04-24T03:26:19.000Z","volume":500,"label":" ","price":23.9},{"type":"B","date":"2018-04-24T03:26:42.000Z","volume":2000,"label":" ","price":23.85},{"type":"B","date":"2018-04-24T03:26:42.000Z","volume":2500,"label":" ","price":23.85},{"type":"B","date":"2018-04-24T03:26:46.000Z","volume":500,"label":" ","price":23.85},{"type":"B","date":"2018-04-24T03:27:38.000Z","volume":4000,"label":" ","price":23.85},{"type":"B","date":"2018-04-24T03:27:53.000Z","volume":3500,"label":" ","price":23.85},{"type":"B","date":"2018-04-24T03:28:03.000Z","volume":3500,"label":" ","price":23.8},{"type":"B","date":"2018-04-24T03:28:07.000Z","volume":8500,"label":" ","price":23.8},{"type":"A","date":"2018-04-24T03:28:07.000Z","volume":9500,"label":" ","price":23.8},{"type":"A","date":"2018-04-24T03:28:07.000Z","volume":500,"label":" ","price":23.8},{"type":"A","date":"2018-04-24T03:28:07.000Z","volume":500,"label":" ","price":23.8},{"type":"A","date":"2018-04-24T03:28:10.000Z","volume":42500,"label":" ","price":23.8},{"type":"B","date":"2018-04-24T03:28:32.000Z","volume":2500,"label":" ","price":23.85},{"type":"U","date":"2018-04-24T03:28:48.000Z","volume":1000,"label":"X","price":23.85},{"type":"B","date":"2018-04-24T03:30:10.000Z","volume":8000,"label":" ","price":23.8},{"type":"B","date":"2018-04-24T03:30:14.000Z","volume":1000,"label":" ","price":23.75},{"type":"B","date":"2018-04-24T03:30:29.000Z","volume":2500,"label":" ","price":23.75},{"type":"B","date":"2018-04-24T03:31:02.000Z","volume":2000,"label":" ","price":23.7},{"type":"U","date":"2018-04-24T03:31:02.000Z","volume":1000,"label":"X","price":23.801},{"type":"U","date":"2018-04-24T03:31:02.000Z","volume":1500,"label":"X","price":23.801},{"type":"A","date":"2018-04-24T03:31:02.000Z","volume":500,"label":" ","price":23.75},{"type":"B","date":"2018-04-24T03:33:38.000Z","volume":6500,"label":" ","price":23.7},{"type":"B","date":"2018-04-24T03:33:38.000Z","volume":3500,"label":" ","price":23.7},{"type":"B","date":"2018-04-24T03:34:07.000Z","volume":1000,"label":" ","price":23.7},{"type":"A","date":"2018-04-24T03:34:27.000Z","volume":500,"label":" ","price":23.75},{"type":"A","date":"2018-04-24T03:35:34.000Z","volume":500,"label":" ","price":23.75},{"type":"U","date":"2018-04-24T03:35:40.000Z","volume":382,"label":"D","price":23.75},{"type":"B","date":"2018-04-24T03:37:16.000Z","volume":2000,"label":" ","price":23.7},{"type":"B","date":"2018-04-24T03:37:38.000Z","volume":5000,"label":" ","price":23.7},{"type":"B","date":"2018-04-24T03:37:38.000Z","volume":500,"label":" ","price":23.7},{"type":"B","date":"2018-04-24T03:37:42.000Z","volume":1000,"label":" ","price":23.7},{"type":"B","date":"2018-04-24T03:37:52.000Z","volume":5500,"label":" ","price":23.7},{"type":"B","date":"2018-04-24T03:38:00.000Z","volume":1000,"label":" ","price":23.7},{"type":"B","date":"2018-04-24T03:38:00.000Z","volume":5000,"label":" ","price":23.7},{"type":"B","date":"2018-04-24T03:38:06.000Z","volume":3000,"label":" ","price":23.7},{"type":"B","date":"2018-04-24T03:38:13.000Z","volume":2500,"label":" ","price":23.7},{"type":"B","date":"2018-04-24T03:38:16.000Z","volume":2500,"label":" ","price":23.7},{"type":"B","date":"2018-04-24T03:38:19.000Z","volume":1000,"label":" ","price":23.7},{"type":"B","date":"2018-04-24T03:38:19.000Z","volume":500,"label":" ","price":23.7},{"type":"B","date":"2018-04-24T03:38:28.000Z","volume":500,"label":" ","price":23.7},{"type":"B","date":"2018-04-24T03:38:38.000Z","volume":2500,"label":" ","price":23.7},{"type":"B","date":"2018-04-24T03:38:47.000Z","volume":500,"label":" ","price":23.7},{"type":"B","date":"2018-04-24T03:38:55.000Z","volume":1000,"label":" ","price":23.7},{"type":"B","date":"2018-04-24T03:38:58.000Z","volume":500,"label":" ","price":23.7},{"type":"B","date":"2018-04-24T03:39:05.000Z","volume":2000,"label":" ","price":23.7},{"type":"U","date":"2018-04-24T03:39:15.000Z","volume":500,"label":"X","price":23.7},{"type":"B","date":"2018-04-24T03:39:17.000Z","volume":500,"label":" ","price":23.7},{"type":"B","date":"2018-04-24T03:39:25.000Z","volume":3000,"label":" ","price":23.7},{"type":"B","date":"2018-04-24T03:39:30.000Z","volume":2000,"label":" ","price":23.7},{"type":"B","date":"2018-04-24T03:39:49.000Z","volume":500,"label":" ","price":23.7},{"type":"B","date":"2018-04-24T03:39:53.000Z","volume":1000,"label":" ","price":23.7},{"type":"B","date":"2018-04-24T03:40:06.000Z","volume":1000,"label":" ","price":23.7},{"type":"B","date":"2018-04-24T03:40:37.000Z","volume":1000,"label":" ","price":23.7},{"type":"B","date":"2018-04-24T03:40:39.000Z","volume":2500,"label":" ","price":23.7},{"type":"B","date":"2018-04-24T03:40:58.000Z","volume":500,"label":" ","price":23.7},{"type":"B","date":"2018-04-24T03:41:06.000Z","volume":2500,"label":" ","price":23.7},{"type":"B","date":"2018-04-24T03:41:10.000Z","volume":1000,"label":" ","price":23.7},{"type":"B","date":"2018-04-24T03:41:10.000Z","volume":1000,"label":" ","price":23.7},{"type":"A","date":"2018-04-24T03:42:42.000Z","volume":500,"label":" ","price":23.75},{"type":"A","date":"2018-04-24T03:43:59.000Z","volume":2500,"label":" ","price":23.7},{"type":"A","date":"2018-04-24T03:43:59.000Z","volume":1500,"label":" ","price":23.7},{"type":"B","date":"2018-04-24T03:44:00.000Z","volume":2500,"label":" ","price":23.7},{"type":"B","date":"2018-04-24T03:44:13.000Z","volume":2500,"label":" ","price":23.7},{"type":"B","date":"2018-04-24T03:44:15.000Z","volume":4000,"label":" ","price":23.7},{"type":"B","date":"2018-04-24T03:44:20.000Z","volume":1000,"label":" ","price":23.7},{"type":"B","date":"2018-04-24T03:44:20.000Z","volume":1500,"label":" ","price":23.7},{"type":"B","date":"2018-04-24T03:44:22.000Z","volume":1500,"label":" ","price":23.7},{"type":"U","date":"2018-04-24T03:44:58.000Z","volume":500,"label":" ","price":23.7},{"type":"B","date":"2018-04-24T03:44:58.000Z","volume":3000,"label":" ","price":23.7},{"type":"B","date":"2018-04-24T03:45:39.000Z","volume":3000,"label":" ","price":23.65},{"type":"B","date":"2018-04-24T03:45:43.000Z","volume":1500,"label":" ","price":23.7},{"type":"B","date":"2018-04-24T03:45:51.000Z","volume":500,"label":" ","price":23.7},{"type":"B","date":"2018-04-24T03:45:51.000Z","volume":1000,"label":" ","price":23.7},{"type":"B","date":"2018-04-24T03:46:02.000Z","volume":500,"label":" ","price":23.7},{"type":"B","date":"2018-04-24T03:46:02.000Z","volume":500,"label":" ","price":23.7},{"type":"B","date":"2018-04-24T03:46:21.000Z","volume":500,"label":" ","price":23.7},{"type":"B","date":"2018-04-24T03:46:21.000Z","volume":2500,"label":" ","price":23.7},{"type":"B","date":"2018-04-24T03:47:01.000Z","volume":2500,"label":" ","price":23.7},{"type":"A","date":"2018-04-24T03:48:16.000Z","volume":500,"label":" ","price":23.75},{"type":"B","date":"2018-04-24T03:49:38.000Z","volume":1000,"label":" ","price":23.7},{"type":"B","date":"2018-04-24T03:49:56.000Z","volume":3500,"label":" ","price":23.7},{"type":"A","date":"2018-04-24T03:49:56.000Z","volume":1500,"label":" ","price":23.7},{"type":"A","date":"2018-04-24T03:49:57.000Z","volume":500,"label":" ","price":23.7},{"type":"B","date":"2018-04-24T03:50:02.000Z","volume":2500,"label":" ","price":23.7},{"type":"B","date":"2018-04-24T03:50:51.000Z","volume":2500,"label":" ","price":23.7},{"type":"U","date":"2018-04-24T03:53:47.000Z","volume":2000,"label":"X","price":23.701},{"type":"B","date":"2018-04-24T03:55:47.000Z","volume":1000,"label":" ","price":23.7},{"type":"B","date":"2018-04-24T03:55:54.000Z","volume":5000,"label":" ","price":23.7},{"type":"B","date":"2018-04-24T03:57:47.000Z","volume":1000,"label":" ","price":23.7},{"type":"A","date":"2018-04-24T03:59:10.000Z","volume":500,"label":" ","price":23.75},{"type":"A","date":"2018-04-24T03:59:21.000Z","volume":1500,"label":" ","price":23.75},{"type":"B","date":"2018-04-24T05:00:00.000Z","volume":500,"label":" ","price":23.7},{"type":"A","date":"2018-04-24T05:00:01.000Z","volume":7000,"label":" ","price":23.75},{"type":"A","date":"2018-04-24T05:00:06.000Z","volume":500,"label":" ","price":23.75},{"type":"A","date":"2018-04-24T05:00:15.000Z","volume":1000,"label":" ","price":23.75},{"type":"A","date":"2018-04-24T05:00:23.000Z","volume":1000,"label":" ","price":23.75},{"type":"A","date":"2018-04-24T05:01:10.000Z","volume":1500,"label":" ","price":23.75},{"type":"A","date":"2018-04-24T05:01:28.000Z","volume":2000,"label":" ","price":23.75},{"type":"A","date":"2018-04-24T05:02:00.000Z","volume":1500,"label":" ","price":23.75},{"type":"A","date":"2018-04-24T05:02:08.000Z","volume":1000,"label":" ","price":23.75},{"type":"U","date":"2018-04-24T05:02:09.000Z","volume":500,"label":"X","price":23.75},{"type":"A","date":"2018-04-24T05:02:28.000Z","volume":1500,"label":" ","price":23.75},{"type":"A","date":"2018-04-24T05:02:58.000Z","volume":1000,"label":" ","price":23.75},{"type":"A","date":"2018-04-24T05:03:18.000Z","volume":1000,"label":" ","price":23.75},{"type":"A","date":"2018-04-24T05:04:00.000Z","volume":1500,"label":" ","price":23.75},{"type":"A","date":"2018-04-24T05:04:08.000Z","volume":2000,"label":" ","price":23.75},{"type":"A","date":"2018-04-24T05:04:22.000Z","volume":2000,"label":" ","price":23.75},{"type":"A","date":"2018-04-24T05:05:04.000Z","volume":1500,"label":" ","price":23.75},{"type":"A","date":"2018-04-24T05:05:18.000Z","volume":500,"label":" ","price":23.75},{"type":"A","date":"2018-04-24T05:05:24.000Z","volume":1500,"label":" ","price":23.75},{"type":"B","date":"2018-04-24T05:05:31.000Z","volume":500,"label":" ","price":23.7},{"type":"A","date":"2018-04-24T05:05:49.000Z","volume":500,"label":" ","price":23.75},{"type":"A","date":"2018-04-24T05:06:10.000Z","volume":1500,"label":" ","price":23.75},{"type":"A","date":"2018-04-24T05:06:31.000Z","volume":1500,"label":" ","price":23.75},{"type":"A","date":"2018-04-24T05:06:35.000Z","volume":500,"label":" ","price":23.75},{"type":"A","date":"2018-04-24T05:06:35.000Z","volume":500,"label":" ","price":23.75},{"type":"A","date":"2018-04-24T05:07:00.000Z","volume":500,"label":" ","price":23.75},{"type":"A","date":"2018-04-24T05:07:00.000Z","volume":500,"label":" ","price":23.75},{"type":"A","date":"2018-04-24T05:07:01.000Z","volume":500,"label":" ","price":23.75},{"type":"A","date":"2018-04-24T05:07:07.000Z","volume":1000,"label":" ","price":23.75},{"type":"A","date":"2018-04-24T05:07:36.000Z","volume":1500,"label":" ","price":23.75},{"type":"U","date":"2018-04-24T05:07:47.000Z","volume":381,"label":"D","price":23.95},{"type":"A","date":"2018-04-24T05:08:03.000Z","volume":1500,"label":" ","price":23.75},{"type":"A","date":"2018-04-24T05:08:38.000Z","volume":2000,"label":" ","price":23.75},{"type":"A","date":"2018-04-24T05:08:38.000Z","volume":1500,"label":" ","price":23.75},{"type":"A","date":"2018-04-24T05:09:05.000Z","volume":1500,"label":" ","price":23.75},{"type":"A","date":"2018-04-24T05:09:20.000Z","volume":500,"label":"Y","price":23.75},{"type":"A","date":"2018-04-24T05:09:37.000Z","volume":1000,"label":" ","price":23.75},{"type":"A","date":"2018-04-24T05:10:08.000Z","volume":2000,"label":" ","price":23.75},{"type":"B","date":"2018-04-24T05:10:11.000Z","volume":2500,"label":" ","price":23.7},{"type":"A","date":"2018-04-24T05:10:46.000Z","volume":2500,"label":" ","price":23.75},{"type":"U","date":"2018-04-24T05:10:59.000Z","volume":1500,"label":"X","price":23.745},{"type":"U","date":"2018-04-24T05:11:30.000Z","volume":500,"label":"X","price":23.75},{"type":"A","date":"2018-04-24T05:11:56.000Z","volume":2000,"label":" ","price":23.75},{"type":"A","date":"2018-04-24T05:12:15.000Z","volume":2000,"label":" ","price":23.75},{"type":"A","date":"2018-04-24T05:12:53.000Z","volume":1000,"label":" ","price":23.75},{"type":"A","date":"2018-04-24T05:13:11.000Z","volume":500,"label":" ","price":23.75},{"type":"A","date":"2018-04-24T05:13:13.000Z","volume":1000,"label":" ","price":23.75},{"type":"A","date":"2018-04-24T05:13:13.000Z","volume":1500,"label":" ","price":23.75},{"type":"A","date":"2018-04-24T05:13:59.000Z","volume":2000,"label":" ","price":23.75},{"type":"A","date":"2018-04-24T05:14:05.000Z","volume":1500,"label":" ","price":23.75},{"type":"B","date":"2018-04-24T05:14:08.000Z","volume":30000,"label":" ","price":23.7},{"type":"U","date":"2018-04-24T05:14:08.000Z","volume":500,"label":" ","price":23.7},{"type":"B","date":"2018-04-24T05:14:19.000Z","volume":3500,"label":" ","price":23.7},{"type":"U","date":"2018-04-24T05:14:19.000Z","volume":500,"label":" ","price":23.7},{"type":"B","date":"2018-04-24T05:14:24.000Z","volume":500,"label":" ","price":23.7},{"type":"A","date":"2018-04-24T05:14:25.000Z","volume":3000,"label":" ","price":23.7},{"type":"A","date":"2018-04-24T05:14:25.000Z","volume":500,"label":" ","price":23.7},{"type":"B","date":"2018-04-24T05:14:46.000Z","volume":1000,"label":" ","price":23.65},{"type":"B","date":"2018-04-24T05:14:46.000Z","volume":1000,"label":" ","price":23.65},{"type":"B","date":"2018-04-24T05:14:46.000Z","volume":2500,"label":" ","price":23.65},{"type":"A","date":"2018-04-24T05:14:47.000Z","volume":500,"label":" ","price":23.7},{"type":"A","date":"2018-04-24T05:15:27.000Z","volume":500,"label":" ","price":23.7},{"type":"A","date":"2018-04-24T05:15:28.000Z","volume":500,"label":" ","price":23.7},{"type":"A","date":"2018-04-24T05:15:42.000Z","volume":500,"label":" ","price":23.7},{"type":"A","date":"2018-04-24T05:15:44.000Z","volume":500,"label":" ","price":23.7},{"type":"A","date":"2018-04-24T05:15:44.000Z","volume":500,"label":" ","price":23.7},{"type":"B","date":"2018-04-24T05:17:46.000Z","volume":1500,"label":" ","price":23.65},{"type":"B","date":"2018-04-24T05:17:46.000Z","volume":6500,"label":" ","price":23.65},{"type":"A","date":"2018-04-24T05:17:46.000Z","volume":500,"label":" ","price":23.7},{"type":"A","date":"2018-04-24T05:17:50.000Z","volume":500,"label":" ","price":23.7},{"type":"B","date":"2018-04-24T05:18:46.000Z","volume":1500,"label":" ","price":23.65},{"type":"B","date":"2018-04-24T05:18:46.000Z","volume":1500,"label":" ","price":23.65},{"type":"B","date":"2018-04-24T05:18:46.000Z","volume":2000,"label":" ","price":23.65},{"type":"B","date":"2018-04-24T05:18:46.000Z","volume":1000,"label":" ","price":23.6},{"type":"B","date":"2018-04-24T05:18:46.000Z","volume":500,"label":" ","price":23.6},{"type":"A","date":"2018-04-24T05:18:47.000Z","volume":500,"label":" ","price":23.65},{"type":"U","date":"2018-04-24T05:19:01.000Z","volume":3000,"label":"X","price":23.6},{"type":"U","date":"2018-04-24T05:19:45.000Z","volume":2000,"label":"X","price":23.655},{"type":"B","date":"2018-04-24T05:20:16.000Z","volume":1500,"label":" ","price":23.6},{"type":"B","date":"2018-04-24T05:20:46.000Z","volume":2000,"label":" ","price":23.6},{"type":"A","date":"2018-04-24T05:20:47.000Z","volume":500,"label":" ","price":23.65},{"type":"A","date":"2018-04-24T05:21:09.000Z","volume":500,"label":" ","price":23.65},{"type":"B","date":"2018-04-24T05:21:46.000Z","volume":1500,"label":" ","price":23.6},{"type":"B","date":"2018-04-24T05:21:46.000Z","volume":2500,"label":" ","price":23.6},{"type":"A","date":"2018-04-24T05:21:47.000Z","volume":500,"label":" ","price":23.65},{"type":"B","date":"2018-04-24T05:22:16.000Z","volume":1500,"label":" ","price":23.6},{"type":"B","date":"2018-04-24T05:22:16.000Z","volume":1000,"label":" ","price":23.6},{"type":"B","date":"2018-04-24T05:22:30.000Z","volume":500,"label":"Y","price":23.6},{"type":"B","date":"2018-04-24T05:22:30.000Z","volume":500,"label":" ","price":23.6},{"type":"A","date":"2018-04-24T05:22:31.000Z","volume":500,"label":" ","price":23.65},{"type":"A","date":"2018-04-24T05:22:32.000Z","volume":500,"label":" ","price":23.65},{"type":"U","date":"2018-04-24T05:22:47.000Z","volume":500,"label":"X","price":23.6},{"type":"U","date":"2018-04-24T05:22:47.000Z","volume":1000,"label":"X","price":23.6},{"type":"B","date":"2018-04-24T05:23:16.000Z","volume":1500,"label":" ","price":23.6},{"type":"B","date":"2018-04-24T05:23:16.000Z","volume":1000,"label":" ","price":23.6},{"type":"B","date":"2018-04-24T05:23:21.000Z","volume":2000,"label":" ","price":23.6},{"type":"B","date":"2018-04-24T05:23:21.000Z","volume":500,"label":" ","price":23.6},{"type":"A","date":"2018-04-24T05:23:22.000Z","volume":500,"label":"Y","price":23.65},{"type":"B","date":"2018-04-24T05:23:46.000Z","volume":1500,"label":" ","price":23.6},{"type":"B","date":"2018-04-24T05:23:46.000Z","volume":2500,"label":" ","price":23.6},{"type":"B","date":"2018-04-24T05:24:10.000Z","volume":500,"label":" ","price":23.6},{"type":"B","date":"2018-04-24T05:24:10.000Z","volume":1000,"label":" ","price":23.6},{"type":"A","date":"2018-04-24T05:24:12.000Z","volume":500,"label":" ","price":23.65},{"type":"B","date":"2018-04-24T05:24:16.000Z","volume":1500,"label":" ","price":23.6},{"type":"U","date":"2018-04-24T05:24:18.000Z","volume":1500,"label":"X","price":23.6},{"type":"B","date":"2018-04-24T05:24:18.000Z","volume":2000,"label":" ","price":23.6},{"type":"B","date":"2018-04-24T05:24:41.000Z","volume":1000,"label":" ","price":23.6},{"type":"A","date":"2018-04-24T05:24:42.000Z","volume":500,"label":" ","price":23.65},{"type":"U","date":"2018-04-24T05:24:48.000Z","volume":500,"label":"X","price":23.6},{"type":"B","date":"2018-04-24T05:24:48.000Z","volume":500,"label":" ","price":23.6},{"type":"B","date":"2018-04-24T05:24:48.000Z","volume":1000,"label":" ","price":23.6},{"type":"A","date":"2018-04-24T05:24:49.000Z","volume":500,"label":" ","price":23.65},{"type":"U","date":"2018-04-24T05:25:01.000Z","volume":500,"label":"X","price":23.6},{"type":"B","date":"2018-04-24T05:25:16.000Z","volume":1500,"label":" ","price":23.6},{"type":"B","date":"2018-04-24T05:25:46.000Z","volume":1500,"label":" ","price":23.6},{"type":"A","date":"2018-04-24T05:25:47.000Z","volume":500,"label":"Y","price":23.65},{"type":"B","date":"2018-04-24T05:25:48.000Z","volume":500,"label":" ","price":23.6},{"type":"B","date":"2018-04-24T05:26:11.000Z","volume":1500,"label":" ","price":23.6},{"type":"U","date":"2018-04-24T05:26:18.000Z","volume":500,"label":"X","price":23.6},{"type":"B","date":"2018-04-24T05:26:20.000Z","volume":500,"label":"Y","price":23.6},{"type":"B","date":"2018-04-24T05:26:20.000Z","volume":500,"label":" ","price":23.6},{"type":"U","date":"2018-04-24T05:26:31.000Z","volume":500,"label":"X","price":23.6},{"type":"B","date":"2018-04-24T05:26:36.000Z","volume":500,"label":" ","price":23.6},{"type":"A","date":"2018-04-24T05:26:39.000Z","volume":500,"label":" ","price":23.65},{"type":"A","date":"2018-04-24T05:26:40.000Z","volume":500,"label":" ","price":23.65},{"type":"B","date":"2018-04-24T05:26:46.000Z","volume":1500,"label":" ","price":23.55},{"type":"U","date":"2018-04-24T05:26:48.000Z","volume":500,"label":"X","price":23.6},{"type":"B","date":"2018-04-24T05:27:16.000Z","volume":1500,"label":" ","price":23.55},{"type":"B","date":"2018-04-24T05:28:16.000Z","volume":2000,"label":" ","price":23.55},{"type":"A","date":"2018-04-24T05:28:17.000Z","volume":500,"label":" ","price":23.65},{"type":"B","date":"2018-04-24T05:29:16.000Z","volume":1500,"label":" ","price":23.55},{"type":"A","date":"2018-04-24T05:29:16.000Z","volume":500,"label":" ","price":23.65},{"type":"B","date":"2018-04-24T05:29:18.000Z","volume":500,"label":" ","price":23.6},{"type":"B","date":"2018-04-24T05:29:26.000Z","volume":500,"label":"Y","price":23.6},{"type":"B","date":"2018-04-24T05:29:26.000Z","volume":4500,"label":" ","price":23.6},{"type":"B","date":"2018-04-24T05:29:26.000Z","volume":500,"label":" ","price":23.6},{"type":"A","date":"2018-04-24T05:29:27.000Z","volume":1000,"label":" ","price":23.65},{"type":"B","date":"2018-04-24T05:29:27.000Z","volume":5500,"label":" ","price":23.6},{"type":"A","date":"2018-04-24T05:29:27.000Z","volume":2000,"label":" ","price":23.6},{"type":"A","date":"2018-04-24T05:29:27.000Z","volume":1000,"label":" ","price":23.6},{"type":"A","date":"2018-04-24T05:29:28.000Z","volume":500,"label":" ","price":23.6},{"type":"A","date":"2018-04-24T05:29:28.000Z","volume":500,"label":" ","price":23.6},{"type":"U","date":"2018-04-24T05:29:31.000Z","volume":500,"label":"X","price":23.6},{"type":"U","date":"2018-04-24T05:29:31.000Z","volume":500,"label":"X","price":23.6},{"type":"U","date":"2018-04-24T05:29:31.000Z","volume":500,"label":"X","price":23.6},{"type":"B","date":"2018-04-24T05:30:16.000Z","volume":1500,"label":" ","price":23.55},{"type":"B","date":"2018-04-24T05:30:16.000Z","volume":1000,"label":" ","price":23.55},{"type":"B","date":"2018-04-24T05:30:16.000Z","volume":500,"label":" ","price":23.55},{"type":"A","date":"2018-04-24T05:30:18.000Z","volume":500,"label":" ","price":23.6},{"type":"B","date":"2018-04-24T05:30:46.000Z","volume":1000,"label":" ","price":23.55},{"type":"A","date":"2018-04-24T05:30:48.000Z","volume":500,"label":" ","price":23.6},{"type":"U","date":"2018-04-24T05:31:01.000Z","volume":1000,"label":"X","price":23.6},{"type":"B","date":"2018-04-24T05:31:16.000Z","volume":1000,"label":" ","price":23.55},{"type":"B","date":"2018-04-24T05:31:16.000Z","volume":1500,"label":" ","price":23.55},{"type":"A","date":"2018-04-24T05:31:17.000Z","volume":500,"label":" ","price":23.6},{"type":"B","date":"2018-04-24T05:31:46.000Z","volume":1000,"label":" ","price":23.55},{"type":"B","date":"2018-04-24T05:31:48.000Z","volume":2000,"label":" ","price":23.55},{"type":"A","date":"2018-04-24T05:31:50.000Z","volume":500,"label":" ","price":23.6},{"type":"B","date":"2018-04-24T05:31:59.000Z","volume":500,"label":" ","price":23.55},{"type":"A","date":"2018-04-24T05:32:00.000Z","volume":500,"label":" ","price":23.6},{"type":"A","date":"2018-04-24T05:32:12.000Z","volume":500,"label":" ","price":23.6},{"type":"B","date":"2018-04-24T05:32:16.000Z","volume":1000,"label":" ","price":23.55},{"type":"U","date":"2018-04-24T05:32:31.000Z","volume":500,"label":"X","price":23.575},{"type":"B","date":"2018-04-24T05:34:16.000Z","volume":1500,"label":" ","price":23.55},{"type":"A","date":"2018-04-24T05:34:18.000Z","volume":500,"label":" ","price":23.6},{"type":"U","date":"2018-04-24T05:34:31.000Z","volume":500,"label":"X","price":23.55},{"type":"B","date":"2018-04-24T05:35:16.000Z","volume":1500,"label":" ","price":23.55},{"type":"B","date":"2018-04-24T05:35:16.000Z","volume":1500,"label":" ","price":23.55},{"type":"B","date":"2018-04-24T05:35:16.000Z","volume":500,"label":" ","price":23.55},{"type":"A","date":"2018-04-24T05:35:35.000Z","volume":30000,"label":" ","price":23.6},{"type":"A","date":"2018-04-24T05:35:35.000Z","volume":2000,"label":" ","price":23.6},{"type":"A","date":"2018-04-24T05:35:35.000Z","volume":9000,"label":"Y","price":23.6},{"type":"A","date":"2018-04-24T05:35:35.000Z","volume":50000,"label":" ","price":23.6},{"type":"A","date":"2018-04-24T05:35:36.000Z","volume":8500,"label":" ","price":23.65},{"type":"A","date":"2018-04-24T05:35:36.000Z","volume":3000,"label":" ","price":23.7},{"type":"B","date":"2018-04-24T05:35:40.000Z","volume":5000,"label":" ","price":23.65},{"type":"A","date":"2018-04-24T05:35:41.000Z","volume":500,"label":" ","price":23.7},{"type":"U","date":"2018-04-24T05:35:48.000Z","volume":500,"label":"X","price":23.55},{"type":"U","date":"2018-04-24T05:37:16.000Z","volume":1500,"label":"X","price":23.606},{"type":"A","date":"2018-04-24T05:38:07.000Z","volume":500,"label":" ","price":23.7},{"type":"B","date":"2018-04-24T05:38:47.000Z","volume":1000,"label":" ","price":23.65},{"type":"B","date":"2018-04-24T05:38:47.000Z","volume":7000,"label":" ","price":23.65},{"type":"A","date":"2018-04-24T05:38:47.000Z","volume":500,"label":" ","price":23.7},{"type":"B","date":"2018-04-24T05:39:17.000Z","volume":1000,"label":" ","price":23.65},{"type":"B","date":"2018-04-24T05:39:17.000Z","volume":1500,"label":" ","price":23.65},{"type":"A","date":"2018-04-24T05:39:17.000Z","volume":500,"label":" ","price":23.7},{"type":"B","date":"2018-04-24T05:39:47.000Z","volume":1500,"label":" ","price":23.65},{"type":"B","date":"2018-04-24T05:39:47.000Z","volume":2500,"label":" ","price":23.65},{"type":"A","date":"2018-04-24T05:39:48.000Z","volume":500,"label":" ","price":23.7},{"type":"B","date":"2018-04-24T05:40:47.000Z","volume":1000,"label":" ","price":23.65},{"type":"B","date":"2018-04-24T05:40:47.000Z","volume":4000,"label":" ","price":23.65},{"type":"A","date":"2018-04-24T05:40:48.000Z","volume":500,"label":" ","price":23.7},{"type":"A","date":"2018-04-24T05:40:49.000Z","volume":8500,"label":" ","price":23.7},{"type":"A","date":"2018-04-24T05:40:49.000Z","volume":1000,"label":" ","price":23.7},{"type":"A","date":"2018-04-24T05:40:51.000Z","volume":1500,"label":" ","price":23.7},{"type":"B","date":"2018-04-24T05:41:17.000Z","volume":1000,"label":" ","price":23.65},{"type":"A","date":"2018-04-24T05:41:17.000Z","volume":500,"label":" ","price":23.7},{"type":"B","date":"2018-04-24T05:41:47.000Z","volume":1500,"label":" ","price":23.65},{"type":"A","date":"2018-04-24T05:41:49.000Z","volume":500,"label":" ","price":23.7},{"type":"B","date":"2018-04-24T05:42:02.000Z","volume":2500,"label":" ","price":23.65},{"type":"A","date":"2018-04-24T05:42:02.000Z","volume":500,"label":" ","price":23.7},{"type":"A","date":"2018-04-24T05:42:04.000Z","volume":500,"label":" ","price":23.7},{"type":"A","date":"2018-04-24T05:42:33.000Z","volume":5000,"label":" ","price":23.7},{"type":"A","date":"2018-04-24T05:42:33.000Z","volume":500,"label":" ","price":23.7},{"type":"A","date":"2018-04-24T05:42:34.000Z","volume":500,"label":" ","price":23.7},{"type":"B","date":"2018-04-24T05:42:47.000Z","volume":1000,"label":" ","price":23.65},{"type":"B","date":"2018-04-24T05:43:17.000Z","volume":1000,"label":" ","price":23.65},{"type":"A","date":"2018-04-24T05:43:18.000Z","volume":500,"label":" ","price":23.7},{"type":"B","date":"2018-04-24T05:43:53.000Z","volume":3500,"label":" ","price":23.65},{"type":"B","date":"2018-04-24T05:43:53.000Z","volume":500,"label":" ","price":23.65},{"type":"A","date":"2018-04-24T05:43:54.000Z","volume":500,"label":" ","price":23.65},{"type":"B","date":"2018-04-24T05:45:54.000Z","volume":7500,"label":" ","price":23.6},{"type":"A","date":"2018-04-24T05:45:56.000Z","volume":500,"label":" ","price":23.6},{"type":"A","date":"2018-04-24T05:46:06.000Z","volume":500,"label":" ","price":23.6},{"type":"A","date":"2018-04-24T05:46:07.000Z","volume":500,"label":" ","price":23.6},{"type":"U","date":"2018-04-24T05:47:16.000Z","volume":3000,"label":"X","price":23.66},{"type":"A","date":"2018-04-24T05:49:05.000Z","volume":1500,"label":" ","price":23.6},{"type":"A","date":"2018-04-24T05:49:11.000Z","volume":1000,"label":" ","price":23.6},{"type":"A","date":"2018-04-24T05:50:05.000Z","volume":1000,"label":" ","price":23.6},{"type":"A","date":"2018-04-24T05:50:06.000Z","volume":500,"label":" ","price":23.6},{"type":"A","date":"2018-04-24T05:50:07.000Z","volume":1500,"label":" ","price":23.6},{"type":"A","date":"2018-04-24T05:50:07.000Z","volume":500,"label":" ","price":23.6},{"type":"A","date":"2018-04-24T05:50:40.000Z","volume":500,"label":" ","price":23.6},{"type":"A","date":"2018-04-24T05:51:11.000Z","volume":500,"label":" ","price":23.6},{"type":"A","date":"2018-04-24T05:51:12.000Z","volume":2000,"label":" ","price":23.6},{"type":"A","date":"2018-04-24T05:51:12.000Z","volume":500,"label":" ","price":23.6},{"type":"A","date":"2018-04-24T05:51:13.000Z","volume":500,"label":" ","price":23.6},{"type":"A","date":"2018-04-24T05:51:15.000Z","volume":2500,"label":" ","price":23.6},{"type":"A","date":"2018-04-24T05:51:52.000Z","volume":500,"label":" ","price":23.6},{"type":"A","date":"2018-04-24T05:51:53.000Z","volume":500,"label":" ","price":23.6},{"type":"A","date":"2018-04-24T05:51:53.000Z","volume":500,"label":" ","price":23.6},{"type":"A","date":"2018-04-24T05:52:12.000Z","volume":1500,"label":" ","price":23.6},{"type":"A","date":"2018-04-24T05:52:12.000Z","volume":500,"label":" ","price":23.6},{"type":"A","date":"2018-04-24T05:52:13.000Z","volume":1500,"label":" ","price":23.6},{"type":"A","date":"2018-04-24T05:52:13.000Z","volume":500,"label":" ","price":23.6},{"type":"A","date":"2018-04-24T05:53:06.000Z","volume":1000,"label":" ","price":23.6},{"type":"A","date":"2018-04-24T05:53:16.000Z","volume":2000,"label":" ","price":23.6},{"type":"A","date":"2018-04-24T05:53:16.000Z","volume":500,"label":" ","price":23.6},{"type":"A","date":"2018-04-24T05:54:12.000Z","volume":2000,"label":" ","price":23.6},{"type":"A","date":"2018-04-24T05:54:13.000Z","volume":500,"label":" ","price":23.6},{"type":"A","date":"2018-04-24T05:54:19.000Z","volume":1500,"label":" ","price":23.6},{"type":"A","date":"2018-04-24T05:55:02.000Z","volume":1000,"label":" ","price":23.6},{"type":"A","date":"2018-04-24T05:55:02.000Z","volume":500,"label":" ","price":23.6},{"type":"A","date":"2018-04-24T05:55:04.000Z","volume":500,"label":" ","price":23.6},{"type":"A","date":"2018-04-24T05:55:19.000Z","volume":1500,"label":" ","price":23.6},{"type":"A","date":"2018-04-24T05:56:00.000Z","volume":1500,"label":" ","price":23.6},{"type":"A","date":"2018-04-24T05:56:22.000Z","volume":2000,"label":" ","price":23.6},{"type":"A","date":"2018-04-24T05:56:22.000Z","volume":500,"label":" ","price":23.6},{"type":"A","date":"2018-04-24T05:56:23.000Z","volume":500,"label":" ","price":23.6},{"type":"A","date":"2018-04-24T05:56:54.000Z","volume":1000,"label":" ","price":23.6},{"type":"A","date":"2018-04-24T05:57:20.000Z","volume":1500,"label":" ","price":23.6},{"type":"A","date":"2018-04-24T05:57:21.000Z","volume":500,"label":" ","price":23.6},{"type":"A","date":"2018-04-24T05:57:50.000Z","volume":1500,"label":" ","price":23.6},{"type":"A","date":"2018-04-24T05:57:50.000Z","volume":500,"label":" ","price":23.6},{"type":"A","date":"2018-04-24T05:58:20.000Z","volume":500,"label":" ","price":23.6},{"type":"A","date":"2018-04-24T05:58:29.000Z","volume":2000,"label":" ","price":23.6},{"type":"A","date":"2018-04-24T05:58:29.000Z","volume":500,"label":" ","price":23.6},{"type":"A","date":"2018-04-24T05:58:29.000Z","volume":500,"label":" ","price":23.6},{"type":"A","date":"2018-04-24T05:58:29.000Z","volume":500,"label":" ","price":23.6},{"type":"A","date":"2018-04-24T05:58:30.000Z","volume":500,"label":" ","price":23.6},{"type":"A","date":"2018-04-24T05:58:31.000Z","volume":500,"label":" ","price":23.6},{"type":"A","date":"2018-04-24T05:58:54.000Z","volume":1500,"label":" ","price":23.6},{"type":"A","date":"2018-04-24T05:58:55.000Z","volume":500,"label":" ","price":23.6},{"type":"A","date":"2018-04-24T05:59:15.000Z","volume":500,"label":" ","price":23.6},{"type":"A","date":"2018-04-24T05:59:32.000Z","volume":1000,"label":" ","price":23.6},{"type":"A","date":"2018-04-24T05:59:45.000Z","volume":1000,"label":" ","price":23.6},{"type":"A","date":"2018-04-24T05:59:45.000Z","volume":500,"label":" ","price":23.6},{"type":"A","date":"2018-04-24T06:00:34.000Z","volume":3000,"label":" ","price":23.6},{"type":"A","date":"2018-04-24T06:00:35.000Z","volume":500,"label":" ","price":23.6},{"type":"A","date":"2018-04-24T06:00:39.000Z","volume":2000,"label":" ","price":23.6},{"type":"A","date":"2018-04-24T06:00:39.000Z","volume":500,"label":" ","price":23.6},{"type":"A","date":"2018-04-24T06:00:40.000Z","volume":500,"label":" ","price":23.6},{"type":"A","date":"2018-04-24T06:01:33.000Z","volume":1000,"label":" ","price":23.6},{"type":"A","date":"2018-04-24T06:02:25.000Z","volume":1000,"label":" ","price":23.6},{"type":"A","date":"2018-04-24T06:02:25.000Z","volume":500,"label":" ","price":23.6},{"type":"A","date":"2018-04-24T06:02:32.000Z","volume":2500,"label":" ","price":23.6},{"type":"A","date":"2018-04-24T06:02:32.000Z","volume":500,"label":" ","price":23.6},{"type":"A","date":"2018-04-24T06:02:32.000Z","volume":500,"label":" ","price":23.6},{"type":"B","date":"2018-04-24T06:03:12.000Z","volume":2000,"label":" ","price":23.55},{"type":"A","date":"2018-04-24T06:03:13.000Z","volume":500,"label":" ","price":23.6},{"type":"A","date":"2018-04-24T06:03:29.000Z","volume":1500,"label":" ","price":23.6},{"type":"A","date":"2018-04-24T06:03:29.000Z","volume":500,"label":" ","price":23.6},{"type":"A","date":"2018-04-24T06:03:42.000Z","volume":2000,"label":" ","price":23.6},{"type":"A","date":"2018-04-24T06:03:43.000Z","volume":500,"label":" ","price":23.6},{"type":"U","date":"2018-04-24T06:04:04.000Z","volume":2000,"label":"X","price":23.596},{"type":"A","date":"2018-04-24T06:04:22.000Z","volume":1000,"label":" ","price":23.6},{"type":"A","date":"2018-04-24T06:04:43.000Z","volume":1000,"label":" ","price":23.6},{"type":"A","date":"2018-04-24T06:04:52.000Z","volume":500,"label":"Y","price":23.6},{"type":"A","date":"2018-04-24T06:04:52.000Z","volume":500,"label":" ","price":23.6},{"type":"A","date":"2018-04-24T06:05:00.000Z","volume":500,"label":" ","price":23.6},{"type":"A","date":"2018-04-24T06:05:31.000Z","volume":1500,"label":" ","price":23.6},{"type":"A","date":"2018-04-24T06:05:32.000Z","volume":500,"label":" ","price":23.6},{"type":"A","date":"2018-04-24T06:05:53.000Z","volume":2000,"label":" ","price":23.6},{"type":"A","date":"2018-04-24T06:06:27.000Z","volume":1000,"label":" ","price":23.6},{"type":"A","date":"2018-04-24T06:06:27.000Z","volume":500,"label":" ","price":23.6},{"type":"A","date":"2018-04-24T06:06:28.000Z","volume":500,"label":" ","price":23.6},{"type":"A","date":"2018-04-24T06:07:11.000Z","volume":500,"label":" ","price":23.6},{"type":"A","date":"2018-04-24T06:07:21.000Z","volume":500,"label":" ","price":23.6},{"type":"A","date":"2018-04-24T06:07:26.000Z","volume":1000,"label":" ","price":23.6},{"type":"A","date":"2018-04-24T06:07:53.000Z","volume":2500,"label":" ","price":23.6},{"type":"A","date":"2018-04-24T06:07:53.000Z","volume":500,"label":" ","price":23.6},{"type":"A","date":"2018-04-24T06:07:54.000Z","volume":500,"label":" ","price":23.6},{"type":"A","date":"2018-04-24T06:08:26.000Z","volume":1000,"label":" ","price":23.6},{"type":"A","date":"2018-04-24T06:09:00.000Z","volume":1000,"label":" ","price":23.6},{"type":"A","date":"2018-04-24T06:09:59.000Z","volume":1000,"label":" ","price":23.6},{"type":"A","date":"2018-04-24T06:10:00.000Z","volume":500,"label":" ","price":23.6},{"type":"A","date":"2018-04-24T06:10:30.000Z","volume":3500,"label":" ","price":23.6},{"type":"A","date":"2018-04-24T06:10:30.000Z","volume":500,"label":" ","price":23.6},{"type":"A","date":"2018-04-24T06:10:31.000Z","volume":500,"label":" ","price":23.6},{"type":"A","date":"2018-04-24T06:10:50.000Z","volume":500,"label":" ","price":23.6},{"type":"A","date":"2018-04-24T06:10:51.000Z","volume":500,"label":" ","price":23.6},{"type":"A","date":"2018-04-24T06:11:00.000Z","volume":3000,"label":" ","price":23.6},{"type":"A","date":"2018-04-24T06:11:00.000Z","volume":500,"label":" ","price":23.6},{"type":"A","date":"2018-04-24T06:11:01.000Z","volume":500,"label":" ","price":23.6},{"type":"A","date":"2018-04-24T06:11:19.000Z","volume":500,"label":"Y","price":23.6},{"type":"A","date":"2018-04-24T06:11:31.000Z","volume":1500,"label":" ","price":23.6},{"type":"A","date":"2018-04-24T06:11:31.000Z","volume":500,"label":" ","price":23.6},{"type":"A","date":"2018-04-24T06:11:32.000Z","volume":500,"label":" ","price":23.6},{"type":"A","date":"2018-04-24T06:11:33.000Z","volume":500,"label":" ","price":23.6},{"type":"A","date":"2018-04-24T06:11:45.000Z","volume":500,"label":" ","price":23.6},{"type":"A","date":"2018-04-24T06:11:53.000Z","volume":1000,"label":" ","price":23.6},{"type":"A","date":"2018-04-24T06:12:28.000Z","volume":500,"label":" ","price":23.6},{"type":"A","date":"2018-04-24T06:12:44.000Z","volume":500,"label":" ","price":23.6},{"type":"A","date":"2018-04-24T06:12:58.000Z","volume":1500,"label":" ","price":23.6},{"type":"A","date":"2018-04-24T06:12:58.000Z","volume":500,"label":" ","price":23.6},{"type":"A","date":"2018-04-24T06:12:59.000Z","volume":500,"label":" ","price":23.6},{"type":"A","date":"2018-04-24T06:13:17.000Z","volume":500,"label":" ","price":23.6},{"type":"A","date":"2018-04-24T06:13:22.000Z","volume":500,"label":" ","price":23.6},{"type":"A","date":"2018-04-24T06:13:30.000Z","volume":2500,"label":" ","price":23.6},{"type":"A","date":"2018-04-24T06:13:57.000Z","volume":1500,"label":" ","price":23.6},{"type":"A","date":"2018-04-24T06:13:57.000Z","volume":500,"label":" ","price":23.6},{"type":"A","date":"2018-04-24T06:13:58.000Z","volume":500,"label":" ","price":23.6},{"type":"A","date":"2018-04-24T06:14:07.000Z","volume":500,"label":" ","price":23.6},{"type":"A","date":"2018-04-24T06:14:38.000Z","volume":1500,"label":" ","price":23.6},{"type":"A","date":"2018-04-24T06:14:54.000Z","volume":1000,"label":" ","price":23.6},{"type":"A","date":"2018-04-24T06:14:55.000Z","volume":500,"label":" ","price":23.6},{"type":"A","date":"2018-04-24T06:15:28.000Z","volume":1000,"label":" ","price":23.6},{"type":"A","date":"2018-04-24T06:15:28.000Z","volume":500,"label":" ","price":23.6},{"type":"A","date":"2018-04-24T06:16:03.000Z","volume":2000,"label":" ","price":23.6},{"type":"A","date":"2018-04-24T06:16:03.000Z","volume":500,"label":" ","price":23.6},{"type":"A","date":"2018-04-24T06:16:03.000Z","volume":500,"label":" ","price":23.6},{"type":"A","date":"2018-04-24T06:16:03.000Z","volume":500,"label":" ","price":23.6},{"type":"A","date":"2018-04-24T06:16:04.000Z","volume":500,"label":" ","price":23.6},{"type":"A","date":"2018-04-24T06:16:30.000Z","volume":1000,"label":" ","price":23.6},{"type":"A","date":"2018-04-24T06:16:31.000Z","volume":500,"label":" ","price":23.6},{"type":"A","date":"2018-04-24T06:16:32.000Z","volume":500,"label":" ","price":23.6},{"type":"A","date":"2018-04-24T06:17:10.000Z","volume":2000,"label":" ","price":23.6},{"type":"A","date":"2018-04-24T06:17:10.000Z","volume":15000,"label":" ","price":23.6},{"type":"A","date":"2018-04-24T06:17:10.000Z","volume":15500,"label":" ","price":23.6},{"type":"A","date":"2018-04-24T06:17:11.000Z","volume":4500,"label":" ","price":23.65},{"type":"A","date":"2018-04-24T06:17:12.000Z","volume":2000,"label":" ","price":23.65},{"type":"U","date":"2018-04-24T06:17:19.000Z","volume":1000,"label":"X","price":23.625},{"type":"U","date":"2018-04-24T06:17:32.000Z","volume":500,"label":"X","price":23.625},{"type":"A","date":"2018-04-24T06:17:52.000Z","volume":500,"label":" ","price":23.65},{"type":"A","date":"2018-04-24T06:18:05.000Z","volume":1000,"label":" ","price":23.65},{"type":"A","date":"2018-04-24T06:18:07.000Z","volume":1000,"label":" ","price":23.65},{"type":"A","date":"2018-04-24T06:18:08.000Z","volume":500,"label":" ","price":23.65},{"type":"A","date":"2018-04-24T06:18:22.000Z","volume":1500,"label":" ","price":23.65},{"type":"A","date":"2018-04-24T06:18:24.000Z","volume":500,"label":" ","price":23.65},{"type":"A","date":"2018-04-24T06:18:44.000Z","volume":500,"label":" ","price":23.65},{"type":"B","date":"2018-04-24T06:18:46.000Z","volume":22500,"label":" ","price":23.6},{"type":"A","date":"2018-04-24T06:18:46.000Z","volume":500,"label":" ","price":23.6},{"type":"A","date":"2018-04-24T06:18:46.000Z","volume":1000,"label":" ","price":23.6},{"type":"A","date":"2018-04-24T06:18:46.000Z","volume":500,"label":" ","price":23.6},{"type":"A","date":"2018-04-24T06:18:46.000Z","volume":500,"label":" ","price":23.6},{"type":"A","date":"2018-04-24T06:18:48.000Z","volume":500,"label":" ","price":23.6},{"type":"B","date":"2018-04-24T06:18:49.000Z","volume":9000,"label":" ","price":23.55},{"type":"A","date":"2018-04-24T06:18:49.000Z","volume":500,"label":" ","price":23.6},{"type":"B","date":"2018-04-24T06:19:16.000Z","volume":9500,"label":" ","price":23.55},{"type":"A","date":"2018-04-24T06:19:16.000Z","volume":5000,"label":" ","price":23.55},{"type":"A","date":"2018-04-24T06:19:17.000Z","volume":500,"label":" ","price":23.55},{"type":"A","date":"2018-04-24T06:19:18.000Z","volume":1000,"label":" ","price":23.55},{"type":"A","date":"2018-04-24T06:19:19.000Z","volume":500,"label":" ","price":23.55},{"type":"B","date":"2018-04-24T06:20:42.000Z","volume":6500,"label":" ","price":23.5},{"type":"A","date":"2018-04-24T06:20:42.000Z","volume":500,"label":" ","price":23.5},{"type":"A","date":"2018-04-24T06:20:42.000Z","volume":500,"label":" ","price":23.5},{"type":"B","date":"2018-04-24T06:20:49.000Z","volume":2500,"label":" ","price":23.45},{"type":"A","date":"2018-04-24T06:20:49.000Z","volume":8000,"label":" ","price":23.5},{"type":"A","date":"2018-04-24T06:20:50.000Z","volume":1000,"label":" ","price":23.5},{"type":"A","date":"2018-04-24T06:20:50.000Z","volume":1000,"label":" ","price":23.5},{"type":"A","date":"2018-04-24T06:20:52.000Z","volume":30500,"label":" ","price":23.5},{"type":"A","date":"2018-04-24T06:20:52.000Z","volume":53000,"label":" ","price":23.5},{"type":"A","date":"2018-04-24T06:20:52.000Z","volume":4500,"label":" ","price":23.55},{"type":"A","date":"2018-04-24T06:20:53.000Z","volume":11000,"label":" ","price":23.55},{"type":"A","date":"2018-04-24T06:20:54.000Z","volume":2500,"label":" ","price":23.55},{"type":"A","date":"2018-04-24T06:20:54.000Z","volume":34000,"label":" ","price":23.55},{"type":"A","date":"2018-04-24T06:20:54.000Z","volume":1000,"label":" ","price":23.55},{"type":"A","date":"2018-04-24T06:20:54.000Z","volume":6000,"label":" ","price":23.55},{"type":"A","date":"2018-04-24T06:20:56.000Z","volume":3500,"label":" ","price":23.6},{"type":"U","date":"2018-04-24T06:22:45.000Z","volume":1500,"label":"X","price":23.535},{"type":"A","date":"2018-04-24T06:22:59.000Z","volume":500,"label":" ","price":23.6},{"type":"B","date":"2018-04-24T06:25:22.000Z","volume":500,"label":" ","price":23.55},{"type":"A","date":"2018-04-24T06:25:23.000Z","volume":6000,"label":" ","price":23.6},{"type":"A","date":"2018-04-24T06:25:24.000Z","volume":2000,"label":" ","price":23.6},{"type":"A","date":"2018-04-24T06:25:36.000Z","volume":1500,"label":" ","price":23.6},{"type":"A","date":"2018-04-24T06:25:36.000Z","volume":1000,"label":" ","price":23.6},{"type":"A","date":"2018-04-24T06:26:41.000Z","volume":1500,"label":" ","price":23.6},{"type":"A","date":"2018-04-24T06:26:42.000Z","volume":500,"label":" ","price":23.6},{"type":"A","date":"2018-04-24T06:26:46.000Z","volume":2500,"label":" ","price":23.6},{"type":"A","date":"2018-04-24T06:26:46.000Z","volume":500,"label":" ","price":23.6},{"type":"A","date":"2018-04-24T06:27:20.000Z","volume":500,"label":" ","price":23.6},{"type":"B","date":"2018-04-24T06:27:31.000Z","volume":23000,"label":" ","price":23.55},{"type":"A","date":"2018-04-24T06:27:31.000Z","volume":500,"label":" ","price":23.6},{"type":"A","date":"2018-04-24T06:28:02.000Z","volume":500,"label":" ","price":23.6},{"type":"A","date":"2018-04-24T06:28:26.000Z","volume":500,"label":" ","price":23.6},{"type":"B","date":"2018-04-24T06:30:06.000Z","volume":2500,"label":" ","price":23.55},{"type":"A","date":"2018-04-24T06:30:08.000Z","volume":500,"label":" ","price":23.6},{"type":"B","date":"2018-04-24T06:30:42.000Z","volume":500,"label":" ","price":23.55},{"type":"U","date":"2018-04-24T06:30:59.000Z","volume":1000,"label":"X","price":23.566},{"type":"A","date":"2018-04-24T06:31:11.000Z","volume":500,"label":" ","price":23.6},{"type":"A","date":"2018-04-24T06:31:25.000Z","volume":2000,"label":" ","price":23.6},{"type":"A","date":"2018-04-24T06:32:02.000Z","volume":500,"label":" ","price":23.6},{"type":"A","date":"2018-04-24T06:32:04.000Z","volume":500,"label":" ","price":23.6},{"type":"A","date":"2018-04-24T06:32:15.000Z","volume":500,"label":" ","price":23.6},{"type":"B","date":"2018-04-24T06:32:15.000Z","volume":14500,"label":" ","price":23.55},{"type":"A","date":"2018-04-24T06:32:15.000Z","volume":3500,"label":" ","price":23.55},{"type":"A","date":"2018-04-24T06:32:17.000Z","volume":500,"label":" ","price":23.55},{"type":"B","date":"2018-04-24T06:32:20.000Z","volume":3000,"label":" ","price":23.5},{"type":"A","date":"2018-04-24T06:32:21.000Z","volume":500,"label":" ","price":23.55},{"type":"B","date":"2018-04-24T06:35:06.000Z","volume":4500,"label":" ","price":23.5},{"type":"B","date":"2018-04-24T06:35:06.000Z","volume":8000,"label":" ","price":23.5},{"type":"A","date":"2018-04-24T06:35:08.000Z","volume":500,"label":" ","price":23.55},{"type":"B","date":"2018-04-24T06:35:50.000Z","volume":5500,"label":" ","price":23.5},{"type":"B","date":"2018-04-24T06:35:50.000Z","volume":1000,"label":" ","price":23.5},{"type":"A","date":"2018-04-24T06:35:52.000Z","volume":500,"label":" ","price":23.55},{"type":"B","date":"2018-04-24T06:36:05.000Z","volume":11500,"label":" ","price":23.5},{"type":"A","date":"2018-04-24T06:36:05.000Z","volume":500,"label":" ","price":23.5},{"type":"B","date":"2018-04-24T06:36:42.000Z","volume":500,"label":" ","price":23.45},{"type":"A","date":"2018-04-24T06:36:49.000Z","volume":500,"label":" ","price":23.5},{"type":"B","date":"2018-04-24T06:39:06.000Z","volume":4000,"label":" ","price":23.45},{"type":"A","date":"2018-04-24T06:39:06.000Z","volume":1000,"label":" ","price":23.5},{"type":"B","date":"2018-04-24T06:39:06.000Z","volume":500,"label":" ","price":23.45},{"type":"A","date":"2018-04-24T06:39:19.000Z","volume":6000,"label":"Y","price":23.5},{"type":"A","date":"2018-04-24T06:39:21.000Z","volume":500,"label":" ","price":23.5},{"type":"A","date":"2018-04-24T06:40:13.000Z","volume":1000,"label":"Y","price":23.5},{"type":"A","date":"2018-04-24T06:40:13.000Z","volume":500,"label":" ","price":23.5},{"type":"A","date":"2018-04-24T06:40:19.000Z","volume":6000,"label":"Y","price":23.5},{"type":"A","date":"2018-04-24T06:40:19.000Z","volume":500,"label":" ","price":23.5},{"type":"A","date":"2018-04-24T06:40:19.000Z","volume":2500,"label":" ","price":23.5},{"type":"A","date":"2018-04-24T06:40:21.000Z","volume":500,"label":" ","price":23.5},{"type":"A","date":"2018-04-24T06:41:00.000Z","volume":2000,"label":" ","price":23.5},{"type":"A","date":"2018-04-24T06:41:14.000Z","volume":1000,"label":" ","price":23.5},{"type":"A","date":"2018-04-24T06:41:15.000Z","volume":1500,"label":" ","price":23.5},{"type":"A","date":"2018-04-24T06:41:16.000Z","volume":500,"label":" ","price":23.5},{"type":"A","date":"2018-04-24T06:41:20.000Z","volume":6000,"label":" ","price":23.5},{"type":"A","date":"2018-04-24T06:41:20.000Z","volume":500,"label":" ","price":23.5},{"type":"A","date":"2018-04-24T06:41:55.000Z","volume":1500,"label":" ","price":23.5},{"type":"U","date":"2018-04-24T06:42:03.000Z","volume":2000,"label":"X","price":23.494},{"type":"A","date":"2018-04-24T06:42:07.000Z","volume":1500,"label":" ","price":23.5},{"type":"A","date":"2018-04-24T06:42:15.000Z","volume":1000,"label":" ","price":23.5},{"type":"A","date":"2018-04-24T06:42:15.000Z","volume":500,"label":" ","price":23.5},{"type":"A","date":"2018-04-24T06:42:21.000Z","volume":6000,"label":" ","price":23.5},{"type":"A","date":"2018-04-24T06:42:21.000Z","volume":500,"label":" ","price":23.5},{"type":"A","date":"2018-04-24T06:42:45.000Z","volume":1500,"label":" ","price":23.5},{"type":"A","date":"2018-04-24T06:43:09.000Z","volume":2000,"label":" ","price":23.5},{"type":"B","date":"2018-04-24T06:43:12.000Z","volume":500,"label":" ","price":23.45},{"type":"A","date":"2018-04-24T06:43:13.000Z","volume":500,"label":" ","price":23.5},{"type":"A","date":"2018-04-24T06:43:16.000Z","volume":1000,"label":" ","price":23.5},{"type":"A","date":"2018-04-24T06:43:21.000Z","volume":6000,"label":" ","price":23.5},{"type":"A","date":"2018-04-24T06:43:23.000Z","volume":500,"label":" ","price":23.5},{"type":"A","date":"2018-04-24T06:43:40.000Z","volume":1500,"label":" ","price":23.5},{"type":"A","date":"2018-04-24T06:44:08.000Z","volume":2000,"label":" ","price":23.5},{"type":"A","date":"2018-04-24T06:44:08.000Z","volume":500,"label":" ","price":23.5},{"type":"A","date":"2018-04-24T06:44:13.000Z","volume":500,"label":" ","price":23.5},{"type":"A","date":"2018-04-24T06:44:18.000Z","volume":1000,"label":" ","price":23.5},{"type":"A","date":"2018-04-24T06:44:23.000Z","volume":6000,"label":" ","price":23.5},{"type":"A","date":"2018-04-24T06:44:24.000Z","volume":500,"label":" ","price":23.5},{"type":"A","date":"2018-04-24T06:44:42.000Z","volume":2000,"label":" ","price":23.5},{"type":"A","date":"2018-04-24T06:44:44.000Z","volume":500,"label":" ","price":23.5},{"type":"A","date":"2018-04-24T06:45:09.000Z","volume":500,"label":" ","price":23.5},{"type":"A","date":"2018-04-24T06:45:17.000Z","volume":2500,"label":" ","price":23.5},{"type":"A","date":"2018-04-24T06:45:19.000Z","volume":1000,"label":" ","price":23.5},{"type":"A","date":"2018-04-24T06:45:24.000Z","volume":6000,"label":" ","price":23.5},{"type":"A","date":"2018-04-24T06:45:24.000Z","volume":500,"label":" ","price":23.5},{"type":"A","date":"2018-04-24T06:45:38.000Z","volume":1500,"label":" ","price":23.5},{"type":"A","date":"2018-04-24T06:45:38.000Z","volume":500,"label":" ","price":23.5},{"type":"A","date":"2018-04-24T06:45:39.000Z","volume":10500,"label":" ","price":23.5},{"type":"A","date":"2018-04-24T06:45:39.000Z","volume":3000,"label":" ","price":23.5},{"type":"A","date":"2018-04-24T06:45:40.000Z","volume":500,"label":" ","price":23.55},{"type":"A","date":"2018-04-24T06:45:50.000Z","volume":1500,"label":" ","price":23.55},{"type":"A","date":"2018-04-24T06:45:52.000Z","volume":500,"label":" ","price":23.55},{"type":"A","date":"2018-04-24T06:46:20.000Z","volume":1000,"label":"Y","price":23.55},{"type":"A","date":"2018-04-24T06:46:20.000Z","volume":500,"label":" ","price":23.55},{"type":"B","date":"2018-04-24T06:46:21.000Z","volume":3500,"label":" ","price":23.5},{"type":"A","date":"2018-04-24T06:46:22.000Z","volume":1500,"label":" ","price":23.55},{"type":"A","date":"2018-04-24T06:46:22.000Z","volume":500,"label":" ","price":23.55},{"type":"A","date":"2018-04-24T06:46:24.000Z","volume":6000,"label":"Y","price":23.55},{"type":"A","date":"2018-04-24T06:46:26.000Z","volume":500,"label":" ","price":23.55},{"type":"A","date":"2018-04-24T06:47:21.000Z","volume":1000,"label":"Y","price":23.55},{"type":"B","date":"2018-04-24T06:47:21.000Z","volume":2500,"label":" ","price":23.5},{"type":"A","date":"2018-04-24T06:47:21.000Z","volume":2500,"label":" ","price":23.55},{"type":"A","date":"2018-04-24T06:47:22.000Z","volume":500,"label":" ","price":23.55},{"type":"A","date":"2018-04-24T06:47:25.000Z","volume":6000,"label":"Y","price":23.55},{"type":"A","date":"2018-04-24T06:47:25.000Z","volume":500,"label":" ","price":23.55},{"type":"A","date":"2018-04-24T06:47:26.000Z","volume":1000,"label":" ","price":23.55},{"type":"A","date":"2018-04-24T06:47:27.000Z","volume":500,"label":" ","price":23.55},{"type":"B","date":"2018-04-24T06:48:21.000Z","volume":1500,"label":" ","price":23.5},{"type":"A","date":"2018-04-24T06:48:21.000Z","volume":2500,"label":" ","price":23.55},{"type":"A","date":"2018-04-24T06:48:22.000Z","volume":1000,"label":"Y","price":23.55},{"type":"A","date":"2018-04-24T06:48:23.000Z","volume":500,"label":" ","price":23.55},{"type":"A","date":"2018-04-24T06:48:26.000Z","volume":6000,"label":"Y","price":23.55},{"type":"A","date":"2018-04-24T06:48:27.000Z","volume":500,"label":" ","price":23.55},{"type":"A","date":"2018-04-24T06:48:27.000Z","volume":1000,"label":" ","price":23.55},{"type":"A","date":"2018-04-24T06:49:23.000Z","volume":1000,"label":"Y","price":23.55},{"type":"A","date":"2018-04-24T06:49:27.000Z","volume":3000,"label":"Y","price":23.55},{"type":"A","date":"2018-04-24T06:49:27.000Z","volume":3000,"label":" ","price":23.55},{"type":"A","date":"2018-04-24T06:49:27.000Z","volume":3000,"label":" ","price":23.55},{"type":"A","date":"2018-04-24T06:49:27.000Z","volume":500,"label":" ","price":23.55},{"type":"A","date":"2018-04-24T06:49:28.000Z","volume":1000,"label":" ","price":23.55},{"type":"A","date":"2018-04-24T06:49:29.000Z","volume":500,"label":" ","price":23.55},{"type":"A","date":"2018-04-24T06:50:25.000Z","volume":1000,"label":" ","price":23.55},{"type":"A","date":"2018-04-24T06:50:26.000Z","volume":500,"label":" ","price":23.55},{"type":"A","date":"2018-04-24T06:50:26.000Z","volume":500,"label":" ","price":23.55},{"type":"A","date":"2018-04-24T06:50:28.000Z","volume":6000,"label":" ","price":23.55},{"type":"A","date":"2018-04-24T06:50:28.000Z","volume":1500,"label":" ","price":23.55},{"type":"A","date":"2018-04-24T06:50:29.000Z","volume":1000,"label":" ","price":23.6},{"type":"A","date":"2018-04-24T06:50:30.000Z","volume":500,"label":" ","price":23.6},{"type":"A","date":"2018-04-24T06:50:30.000Z","volume":500,"label":" ","price":23.6},{"type":"U","date":"2018-04-24T06:50:50.000Z","volume":2000,"label":"X","price":23.546},{"type":"B","date":"2018-04-24T06:50:51.000Z","volume":4000,"label":" ","price":23.55},{"type":"A","date":"2018-04-24T06:50:52.000Z","volume":500,"label":" ","price":23.6},{"type":"A","date":"2018-04-24T06:50:53.000Z","volume":500,"label":" ","price":23.6},{"type":"A","date":"2018-04-24T06:51:11.000Z","volume":500,"label":" ","price":23.6},{"type":"A","date":"2018-04-24T06:51:26.000Z","volume":1000,"label":"Y","price":23.6},{"type":"A","date":"2018-04-24T06:51:27.000Z","volume":500,"label":" ","price":23.6},{"type":"A","date":"2018-04-24T06:51:29.000Z","volume":6000,"label":"Y","price":23.6},{"type":"A","date":"2018-04-24T06:51:29.000Z","volume":500,"label":" ","price":23.6},{"type":"A","date":"2018-04-24T06:51:30.000Z","volume":1000,"label":" ","price":23.6},{"type":"A","date":"2018-04-24T06:51:44.000Z","volume":500,"label":" ","price":23.6},{"type":"A","date":"2018-04-24T06:51:49.000Z","volume":500,"label":" ","price":23.6},{"type":"B","date":"2018-04-24T06:51:51.000Z","volume":3000,"label":" ","price":23.55},{"type":"A","date":"2018-04-24T06:51:52.000Z","volume":500,"label":" ","price":23.6},{"type":"A","date":"2018-04-24T06:51:52.000Z","volume":500,"label":" ","price":23.6},{"type":"A","date":"2018-04-24T06:52:27.000Z","volume":1000,"label":"Y","price":23.6},{"type":"A","date":"2018-04-24T06:52:30.000Z","volume":6000,"label":"Y","price":23.6},{"type":"A","date":"2018-04-24T06:52:31.000Z","volume":1000,"label":" ","price":23.6},{"type":"A","date":"2018-04-24T06:52:31.000Z","volume":500,"label":" ","price":23.6},{"type":"B","date":"2018-04-24T06:52:51.000Z","volume":2500,"label":" ","price":23.55},{"type":"A","date":"2018-04-24T06:52:53.000Z","volume":500,"label":" ","price":23.6},{"type":"A","date":"2018-04-24T06:53:26.000Z","volume":500,"label":" ","price":23.6},{"type":"A","date":"2018-04-24T06:53:28.000Z","volume":1000,"label":"Y","price":23.6},{"type":"A","date":"2018-04-24T06:53:30.000Z","volume":3000,"label":"Y","price":23.6},{"type":"A","date":"2018-04-24T06:53:30.000Z","volume":3000,"label":" ","price":23.6},{"type":"A","date":"2018-04-24T06:53:30.000Z","volume":500,"label":" ","price":23.6},{"type":"A","date":"2018-04-24T06:53:30.000Z","volume":500,"label":" ","price":23.6},{"type":"A","date":"2018-04-24T06:53:31.000Z","volume":1000,"label":" ","price":23.6},{"type":"A","date":"2018-04-24T06:53:32.000Z","volume":500,"label":" ","price":23.6},{"type":"B","date":"2018-04-24T06:53:42.000Z","volume":3000,"label":" ","price":23.55},{"type":"B","date":"2018-04-24T06:53:51.000Z","volume":2000,"label":" ","price":23.5},{"type":"A","date":"2018-04-24T06:53:52.000Z","volume":500,"label":" ","price":23.55},{"type":"A","date":"2018-04-24T06:54:29.000Z","volume":1000,"label":"Y","price":23.55},{"type":"A","date":"2018-04-24T06:54:31.000Z","volume":6000,"label":"Y","price":23.55},{"type":"A","date":"2018-04-24T06:54:32.000Z","volume":500,"label":" ","price":23.55},{"type":"A","date":"2018-04-24T06:54:32.000Z","volume":1000,"label":" ","price":23.55},{"type":"B","date":"2018-04-24T06:54:36.000Z","volume":1000,"label":" ","price":23.5},{"type":"B","date":"2018-04-24T06:55:07.000Z","volume":500,"label":" ","price":23.5},{"type":"U","date":"2018-04-24T06:55:07.000Z","volume":1000,"label":"X","price":23.5},{"type":"A","date":"2018-04-24T06:55:09.000Z","volume":500,"label":" ","price":23.55},{"type":"A","date":"2018-04-24T06:55:30.000Z","volume":1000,"label":"Y","price":23.55},{"type":"A","date":"2018-04-24T06:55:30.000Z","volume":10500,"label":" ","price":23.55},{"type":"A","date":"2018-04-24T06:55:31.000Z","volume":1500,"label":" ","price":23.55},{"type":"A","date":"2018-04-24T06:55:31.000Z","volume":6000,"label":"Y","price":23.55},{"type":"B","date":"2018-04-24T06:55:37.000Z","volume":1000,"label":" ","price":23.5},{"type":"B","date":"2018-04-24T06:56:07.000Z","volume":1000,"label":" ","price":23.5},{"type":"A","date":"2018-04-24T06:56:23.000Z","volume":2000,"label":" ","price":23.55},{"type":"A","date":"2018-04-24T06:56:24.000Z","volume":1500,"label":" ","price":23.55},{"type":"A","date":"2018-04-24T06:56:32.000Z","volume":1000,"label":"Y","price":23.55},{"type":"A","date":"2018-04-24T06:56:33.000Z","volume":6000,"label":"Y","price":23.55},{"type":"B","date":"2018-04-24T06:56:37.000Z","volume":1000,"label":" ","price":23.5},{"type":"A","date":"2018-04-24T06:56:42.000Z","volume":203000,"label":"Y","price":23.55},{"type":"A","date":"2018-04-24T06:56:42.000Z","volume":20500,"label":" ","price":23.55},{"type":"A","date":"2018-04-24T06:56:42.000Z","volume":22500,"label":" ","price":23.6},{"type":"A","date":"2018-04-24T06:56:42.000Z","volume":6500,"label":"Y","price":23.65},{"type":"A","date":"2018-04-24T06:56:42.000Z","volume":23000,"label":" ","price":23.65},{"type":"A","date":"2018-04-24T06:56:42.000Z","volume":46500,"label":"Y","price":23.7},{"type":"A","date":"2018-04-24T06:56:42.000Z","volume":12000,"label":" ","price":23.7},{"type":"A","date":"2018-04-24T06:56:42.000Z","volume":30000,"label":"Y","price":23.75},{"type":"A","date":"2018-04-24T06:56:42.000Z","volume":83000,"label":" ","price":23.75},{"type":"A","date":"2018-04-24T06:56:42.000Z","volume":23000,"label":"Y","price":23.8},{"type":"A","date":"2018-04-24T06:56:42.000Z","volume":14500,"label":" ","price":23.8},{"type":"A","date":"2018-04-24T06:56:42.000Z","volume":9500,"label":" ","price":23.8},{"type":"A","date":"2018-04-24T06:56:42.000Z","volume":6000,"label":" ","price":23.8},{"type":"A","date":"2018-04-24T06:56:42.000Z","volume":500,"label":" ","price":23.85},{"type":"B","date":"2018-04-24T06:56:42.000Z","volume":1000,"label":" ","price":23.8},{"type":"B","date":"2018-04-24T06:56:42.000Z","volume":1000,"label":" ","price":23.8},{"type":"B","date":"2018-04-24T06:56:42.000Z","volume":500,"label":" ","price":23.8},{"type":"B","date":"2018-04-24T06:56:50.000Z","volume":2500,"label":" ","price":23.8},{"type":"U","date":"2018-04-24T06:56:53.000Z","volume":2000,"label":" ","price":23.85},{"type":"B","date":"2018-04-24T06:56:57.000Z","volume":3000,"label":" ","price":23.8},{"type":"A","date":"2018-04-24T06:57:01.000Z","volume":2500,"label":" ","price":23.85},{"type":"A","date":"2018-04-24T06:57:33.000Z","volume":1000,"label":"Y","price":23.9},{"type":"A","date":"2018-04-24T06:57:34.000Z","volume":6000,"label":"Y","price":23.9},{"type":"U","date":"2018-04-24T06:57:37.000Z","volume":1000,"label":"X","price":23.652},{"type":"A","date":"2018-04-24T06:58:34.000Z","volume":1000,"label":"Y","price":23.9},{"type":"A","date":"2018-04-24T06:58:34.000Z","volume":2000,"label":"Y","price":23.9},{"type":"A","date":"2018-04-24T06:58:34.000Z","volume":4000,"label":" ","price":23.9},{"type":"A","date":"2018-04-24T06:59:03.000Z","volume":500,"label":" ","price":23.9},{"type":"U","date":"2018-04-24T06:59:19.000Z","volume":2000,"label":" ","price":23.85},{"type":"B","date":"2018-04-24T06:59:20.000Z","volume":2500,"label":" ","price":23.8},{"type":"A","date":"2018-04-24T06:59:35.000Z","volume":1000,"label":" ","price":23.9},{"type":"A","date":"2018-04-24T06:59:35.000Z","volume":6000,"label":" ","price":23.9},{"type":"B","date":"2018-04-24T07:00:09.000Z","volume":7500,"label":" ","price":23.75},{"type":"A","date":"2018-04-24T07:00:36.000Z","volume":1000,"label":" ","price":23.9},{"type":"A","date":"2018-04-24T07:00:36.000Z","volume":6000,"label":" ","price":23.9},{"type":"U","date":"2018-04-24T07:00:47.000Z","volume":500,"label":" ","price":23.85},{"type":"A","date":"2018-04-24T07:00:51.000Z","volume":3000,"label":" ","price":23.9},{"type":"B","date":"2018-04-24T07:00:53.000Z","volume":7000,"label":" ","price":23.85},{"type":"B","date":"2018-04-24T07:00:53.000Z","volume":4500,"label":" ","price":23.8},{"type":"B","date":"2018-04-24T07:00:53.000Z","volume":500,"label":" ","price":23.75},{"type":"B","date":"2018-04-24T07:01:32.000Z","volume":4000,"label":" ","price":23.75},{"type":"B","date":"2018-04-24T07:01:36.000Z","volume":1000,"label":" ","price":23.75},{"type":"A","date":"2018-04-24T07:01:37.000Z","volume":1000,"label":"Y","price":23.8},{"type":"A","date":"2018-04-24T07:01:38.000Z","volume":6000,"label":"Y","price":23.8},{"type":"A","date":"2018-04-24T07:02:38.000Z","volume":1000,"label":"Y","price":23.8},{"type":"A","date":"2018-04-24T07:02:38.000Z","volume":6000,"label":" ","price":23.8},{"type":"U","date":"2018-04-24T07:02:44.000Z","volume":4500,"label":"X","price":23.833},{"type":"B","date":"2018-04-24T07:03:37.000Z","volume":1000,"label":" ","price":23.75},{"type":"A","date":"2018-04-24T07:03:40.000Z","volume":1000,"label":" ","price":23.8},{"type":"A","date":"2018-04-24T07:03:40.000Z","volume":6000,"label":" ","price":23.8},{"type":"A","date":"2018-04-24T07:04:25.000Z","volume":500,"label":" ","price":23.8},{"type":"A","date":"2018-04-24T07:04:41.000Z","volume":6000,"label":" ","price":23.8},{"type":"A","date":"2018-04-24T07:04:41.000Z","volume":1000,"label":" ","price":23.8},{"type":"A","date":"2018-04-24T07:05:42.000Z","volume":6000,"label":" ","price":23.8},{"type":"A","date":"2018-04-24T07:05:42.000Z","volume":1000,"label":" ","price":23.8},{"type":"A","date":"2018-04-24T07:06:42.000Z","volume":6000,"label":" ","price":23.8},{"type":"A","date":"2018-04-24T07:06:43.000Z","volume":1000,"label":" ","price":23.8},{"type":"A","date":"2018-04-24T07:07:13.000Z","volume":2000,"label":" ","price":23.8},{"type":"A","date":"2018-04-24T07:07:35.000Z","volume":500,"label":" ","price":23.8},{"type":"A","date":"2018-04-24T07:07:40.000Z","volume":500,"label":" ","price":23.8}