[{"type":"A","date":"2018-03-21T02:33:06.000Z","volume":50000,"label":" ","price":1.08},{"type":"B","date":"2018-03-21T02:33:18.000Z","volume":2000,"label":" ","price":1.07},{"type":"B","date":"2018-03-21T02:33:18.000Z","volume":2000,"label":" ","price":1.06},{"type":"B","date":"2018-03-21T02:35:19.000Z","volume":2000,"label":" ","price":1.06},{"type":"B","date":"2018-03-21T02:45:29.000Z","volume":2000,"label":" ","price":1.07},{"type":"B","date":"2018-03-21T03:00:02.000Z","volume":20000,"label":" ","price":1.06},{"type":"B","date":"2018-03-21T03:00:02.000Z","volume":4000,"label":" ","price":1.05},{"type":"A","date":"2018-03-21T03:00:08.000Z","volume":4000,"label":" ","price":1.06},{"type":"B","date":"2018-03-21T03:00:37.000Z","volume":124000,"label":" ","price":1.05},{"type":"B","date":"2018-03-21T03:00:38.000Z","volume":6000,"label":" ","price":1.05},{"type":"A","date":"2018-03-21T03:00:40.000Z","volume":2000,"label":"Y","price":1.06},{"type":"A","date":"2018-03-21T03:00:47.000Z","volume":2000,"label":"Y","price":1.06},{"type":"B","date":"2018-03-21T03:05:05.000Z","volume":2000,"label":" ","price":1.05},{"type":"A","date":"2018-03-21T03:05:07.000Z","volume":2000,"label":" ","price":1.06},{"type":"B","date":"2018-03-21T03:07:20.000Z","volume":2000,"label":" ","price":1.05},{"type":"B","date":"2018-03-21T03:16:20.000Z","volume":2000,"label":" ","price":1.05},{"type":"B","date":"2018-03-21T03:21:48.000Z","volume":2000,"label":" ","price":1.05},{"type":"B","date":"2018-03-21T03:24:21.000Z","volume":2000,"label":" ","price":1.05},{"type":"B","date":"2018-03-21T03:30:04.000Z","volume":2000,"label":" ","price":1.05},{"type":"B","date":"2018-03-21T03:33:21.000Z","volume":2000,"label":" ","price":1.05},{"type":"B","date":"2018-03-21T03:39:34.000Z","volume":2000,"label":" ","price":1.05},{"type":"B","date":"2018-03-21T03:42:21.000Z","volume":2000,"label":" ","price":1.05},{"type":"B","date":"2018-03-21T03:48:52.000Z","volume":2000,"label":" ","price":1.05},{"type":"B","date":"2018-03-21T03:50:51.000Z","volume":2000,"label":" ","price":1.05},{"type":"A","date":"2018-03-21T03:52:07.000Z","volume":2000,"label":" ","price":1.06},{"type":"B","date":"2018-03-21T03:59:15.000Z","volume":2000,"label":" ","price":1.05},{"type":"B","date":"2018-03-21T05:06:13.000Z","volume":2000,"label":" ","price":1.05},{"type":"B","date":"2018-03-21T05:16:08.000Z","volume":2000,"label":" ","price":1.05},{"type":"B","date":"2018-03-21T05:19:23.000Z","volume":2000,"label":" ","price":1.05},{"type":"B","date":"2018-03-21T05:25:23.000Z","volume":2000,"label":" ","price":1.05},{"type":"B","date":"2018-03-21T05:42:54.000Z","volume":2000,"label":" ","price":1.05},{"type":"A","date":"2018-03-21T05:46:09.000Z","volume":2000,"label":"Y","price":1.06},{"type":"B","date":"2018-03-21T06:06:25.000Z","volume":2000,"label":" ","price":1.05},{"type":"B","date":"2018-03-21T06:30:25.000Z","volume":2000,"label":" ","price":1.05},{"type":"A","date":"2018-03-21T06:36:01.000Z","volume":16000,"label":" ","price":1.06},{"type":"B","date":"2018-03-21T06:36:51.000Z","volume":4000,"label":" ","price":1.06},{"type":"B","date":"2018-03-21T06:38:31.000Z","volume":2000,"label":" ","price":1.06},{"type":"B","date":"2018-03-21T06:41:17.000Z","volume":4000,"label":" ","price":1.06},{"type":"B","date":"2018-03-21T06:42:50.000Z","volume":20000,"label":" ","price":1.06},{"type":"B","date":"2018-03-21T06:42:50.000Z","volume":4000,"label":" ","price":1.06},{"type":"B","date":"2018-03-21T06:42:51.000Z","volume":6000,"label":" ","price":1.06},{"type":"B","date":"2018-03-21T06:42:51.000Z","volume":46000,"label":" ","price":1.06},{"type":"B","date":"2018-03-21T06:42:52.000Z","volume":4000,"label":" ","price":1.06},{"type":"A","date":"2018-03-21T06:42:52.000Z","volume":2000,"label":" ","price":1.06},{"type":"B","date":"2018-03-21T06:44:08.000Z","volume":2000,"label":" ","price":1.05},{"type":"B","date":"2018-03-21T06:54:56.000Z","volume":2000,"label":" ","price":1.05},{"type":"A","date":"2018-03-21T06:54:56.000Z","volume":4000,"label":"Y","price":1.06},{"type":"A","date":"2018-03-21T06:54:56.000Z","volume":2000,"label":" ","price":1.06},{"type":"B","date":"2018-03-21T07:31:57.000Z","volume":2000,"label":" ","price":1.05},{"type":"B","date":"2018-03-21T07:50:58.000Z","volume":2000,"label":" ","price":1.05},{"type":"B","date":"2018-03-21T07:50:59.000Z","volume":2000,"label":" ","price":1.05},{"type":"B","date":"2018-03-21T07:58:59.000Z","volume":4000,"label":" ","price":1.05},{"type":"B","date":"2018-03-21T07:59:00.000Z","volume":4000,"label":" ","price":1.05},{"type":"B","date":"2018-03-21T07:59:02.000Z","volume":2000,"label":" ","price":1.05},{"type":"B","date":"2018-03-21T07:59:15.000Z","volume":6000,"label":" ","price":1.05},{"type":"B","date":"2018-03-21T07:59:15.000Z","volume":2000,"label":" ","price":1.05},{"type":"B","date":"2018-03-21T07:59:28.000Z","volume":2000,"label":" ","price":1.05},{"type":"B","date":"2018-03-21T07:59:30.000Z","volume":6000,"label":" ","price":1.05},{"type":"B","date":"2018-03-21T07:59:30.000Z","volume":2000,"label":" ","price":1.05},{"type":"B","date":"2018-03-21T07:59:45.000Z","volume":10000,"label":" ","price":1.05},{"type":"B","date":"2018-03-21T07:59:45.000Z","volume":2000,"label":" ","price":1.05}]