[{"type":"A","date":"2018-03-16T07:55:50.000Z","volume":5200,"price":30.5,"category":"ubbull"},{"type":"A","date":"2018-03-16T07:55:30.000Z","volume":6600,"price":30.5,"category":"ubbull"},{"type":"A","date":"2018-03-16T07:54:58.000Z","volume":6200,"price":30.5,"category":"ubbull"},{"type":"A","date":"2018-03-16T07:54:29.000Z","volume":8400,"price":30.5,"category":"ubbull"},{"type":"A","date":"2018-03-16T07:53:46.000Z","volume":8000,"price":30.5,"category":"ubbull"},{"type":"A","date":"2018-03-16T07:52:28.000Z","volume":8400,"price":30.5,"category":"ubbull"},{"type":"A","date":"2018-03-16T07:51:40.000Z","volume":9000,"price":30.5,"category":"ubbull"},{"type":"A","date":"2018-03-16T07:50:39.000Z","volume":8000,"price":30.5,"category":"ubbull"},{"type":"A","date":"2018-03-16T07:49:25.000Z","volume":8800,"price":30.5,"category":"ubbull"},{"type":"A","date":"2018-03-16T07:48:20.000Z","volume":5400,"price":30.5,"category":"ubbull"},{"type":"A","date":"2018-03-16T07:48:09.000Z","volume":8200,"price":30.5,"category":"ubbull"},{"type":"A","date":"2018-03-16T07:44:25.000Z","volume":12400,"price":30.5,"category":"ubbull"},{"type":"A","date":"2018-03-16T07:43:15.000Z","volume":7400,"price":30.5,"category":"ubbull"},{"type":"A","date":"2018-03-16T07:40:30.000Z","volume":6800,"price":30.5,"category":"ubbull"},{"type":"A","date":"2018-03-16T07:39:21.000Z","volume":6400,"price":30.5,"category":"ubbull"},{"type":"A","date":"2018-03-16T07:37:50.000Z","volume":6600,"price":30.5,"category":"ubbull"},{"type":"A","date":"2018-03-16T07:35:17.000Z","volume":6000,"price":30.5,"category":"ubbull"},{"type":"A","date":"2018-03-16T07:34:06.000Z","volume":5000,"price":30.5,"category":"ubbull"},{"type":"A","date":"2018-03-16T07:33:18.000Z","volume":6600,"price":30.5,"category":"ubbull"},{"type":"A","date":"2018-03-16T07:31:34.000Z","volume":6400,"price":30.5,"category":"ubbull"},{"type":"A","date":"2018-03-16T07:30:02.000Z","volume":6400,"price":30.5,"category":"ubbull"},{"type":"A","date":"2018-03-16T07:28:33.000Z","volume":6000,"price":30.5,"category":"ubbull"},{"type":"A","date":"2018-03-16T07:27:40.000Z","volume":6200,"price":30.5,"category":"ubbull"},{"type":"A","date":"2018-03-16T07:26:33.000Z","volume":5800,"price":30.5,"category":"ubbull"},{"type":"A","date":"2018-03-16T07:20:32.000Z","volume":4600,"price":30.45,"category":"ubbull"},{"type":"A","date":"2018-03-16T07:20:32.000Z","volume":4600,"price":30.45,"category":"ubbull"},{"type":"A","date":"2018-03-16T07:20:32.000Z","volume":4600,"price":30.45,"category":"ubbull"},{"type":"A","date":"2018-03-16T07:20:32.000Z","volume":36400,"price":30.4,"category":"ubbull"},{"type":"A","date":"2018-03-16T07:20:27.000Z","volume":5200,"price":30.4,"category":"ubbull"},{"type":"A","date":"2018-03-16T07:19:22.000Z","volume":4800,"price":30.4,"category":"ubbull"},{"type":"A","date":"2018-03-16T07:18:28.000Z","volume":4600,"price":30.4,"category":"ubbull"},{"type":"A","date":"2018-03-16T07:15:05.000Z","volume":5400,"price":30.35,"category":"ubbull"},{"type":"A","date":"2018-03-16T07:14:16.000Z","volume":7600,"price":30.35,"category":"ubbull"},{"type":"A","date":"2018-03-16T07:08:33.000Z","volume":7000,"price":30.4,"category":"ubbull"},{"type":"A","date":"2018-03-16T07:08:33.000Z","volume":14200,"price":30.4,"category":"ubbull"},{"type":"A","date":"2018-03-16T07:08:32.000Z","volume":53800,"price":30.15,"category":"ubbull"},{"type":"A","date":"2018-03-16T07:08:32.000Z","volume":8600,"price":30.15,"category":"ubbull"},{"type":"A","date":"2018-03-16T07:06:31.000Z","volume":7800,"price":30.35,"category":"ubbull"},{"type":"A","date":"2018-03-16T07:06:31.000Z","volume":29200,"price":30.35,"category":"ubbull"},{"type":"A","date":"2018-03-16T07:04:26.000Z","volume":4800,"price":30.35,"category":"ubbull"},{"type":"A","date":"2018-03-16T07:04:17.000Z","volume":7400,"price":30.3,"category":"ubbull"},{"type":"A","date":"2018-03-16T07:01:45.000Z","volume":8800,"price":30.35,"category":"ubbull"},{"type":"A","date":"2018-03-16T07:00:11.000Z","volume":9400,"price":30.35,"category":"ubbull"},{"type":"A","date":"2018-03-16T07:00:11.000Z","volume":5000,"price":30.35,"category":"ubbull"},{"type":"A","date":"2018-03-16T06:59:40.000Z","volume":5400,"price":30.35,"category":"ubbull"},{"type":"A","date":"2018-03-16T06:59:17.000Z","volume":5800,"price":30.35,"category":"ubbull"},{"type":"A","date":"2018-03-16T06:59:17.000Z","volume":5800,"price":30.35,"category":"ubbull"},{"type":"A","date":"2018-03-16T06:55:15.000Z","volume":12600,"price":30.35,"category":"ubbull"},{"type":"A","date":"2018-03-16T06:54:49.000Z","volume":12200,"price":30.3,"category":"ubbull"},{"type":"A","date":"2018-03-16T06:46:04.000Z","volume":5000,"price":30.45,"category":"ubbull"},{"type":"A","date":"2018-03-16T06:45:44.000Z","volume":5200,"price":30.45,"category":"ubbull"},{"type":"A","date":"2018-03-16T06:36:13.000Z","volume":10200,"price":30.45,"category":"ubbull"},{"type":"A","date":"2018-03-16T06:27:13.000Z","volume":25000,"price":30.5,"category":"ubbull"},{"type":"A","date":"2018-03-16T06:27:13.000Z","volume":5000,"price":30.5,"category":"ubbull"},{"type":"A","date":"2018-03-16T06:26:43.000Z","volume":6800,"price":30.5,"category":"ubbull"},{"type":"A","date":"2018-03-16T06:25:28.000Z","volume":5400,"price":30.35,"category":"ubbull"},{"type":"A","date":"2018-03-16T06:25:28.000Z","volume":10400,"price":30.35,"category":"ubbull"},{"type":"A","date":"2018-03-16T06:25:28.000Z","volume":8000,"price":30.35,"category":"ubbull"},{"type":"A","date":"2018-03-16T06:25:18.000Z","volume":8000,"price":30.35,"category":"ubbull"},{"type":"A","date":"2018-03-16T06:23:59.000Z","volume":20000,"price":30.35,"category":"ubbull"},{"type":"A","date":"2018-03-16T06:22:53.000Z","volume":19000,"price":30.35,"category":"ubbull"},{"type":"A","date":"2018-03-16T06:22:33.000Z","volume":5400,"price":30.35,"category":"ubbull"},{"type":"A","date":"2018-03-16T06:22:33.000Z","volume":63000,"price":30.35,"category":"ubbull"},{"type":"A","date":"2018-03-16T06:22:19.000Z","volume":4600,"price":30.35,"category":"ubbull"},{"type":"A","date":"2018-03-16T06:20:23.000Z","volume":5000,"price":30.35,"category":"ubbull"},{"type":"A","date":"2018-03-16T06:19:17.000Z","volume":4600,"price":30.35,"category":"ubbull"},{"type":"A","date":"2018-03-16T06:19:02.000Z","volume":5000,"price":30.35,"category":"ubbull"},{"type":"A","date":"2018-03-16T06:19:02.000Z","volume":5000,"price":30.35,"category":"ubbull"},{"type":"A","date":"2018-03-16T06:17:12.000Z","volume":5200,"price":30.35,"category":"ubbull"},{"type":"A","date":"2018-03-16T06:16:42.000Z","volume":4800,"price":30.3,"category":"ubbull"},{"type":"A","date":"2018-03-16T06:15:18.000Z","volume":11000,"price":30.3,"category":"ubbull"},{"type":"A","date":"2018-03-16T06:10:41.000Z","volume":7000,"price":30.3,"category":"ubbull"},{"type":"A","date":"2018-03-16T06:10:13.000Z","volume":6200,"price":30.25,"category":"ubbull"},{"type":"A","date":"2018-03-16T06:09:39.000Z","volume":4800,"price":30.25,"category":"ubbull"},{"type":"A","date":"2018-03-16T06:08:39.000Z","volume":5000,"price":30.25,"category":"ubbull"},{"type":"A","date":"2018-03-16T06:07:32.000Z","volume":12600,"price":30.25,"category":"ubbull"},{"type":"A","date":"2018-03-16T06:05:31.000Z","volume":19800,"price":30.25,"category":"ubbull"},{"type":"A","date":"2018-03-16T06:05:09.000Z","volume":24000,"price":30.2,"category":"ubbull"},{"type":"A","date":"2018-03-16T06:05:09.000Z","volume":76000,"price":30.2,"category":"ubbull"},{"type":"A","date":"2018-03-16T05:58:21.000Z","volume":8200,"price":30.35,"category":"ubbull"},{"type":"A","date":"2018-03-16T05:53:09.000Z","volume":8600,"price":30.3,"category":"ubbull"},{"type":"A","date":"2018-03-16T05:49:02.000Z","volume":74600,"price":30.3,"category":"ubbull"},{"type":"A","date":"2018-03-16T05:48:31.000Z","volume":12600,"price":30.3,"category":"ubbull"},{"type":"A","date":"2018-03-16T05:46:08.000Z","volume":7000,"price":30.35,"category":"ubbull"},{"type":"A","date":"2018-03-16T05:45:48.000Z","volume":6600,"price":30.3,"category":"ubbull"},{"type":"A","date":"2018-03-16T05:44:41.000Z","volume":10000,"price":30.25,"category":"ubbull"},{"type":"A","date":"2018-03-16T05:40:24.000Z","volume":5800,"price":30.2,"category":"ubbull"},{"type":"A","date":"2018-03-16T05:39:20.000Z","volume":9400,"price":30.3,"category":"ubbull"},{"type":"A","date":"2018-03-16T05:38:43.000Z","volume":7200,"price":30.2,"category":"ubbull"},{"type":"A","date":"2018-03-16T05:38:08.000Z","volume":13200,"price":29.95,"category":"ubbull"},{"type":"A","date":"2018-03-16T05:37:50.000Z","volume":23800,"price":29.9,"category":"ubbull"},{"type":"A","date":"2018-03-16T05:37:50.000Z","volume":18600,"price":29.9,"category":"ubbull"},{"type":"A","date":"2018-03-16T05:37:44.000Z","volume":9400,"price":29.9,"category":"ubbull"},{"type":"A","date":"2018-03-16T05:37:35.000Z","volume":25000,"price":29.9,"category":"ubbull"},{"type":"A","date":"2018-03-16T05:35:47.000Z","volume":4600,"price":29.9,"category":"ubbull"},{"type":"A","date":"2018-03-16T05:35:39.000Z","volume":15000,"price":29.9,"category":"ubbull"},{"type":"A","date":"2018-03-16T05:33:30.000Z","volume":11400,"price":29.85,"category":"ubbull"},{"type":"A","date":"2018-03-16T05:32:14.000Z","volume":8000,"price":29.9,"category":"ubbull"},{"type":"A","date":"2018-03-16T05:32:14.000Z","volume":5000,"price":29.9,"category":"ubbull"},{"type":"A","date":"2018-03-16T05:31:49.000Z","volume":5000,"price":29.9,"category":"ubbull"},{"type":"A","date":"2018-03-16T05:28:37.000Z","volume":12800,"price":29.9,"category":"ubbull"},{"type":"A","date":"2018-03-16T05:27:21.000Z","volume":6200,"price":29.85,"category":"ubbull"},{"type":"A","date":"2018-03-16T05:27:05.000Z","volume":29400,"price":29.85,"category":"ubbull"},{"type":"A","date":"2018-03-16T05:26:55.000Z","volume":4800,"price":29.85,"category":"ubbull"},{"type":"A","date":"2018-03-16T05:26:54.000Z","volume":49000,"price":29.8,"category":"ubbull"},{"type":"A","date":"2018-03-16T05:26:54.000Z","volume":25000,"price":29.8,"category":"ubbull"},{"type":"A","date":"2018-03-16T05:26:54.000Z","volume":10000,"price":29.8,"category":"ubbull"},{"type":"A","date":"2018-03-16T05:26:52.000Z","volume":5000,"price":29.8,"category":"ubbull"},{"type":"A","date":"2018-03-16T05:26:42.000Z","volume":10000,"price":29.8,"category":"ubbull"},{"type":"A","date":"2018-03-16T05:25:06.000Z","volume":10000,"price":29.8,"category":"ubbull"},{"type":"A","date":"2018-03-16T05:24:49.000Z","volume":7600,"price":29.8,"category":"ubbull"},{"type":"A","date":"2018-03-16T05:24:36.000Z","volume":24000,"price":29.8,"category":"ubbull"},{"type":"A","date":"2018-03-16T05:24:27.000Z","volume":5000,"price":29.8,"category":"ubbull"},{"type":"A","date":"2018-03-16T05:21:27.000Z","volume":20000,"price":29.9,"category":"ubbull"},{"type":"A","date":"2018-03-16T05:21:07.000Z","volume":11600,"price":29.85,"category":"ubbull"},{"type":"A","date":"2018-03-16T05:19:27.000Z","volume":12800,"price":29.9,"category":"ubbull"},{"type":"A","date":"2018-03-16T05:16:58.000Z","volume":5000,"price":30,"category":"ubbull"},{"type":"A","date":"2018-03-16T05:13:33.000Z","volume":14000,"price":30.1,"category":"ubbull"},{"type":"A","date":"2018-03-16T05:11:38.000Z","volume":5000,"price":30.1,"category":"ubbull"},{"type":"A","date":"2018-03-16T05:11:27.000Z","volume":14200,"price":30.05,"category":"ubbull"},{"type":"A","date":"2018-03-16T05:11:07.000Z","volume":4800,"price":30.05,"category":"ubbull"},{"type":"A","date":"2018-03-16T05:10:54.000Z","volume":10000,"price":30,"category":"ubbull"},{"type":"A","date":"2018-03-16T05:10:54.000Z","volume":100000,"price":30,"category":"ubbull"},{"type":"A","date":"2018-03-16T05:10:16.000Z","volume":12800,"price":30,"category":"ubbull"},{"type":"A","date":"2018-03-16T05:10:09.000Z","volume":10000,"price":30,"category":"ubbull"},{"type":"A","date":"2018-03-16T05:07:54.000Z","volume":5200,"price":29.95,"category":"ubbull"},{"type":"A","date":"2018-03-16T05:07:54.000Z","volume":18600,"price":29.95,"category":"ubbull"},{"type":"A","date":"2018-03-16T05:07:51.000Z","volume":10000,"price":29.95,"category":"ubbull"},{"type":"A","date":"2018-03-16T05:07:10.000Z","volume":10000,"price":29.95,"category":"ubbull"},{"type":"A","date":"2018-03-16T05:06:52.000Z","volume":10000,"price":29.95,"category":"ubbull"},{"type":"A","date":"2018-03-16T05:06:18.000Z","volume":5000,"price":29.95,"category":"ubbull"},{"type":"A","date":"2018-03-16T05:06:13.000Z","volume":17400,"price":29.95,"category":"ubbull"},{"type":"A","date":"2018-03-16T05:06:09.000Z","volume":10000,"price":29.95,"category":"ubbull"},{"type":"A","date":"2018-03-16T05:06:08.000Z","volume":81000,"price":29.9,"category":"ubbull"},{"type":"A","date":"2018-03-16T05:06:08.000Z","volume":10000,"price":29.9,"category":"ubbull"},{"type":"A","date":"2018-03-16T05:06:06.000Z","volume":4600,"price":29.9,"category":"ubbull"},{"type":"A","date":"2018-03-16T05:06:00.000Z","volume":17400,"price":29.9,"category":"ubbull"},{"type":"A","date":"2018-03-16T05:01:06.000Z","volume":12800,"price":29.9,"category":"ubbull"},{"type":"A","date":"2018-03-16T03:57:14.000Z","volume":80000,"price":29.9,"category":"ubbull"},{"type":"A","date":"2018-03-16T03:51:40.000Z","volume":70000,"price":29.9,"category":"ubbull"},{"type":"A","date":"2018-03-16T03:45:56.000Z","volume":9400,"price":29.85,"category":"ubbull"},{"type":"A","date":"2018-03-16T03:45:55.000Z","volume":10000,"price":29.85,"category":"ubbull"},{"type":"A","date":"2018-03-16T03:45:55.000Z","volume":15000,"price":29.85,"category":"ubbull"},{"type":"A","date":"2018-03-16T03:45:54.000Z","volume":20000,"price":29.85,"category":"ubbull"},{"type":"A","date":"2018-03-16T03:45:05.000Z","volume":36400,"price":29.8,"category":"ubbull"},{"type":"A","date":"2018-03-16T03:45:05.000Z","volume":48000,"price":29.8,"category":"ubbull"},{"type":"A","date":"2018-03-16T03:45:05.000Z","volume":24000,"price":29.8,"category":"ubbull"},{"type":"A","date":"2018-03-16T03:41:06.000Z","volume":9200,"price":29.85,"category":"ubbull"},{"type":"A","date":"2018-03-16T03:40:12.000Z","volume":9800,"price":29.9,"category":"ubbull"},{"type":"A","date":"2018-03-16T03:40:03.000Z","volume":30000,"price":29.9,"category":"ubbull"},{"type":"A","date":"2018-03-16T03:39:42.000Z","volume":17000,"price":29.85,"category":"ubbull"},{"type":"A","date":"2018-03-16T03:39:42.000Z","volume":5000,"price":29.85,"category":"ubbull"},{"type":"A","date":"2018-03-16T03:39:42.000Z","volume":5000,"price":29.85,"category":"ubbull"},{"type":"A","date":"2018-03-16T03:39:42.000Z","volume":26800,"price":29.85,"category":"ubbull"},{"type":"A","date":"2018-03-16T03:39:40.000Z","volume":5000,"price":29.85,"category":"ubbull"},{"type":"A","date":"2018-03-16T03:39:40.000Z","volume":5000,"price":29.85,"category":"ubbull"},{"type":"A","date":"2018-03-16T03:37:36.000Z","volume":20000,"price":29.85,"category":"ubbull"},{"type":"A","date":"2018-03-16T03:37:20.000Z","volume":13600,"price":29.85,"category":"ubbull"},{"type":"A","date":"2018-03-16T03:36:53.000Z","volume":4800,"price":29.9,"category":"ubbull"},{"type":"A","date":"2018-03-16T03:35:42.000Z","volume":15000,"price":29.95,"category":"ubbull"},{"type":"A","date":"2018-03-16T03:35:36.000Z","volume":5000,"price":29.9,"category":"ubbull"},{"type":"A","date":"2018-03-16T03:35:00.000Z","volume":5000,"price":29.95,"category":"ubbull"},{"type":"A","date":"2018-03-16T03:34:36.000Z","volume":10000,"price":29.95,"category":"ubbull"},{"type":"A","date":"2018-03-16T03:33:13.000Z","volume":5000,"price":29.95,"category":"ubbull"},{"type":"A","date":"2018-03-16T03:29:29.000Z","volume":6600,"price":30.1,"category":"ubbull"},{"type":"A","date":"2018-03-16T03:29:29.000Z","volume":10000,"price":30.1,"category":"ubbull"},{"type":"A","date":"2018-03-16T03:28:24.000Z","volume":8600,"price":30.1,"category":"ubbull"},{"type":"A","date":"2018-03-16T03:27:35.000Z","volume":30000,"price":30.1,"category":"ubbull"},{"type":"A","date":"2018-03-16T03:26:34.000Z","volume":20200,"price":30.05,"category":"ubbull"},{"type":"A","date":"2018-03-16T03:26:03.000Z","volume":33000,"price":30.15,"category":"ubbull"},{"type":"A","date":"2018-03-16T03:25:55.000Z","volume":6000,"price":30.2,"category":"ubbull"},{"type":"A","date":"2018-03-16T03:22:12.000Z","volume":5600,"price":30.3,"category":"ubbull"},{"type":"A","date":"2018-03-16T03:19:13.000Z","volume":11800,"price":30.4,"category":"ubbull"},{"type":"A","date":"2018-03-16T03:14:40.000Z","volume":16000,"price":30.4,"category":"ubbull"},{"type":"A","date":"2018-03-16T03:14:16.000Z","volume":10000,"price":30.4,"category":"ubbull"},{"type":"A","date":"2018-03-16T03:06:49.000Z","volume":10000,"price":30.6,"category":"ubbull"},{"type":"A","date":"2018-03-16T03:05:22.000Z","volume":5000,"price":30.6,"category":"ubbull"},{"type":"A","date":"2018-03-16T03:00:21.000Z","volume":10000,"price":30.75,"category":"ubbull"},{"type":"A","date":"2018-03-16T03:00:02.000Z","volume":12400,"price":30.75,"category":"ubbull"},{"type":"A","date":"2018-03-16T02:57:40.000Z","volume":10000,"price":30.75,"category":"ubbull"},{"type":"A","date":"2018-03-16T02:57:33.000Z","volume":6000,"price":30.75,"category":"ubbull"},{"type":"A","date":"2018-03-16T02:56:11.000Z","volume":5000,"price":30.75,"category":"ubbull"},{"type":"A","date":"2018-03-16T02:54:17.000Z","volume":36600,"price":30.8,"category":"ubbull"},{"type":"A","date":"2018-03-16T02:50:52.000Z","volume":7400,"price":30.8,"category":"ubbull"},{"type":"A","date":"2018-03-16T02:49:50.000Z","volume":117600,"price":30.8,"category":"ubbull"},{"type":"A","date":"2018-03-16T02:49:20.000Z","volume":5400,"price":30.8,"category":"ubbull"},{"type":"A","date":"2018-03-16T02:49:20.000Z","volume":11200,"price":30.8,"category":"ubbull"},{"type":"A","date":"2018-03-16T02:49:18.000Z","volume":11600,"price":30.8,"category":"ubbull"},{"type":"A","date":"2018-03-16T02:49:18.000Z","volume":179600,"price":30.8,"category":"ubbull"},{"type":"A","date":"2018-03-16T02:49:18.000Z","volume":8800,"price":30.75,"category":"ubbull"},{"type":"A","date":"2018-03-16T02:44:13.000Z","volume":5000,"price":30.95,"category":"ubbull"},{"type":"A","date":"2018-03-16T02:41:30.000Z","volume":6000,"price":30.9,"category":"ubbull"},{"type":"A","date":"2018-03-16T02:36:59.000Z","volume":9000,"price":30.95,"category":"ubbull"},{"type":"A","date":"2018-03-16T02:35:30.000Z","volume":10000,"price":30.95,"category":"ubbull"},{"type":"A","date":"2018-03-16T02:34:33.000Z","volume":5000,"price":30.95,"category":"ubbull"},{"type":"A","date":"2018-03-16T02:30:35.000Z","volume":6000,"price":30.95,"category":"ubbull"},{"type":"A","date":"2018-03-16T02:28:57.000Z","volume":5000,"price":30.95,"category":"ubbull"},{"type":"A","date":"2018-03-16T02:23:16.000Z","volume":10000,"price":31.05,"category":"ubbull"},{"type":"A","date":"2018-03-16T02:22:46.000Z","volume":31800,"price":31,"category":"ubbull"},{"type":"A","date":"2018-03-16T02:22:46.000Z","volume":38200,"price":31,"category":"ubbull"},{"type":"A","date":"2018-03-16T02:22:36.000Z","volume":5200,"price":31,"category":"ubbull"},{"type":"A","date":"2018-03-16T02:21:38.000Z","volume":11600,"price":30.95,"category":"ubbull"},{"type":"A","date":"2018-03-16T02:14:27.000Z","volume":40000,"price":30.85,"category":"ubbull"},{"type":"A","date":"2018-03-16T02:11:03.000Z","volume":7800,"price":30.95,"category":"ubbull"},{"type":"A","date":"2018-03-16T02:10:31.000Z","volume":5200,"price":31.05,"category":"ubbull"},{"type":"A","date":"2018-03-16T02:10:31.000Z","volume":4800,"price":31,"category":"ubbull"},{"type":"A","date":"2018-03-16T02:08:48.000Z","volume":7800,"price":30.9,"category":"ubbull"},{"type":"A","date":"2018-03-16T02:07:32.000Z","volume":11400,"price":31,"category":"ubbull"},{"type":"A","date":"2018-03-16T02:07:32.000Z","volume":7800,"price":30.85,"category":"ubbull"},{"type":"A","date":"2018-03-16T02:05:04.000Z","volume":9000,"price":30.9,"category":"ubbull"},{"type":"A","date":"2018-03-16T02:02:14.000Z","volume":5000,"price":31.1,"category":"ubbull"},{"type":"A","date":"2018-03-16T02:02:12.000Z","volume":30000,"price":31.1,"category":"ubbull"},{"type":"A","date":"2018-03-16T02:01:44.000Z","volume":5000,"price":31.1,"category":"ubbull"},{"type":"A","date":"2018-03-16T02:01:02.000Z","volume":8600,"price":31.05,"category":"ubbull"},{"type":"A","date":"2018-03-16T02:00:28.000Z","volume":25400,"price":30.9,"category":"ubbull"},{"type":"A","date":"2018-03-16T02:00:27.000Z","volume":39800,"price":30.9,"category":"ubbull"},{"type":"A","date":"2018-03-16T02:00:19.000Z","volume":34800,"price":31.05,"category":"ubbull"},{"type":"A","date":"2018-03-16T02:00:10.000Z","volume":14800,"price":31,"category":"ubbull"},{"type":"A","date":"2018-03-16T01:59:07.000Z","volume":8600,"price":30.9,"category":"ubbull"},{"type":"A","date":"2018-03-16T01:59:07.000Z","volume":50000,"price":30.9,"category":"ubbull"},{"type":"A","date":"2018-03-16T01:58:35.000Z","volume":5000,"price":30.9,"category":"ubbull"},{"type":"A","date":"2018-03-16T01:57:54.000Z","volume":12600,"price":31.1,"category":"ubbull"},{"type":"A","date":"2018-03-16T01:57:46.000Z","volume":19000,"price":31.05,"category":"ubbull"},{"type":"A","date":"2018-03-16T01:57:26.000Z","volume":6600,"price":31,"category":"ubbull"},{"type":"A","date":"2018-03-16T01:57:20.000Z","volume":70200,"price":30.9,"category":"ubbull"},{"type":"A","date":"2018-03-16T01:57:19.000Z","volume":10000,"price":30.9,"category":"ubbull"},{"type":"A","date":"2018-03-16T01:57:01.000Z","volume":4600,"price":31.05,"category":"ubbull"},{"type":"A","date":"2018-03-16T01:56:47.000Z","volume":11600,"price":31.05,"category":"ubbull"},{"type":"A","date":"2018-03-16T01:56:47.000Z","volume":8400,"price":31,"category":"ubbull"},{"type":"A","date":"2018-03-16T01:56:39.000Z","volume":5200,"price":31.05,"category":"ubbull"},{"type":"A","date":"2018-03-16T01:56:38.000Z","volume":30000,"price":31.05,"category":"ubbull"},{"type":"A","date":"2018-03-16T01:55:38.000Z","volume":7000,"price":31.15,"category":"ubbull"},{"type":"A","date":"2018-03-16T01:55:21.000Z","volume":67600,"price":31.3,"category":"ubbull"},{"type":"A","date":"2018-03-16T01:55:21.000Z","volume":5000,"price":31.25,"category":"ubbull"},{"type":"A","date":"2018-03-16T01:55:21.000Z","volume":20600,"price":31.2,"category":"ubbull"},{"type":"A","date":"2018-03-16T01:55:21.000Z","volume":18600,"price":31.15,"category":"ubbull"},{"type":"A","date":"2018-03-16T01:55:21.000Z","volume":11000,"price":31.1,"category":"ubbull"},{"type":"A","date":"2018-03-16T01:55:21.000Z","volume":6600,"price":31.05,"category":"ubbull"},{"type":"A","date":"2018-03-16T01:55:07.000Z","volume":11200,"price":31,"category":"ubbull"},{"type":"A","date":"2018-03-16T01:54:18.000Z","volume":5800,"price":31.1,"category":"ubbull"},{"type":"A","date":"2018-03-16T01:54:18.000Z","volume":46400,"price":31,"category":"ubbull"},{"type":"A","date":"2018-03-16T01:54:01.000Z","volume":9600,"price":30.95,"category":"ubbull"},{"type":"A","date":"2018-03-16T01:54:01.000Z","volume":10400,"price":30.9,"category":"ubbull"},{"type":"A","date":"2018-03-16T01:52:21.000Z","volume":49000,"price":30.8,"category":"ubbull"},{"type":"A","date":"2018-03-16T01:52:05.000Z","volume":14200,"price":30.75,"category":"ubbull"},{"type":"A","date":"2018-03-16T01:51:39.000Z","volume":4600,"price":30.75,"category":"ubbull"},{"type":"A","date":"2018-03-16T01:51:39.000Z","volume":5400,"price":30.75,"category":"ubbull"},{"type":"A","date":"2018-03-16T01:50:48.000Z","volume":5200,"price":30.7,"category":"ubbull"},{"type":"A","date":"2018-03-16T01:50:05.000Z","volume":9000,"price":30.7,"category":"ubbull"},{"type":"A","date":"2018-03-16T01:49:50.000Z","volume":4800,"price":30.65,"category":"ubbull"},{"type":"A","date":"2018-03-16T01:49:31.000Z","volume":11200,"price":30.75,"category":"ubbull"},{"type":"A","date":"2018-03-16T01:46:37.000Z","volume":10000,"price":30.5,"category":"ubbull"},{"type":"A","date":"2018-03-16T01:44:17.000Z","volume":7000,"price":30.45,"category":"ubbull"},{"type":"A","date":"2018-03-16T01:39:02.000Z","volume":10200,"price":30.45,"category":"ubbull"},{"type":"A","date":"2018-03-16T01:38:33.000Z","volume":7400,"price":30.45,"category":"ubbull"},{"type":"A","date":"2018-03-16T01:37:54.000Z","volume":13200,"price":30.3,"category":"ubbull"},{"type":"A","date":"2018-03-16T01:36:27.000Z","volume":10000,"price":30.2,"category":"ubbull"},{"type":"A","date":"2018-03-16T01:35:33.000Z","volume":4600,"price":30.15,"category":"ubbull"},{"type":"A","date":"2018-03-16T01:30:01.000Z","volume":12000,"price":30.2,"category":"ubbull"},{"type":"A","date":"2018-03-16T07:59:45.000Z","volume":2000,"price":30.4,"category":"bbull"},{"type":"A","date":"2018-03-16T07:59:31.000Z","volume":2200,"price":30.4,"category":"bbull"},{"type":"A","date":"2018-03-16T07:59:24.000Z","volume":3000,"price":30.4,"category":"bbull"},{"type":"A","date":"2018-03-16T07:59:16.000Z","volume":2000,"price":30.4,"category":"bbull"},{"type":"A","date":"2018-03-16T07:59:01.000Z","volume":4000,"price":30.45,"category":"bbull"},{"type":"A","date":"2018-03-16T07:58:43.000Z","volume":3200,"price":30.45,"category":"bbull"},{"type":"A","date":"2018-03-16T07:58:37.000Z","volume":2000,"price":30.45,"category":"bbull"},{"type":"A","date":"2018-03-16T07:57:41.000Z","volume":3400,"price":30.45,"category":"bbull"},{"type":"A","date":"2018-03-16T07:56:32.000Z","volume":2200,"price":30.5,"category":"bbull"},{"type":"A","date":"2018-03-16T07:56:17.000Z","volume":3800,"price":30.5,"category":"bbull"},{"type":"A","date":"2018-03-16T07:56:04.000Z","volume":3200,"price":30.5,"category":"bbull"},{"type":"A","date":"2018-03-16T07:51:32.000Z","volume":2000,"price":30.5,"category":"bbull"},{"type":"A","date":"2018-03-16T07:51:12.000Z","volume":2000,"price":30.5,"category":"bbull"},{"type":"A","date":"2018-03-16T07:49:23.000Z","volume":2000,"price":30.5,"category":"bbull"},{"type":"A","date":"2018-03-16T07:47:41.000Z","volume":2400,"price":30.5,"category":"bbull"},{"type":"A","date":"2018-03-16T07:45:29.000Z","volume":2400,"price":30.5,"category":"bbull"},{"type":"A","date":"2018-03-16T07:43:23.000Z","volume":2800,"price":30.5,"category":"bbull"},{"type":"A","date":"2018-03-16T07:41:26.000Z","volume":2000,"price":30.5,"category":"bbull"},{"type":"A","date":"2018-03-16T07:37:21.000Z","volume":2600,"price":30.5,"category":"bbull"},{"type":"A","date":"2018-03-16T07:35:34.000Z","volume":2000,"price":30.5,"category":"bbull"},{"type":"A","date":"2018-03-16T07:32:05.000Z","volume":2600,"price":30.5,"category":"bbull"},{"type":"A","date":"2018-03-16T07:29:09.000Z","volume":2600,"price":30.5,"category":"bbull"},{"type":"A","date":"2018-03-16T07:26:21.000Z","volume":2000,"price":30.5,"category":"bbull"},{"type":"A","date":"2018-03-16T07:25:45.000Z","volume":2000,"price":30.5,"category":"bbull"},{"type":"A","date":"2018-03-16T07:23:13.000Z","volume":2200,"price":30.5,"category":"bbull"},{"type":"A","date":"2018-03-16T07:20:38.000Z","volume":2000,"price":30.45,"category":"bbull"},{"type":"A","date":"2018-03-16T07:19:09.000Z","volume":2600,"price":30.4,"category":"bbull"},{"type":"A","date":"2018-03-16T07:14:16.000Z","volume":4400,"price":30.4,"category":"bbull"},{"type":"A","date":"2018-03-16T07:08:32.000Z","volume":3000,"price":30.15,"category":"bbull"},{"type":"A","date":"2018-03-16T07:08:06.000Z","volume":3800,"price":30.35,"category":"bbull"},{"type":"A","date":"2018-03-16T07:07:50.000Z","volume":3200,"price":30.4,"category":"bbull"},{"type":"A","date":"2018-03-16T07:06:20.000Z","volume":2800,"price":30.35,"category":"bbull"},{"type":"A","date":"2018-03-16T07:05:53.000Z","volume":2800,"price":30.35,"category":"bbull"},{"type":"A","date":"2018-03-16T07:05:06.000Z","volume":3400,"price":30.4,"category":"bbull"},{"type":"A","date":"2018-03-16T07:04:37.000Z","volume":2000,"price":30.35,"category":"bbull"},{"type":"A","date":"2018-03-16T07:04:37.000Z","volume":2600,"price":30.35,"category":"bbull"},{"type":"A","date":"2018-03-16T07:04:36.000Z","volume":3400,"price":30.35,"category":"bbull"},{"type":"A","date":"2018-03-16T07:04:09.000Z","volume":2600,"price":30.35,"category":"bbull"},{"type":"A","date":"2018-03-16T07:02:04.000Z","volume":2600,"price":30.35,"category":"bbull"},{"type":"A","date":"2018-03-16T06:59:51.000Z","volume":3400,"price":30.35,"category":"bbull"},{"type":"A","date":"2018-03-16T06:59:40.000Z","volume":4000,"price":30.35,"category":"bbull"},{"type":"A","date":"2018-03-16T06:59:32.000Z","volume":2600,"price":30.35,"category":"bbull"},{"type":"A","date":"2018-03-16T06:59:31.000Z","volume":4000,"price":30.35,"category":"bbull"},{"type":"A","date":"2018-03-16T06:58:49.000Z","volume":2200,"price":30.35,"category":"bbull"},{"type":"A","date":"2018-03-16T06:58:41.000Z","volume":3800,"price":30.35,"category":"bbull"},{"type":"A","date":"2018-03-16T06:57:27.000Z","volume":4200,"price":30.35,"category":"bbull"},{"type":"A","date":"2018-03-16T06:53:20.000Z","volume":2400,"price":30.35,"category":"bbull"},{"type":"A","date":"2018-03-16T06:52:31.000Z","volume":4400,"price":30.35,"category":"bbull"},{"type":"A","date":"2018-03-16T06:51:53.000Z","volume":2000,"price":30.35,"category":"bbull"},{"type":"A","date":"2018-03-16T06:44:02.000Z","volume":2200,"price":30.4,"category":"bbull"},{"type":"A","date":"2018-03-16T06:42:57.000Z","volume":2800,"price":30.4,"category":"bbull"},{"type":"A","date":"2018-03-16T06:41:21.000Z","volume":2400,"price":30.4,"category":"bbull"},{"type":"A","date":"2018-03-16T06:40:36.000Z","volume":2400,"price":30.4,"category":"bbull"},{"type":"A","date":"2018-03-16T06:40:23.000Z","volume":4400,"price":30.4,"category":"bbull"},{"type":"A","date":"2018-03-16T06:36:24.000Z","volume":2400,"price":30.4,"category":"bbull"},{"type":"A","date":"2018-03-16T06:32:41.000Z","volume":2200,"price":30.45,"category":"bbull"},{"type":"A","date":"2018-03-16T06:27:13.000Z","volume":2600,"price":30.55,"category":"bbull"},{"type":"A","date":"2018-03-16T06:26:53.000Z","volume":4400,"price":30.5,"category":"bbull"},{"type":"A","date":"2018-03-16T06:26:14.000Z","volume":3400,"price":30.4,"category":"bbull"},{"type":"A","date":"2018-03-16T06:25:35.000Z","volume":4200,"price":30.4,"category":"bbull"},{"type":"A","date":"2018-03-16T06:22:33.000Z","volume":2400,"price":30.35,"category":"bbull"},{"type":"A","date":"2018-03-16T06:21:02.000Z","volume":2200,"price":30.35,"category":"bbull"},{"type":"A","date":"2018-03-16T06:19:10.000Z","volume":2200,"price":30.35,"category":"bbull"},{"type":"A","date":"2018-03-16T06:16:56.000Z","volume":2200,"price":30.3,"category":"bbull"},{"type":"A","date":"2018-03-16T06:16:36.000Z","volume":3000,"price":30.3,"category":"bbull"},{"type":"A","date":"2018-03-16T06:15:40.000Z","volume":2200,"price":30.3,"category":"bbull"},{"type":"A","date":"2018-03-16T06:11:20.000Z","volume":2000,"price":30.3,"category":"bbull"},{"type":"A","date":"2018-03-16T06:07:45.000Z","volume":3200,"price":30.25,"category":"bbull"},{"type":"A","date":"2018-03-16T06:05:50.000Z","volume":4400,"price":30.25,"category":"bbull"},{"type":"A","date":"2018-03-16T06:05:11.000Z","volume":2800,"price":30.25,"category":"bbull"},{"type":"A","date":"2018-03-16T06:01:24.000Z","volume":2000,"price":30.25,"category":"bbull"},{"type":"A","date":"2018-03-16T06:00:27.000Z","volume":2800,"price":30.3,"category":"bbull"},{"type":"A","date":"2018-03-16T05:58:33.000Z","volume":2200,"price":30.35,"category":"bbull"},{"type":"A","date":"2018-03-16T05:57:41.000Z","volume":2200,"price":30.3,"category":"bbull"},{"type":"A","date":"2018-03-16T05:55:22.000Z","volume":2200,"price":30.35,"category":"bbull"},{"type":"A","date":"2018-03-16T05:49:03.000Z","volume":2200,"price":30.4,"category":"bbull"},{"type":"A","date":"2018-03-16T05:46:08.000Z","volume":2800,"price":30.35,"category":"bbull"},{"type":"A","date":"2018-03-16T05:44:57.000Z","volume":2600,"price":30.25,"category":"bbull"},{"type":"A","date":"2018-03-16T05:43:13.000Z","volume":4000,"price":30.2,"category":"bbull"},{"type":"A","date":"2018-03-16T05:41:29.000Z","volume":2400,"price":30.2,"category":"bbull"},{"type":"A","date":"2018-03-16T05:40:40.000Z","volume":3400,"price":30.2,"category":"bbull"},{"type":"A","date":"2018-03-16T05:40:24.000Z","volume":3400,"price":30.2,"category":"bbull"},{"type":"A","date":"2018-03-16T05:39:07.000Z","volume":3000,"price":30.25,"category":"bbull"},{"type":"A","date":"2018-03-16T05:38:43.000Z","volume":2800,"price":30.2,"category":"bbull"},{"type":"A","date":"2018-03-16T05:38:35.000Z","volume":4400,"price":30.15,"category":"bbull"},{"type":"A","date":"2018-03-16T05:38:24.000Z","volume":4000,"price":30.1,"category":"bbull"},{"type":"A","date":"2018-03-16T05:38:00.000Z","volume":3400,"price":29.95,"category":"bbull"},{"type":"A","date":"2018-03-16T05:37:50.000Z","volume":4400,"price":29.9,"category":"bbull"},{"type":"A","date":"2018-03-16T05:37:35.000Z","volume":3600,"price":29.9,"category":"bbull"},{"type":"A","date":"2018-03-16T05:33:38.000Z","volume":2600,"price":29.85,"category":"bbull"},{"type":"A","date":"2018-03-16T05:33:38.000Z","volume":3400,"price":29.85,"category":"bbull"},{"type":"A","date":"2018-03-16T05:32:56.000Z","volume":4400,"price":29.9,"category":"bbull"},{"type":"A","date":"2018-03-16T05:32:34.000Z","volume":3000,"price":29.9,"category":"bbull"},{"type":"A","date":"2018-03-16T05:29:35.000Z","volume":2000,"price":29.9,"category":"bbull"},{"type":"A","date":"2018-03-16T05:28:41.000Z","volume":4000,"price":29.9,"category":"bbull"},{"type":"A","date":"2018-03-16T05:27:41.000Z","volume":2000,"price":29.9,"category":"bbull"},{"type":"A","date":"2018-03-16T05:27:37.000Z","volume":2000,"price":29.9,"category":"bbull"},{"type":"A","date":"2018-03-16T05:27:05.000Z","volume":2200,"price":29.85,"category":"bbull"},{"type":"A","date":"2018-03-16T05:26:55.000Z","volume":2400,"price":29.85,"category":"bbull"},{"type":"A","date":"2018-03-16T05:26:49.000Z","volume":3000,"price":29.8,"category":"bbull"},{"type":"A","date":"2018-03-16T05:26:13.000Z","volume":2000,"price":29.8,"category":"bbull"},{"type":"A","date":"2018-03-16T05:25:21.000Z","volume":4200,"price":29.8,"category":"bbull"},{"type":"A","date":"2018-03-16T05:25:05.000Z","volume":2400,"price":29.8,"category":"bbull"},{"type":"A","date":"2018-03-16T05:24:33.000Z","volume":2000,"price":29.8,"category":"bbull"},{"type":"A","date":"2018-03-16T05:24:17.000Z","volume":4200,"price":29.8,"category":"bbull"},{"type":"A","date":"2018-03-16T05:22:36.000Z","volume":3000,"price":29.85,"category":"bbull"},{"type":"A","date":"2018-03-16T05:22:29.000Z","volume":2000,"price":29.85,"category":"bbull"},{"type":"A","date":"2018-03-16T05:22:28.000Z","volume":4200,"price":29.85,"category":"bbull"},{"type":"A","date":"2018-03-16T05:22:28.000Z","volume":4000,"price":29.85,"category":"bbull"},{"type":"A","date":"2018-03-16T05:22:14.000Z","volume":3200,"price":29.9,"category":"bbull"},{"type":"A","date":"2018-03-16T05:18:45.000Z","volume":2000,"price":29.9,"category":"bbull"},{"type":"A","date":"2018-03-16T05:13:26.000Z","volume":2000,"price":30.1,"category":"bbull"},{"type":"A","date":"2018-03-16T05:10:54.000Z","volume":4000,"price":30,"category":"bbull"},{"type":"A","date":"2018-03-16T05:07:54.000Z","volume":4000,"price":29.95,"category":"bbull"},{"type":"A","date":"2018-03-16T05:07:54.000Z","volume":2400,"price":29.95,"category":"bbull"},{"type":"A","date":"2018-03-16T05:06:56.000Z","volume":2000,"price":29.95,"category":"bbull"},{"type":"A","date":"2018-03-16T05:06:20.000Z","volume":2000,"price":29.95,"category":"bbull"},{"type":"A","date":"2018-03-16T05:06:09.000Z","volume":2000,"price":29.95,"category":"bbull"},{"type":"A","date":"2018-03-16T05:05:36.000Z","volume":2000,"price":29.9,"category":"bbull"},{"type":"A","date":"2018-03-16T03:51:58.000Z","volume":2000,"price":29.95,"category":"bbull"},{"type":"A","date":"2018-03-16T03:51:40.000Z","volume":3000,"price":29.9,"category":"bbull"},{"type":"A","date":"2018-03-16T03:51:32.000Z","volume":2000,"price":29.9,"category":"bbull"},{"type":"A","date":"2018-03-16T03:44:36.000Z","volume":2000,"price":29.8,"category":"bbull"},{"type":"A","date":"2018-03-16T03:43:45.000Z","volume":2000,"price":29.85,"category":"bbull"},{"type":"A","date":"2018-03-16T03:42:57.000Z","volume":3400,"price":29.85,"category":"bbull"},{"type":"A","date":"2018-03-16T03:42:51.000Z","volume":4000,"price":29.85,"category":"bbull"},{"type":"A","date":"2018-03-16T03:41:11.000Z","volume":2000,"price":29.85,"category":"bbull"},{"type":"A","date":"2018-03-16T03:40:20.000Z","volume":2200,"price":29.9,"category":"bbull"},{"type":"A","date":"2018-03-16T03:39:22.000Z","volume":4000,"price":29.85,"category":"bbull"},{"type":"A","date":"2018-03-16T03:36:04.000Z","volume":2000,"price":29.9,"category":"bbull"},{"type":"A","date":"2018-03-16T03:35:36.000Z","volume":2200,"price":29.9,"category":"bbull"},{"type":"A","date":"2018-03-16T03:32:36.000Z","volume":3000,"price":30,"category":"bbull"},{"type":"A","date":"2018-03-16T03:30:38.000Z","volume":2000,"price":30.1,"category":"bbull"},{"type":"A","date":"2018-03-16T03:28:24.000Z","volume":3200,"price":30.15,"category":"bbull"},{"type":"A","date":"2018-03-16T03:27:44.000Z","volume":2000,"price":30.1,"category":"bbull"},{"type":"A","date":"2018-03-16T03:22:00.000Z","volume":2000,"price":30.3,"category":"bbull"},{"type":"A","date":"2018-03-16T03:21:12.000Z","volume":3000,"price":30.3,"category":"bbull"},{"type":"A","date":"2018-03-16T03:14:13.000Z","volume":2000,"price":30.4,"category":"bbull"},{"type":"A","date":"2018-03-16T03:10:03.000Z","volume":3200,"price":30.65,"category":"bbull"},{"type":"A","date":"2018-03-16T03:09:23.000Z","volume":2400,"price":30.6,"category":"bbull"},{"type":"A","date":"2018-03-16T03:09:13.000Z","volume":3600,"price":30.6,"category":"bbull"},{"type":"A","date":"2018-03-16T03:05:48.000Z","volume":2000,"price":30.6,"category":"bbull"},{"type":"A","date":"2018-03-16T02:57:33.000Z","volume":4000,"price":30.75,"category":"bbull"},{"type":"A","date":"2018-03-16T02:50:41.000Z","volume":2800,"price":30.75,"category":"bbull"},{"type":"A","date":"2018-03-16T02:50:31.000Z","volume":2200,"price":30.75,"category":"bbull"},{"type":"A","date":"2018-03-16T02:49:50.000Z","volume":3000,"price":30.8,"category":"bbull"},{"type":"A","date":"2018-03-16T02:49:20.000Z","volume":3400,"price":30.8,"category":"bbull"},{"type":"A","date":"2018-03-16T02:47:22.000Z","volume":4200,"price":30.9,"category":"bbull"},{"type":"A","date":"2018-03-16T02:42:45.000Z","volume":2000,"price":30.9,"category":"bbull"},{"type":"A","date":"2018-03-16T02:41:22.000Z","volume":3800,"price":30.9,"category":"bbull"},{"type":"A","date":"2018-03-16T02:35:31.000Z","volume":2000,"price":30.95,"category":"bbull"},{"type":"A","date":"2018-03-16T02:30:42.000Z","volume":3800,"price":30.95,"category":"bbull"},{"type":"A","date":"2018-03-16T02:29:07.000Z","volume":3600,"price":30.95,"category":"bbull"},{"type":"A","date":"2018-03-16T02:24:26.000Z","volume":2000,"price":31.05,"category":"bbull"},{"type":"A","date":"2018-03-16T02:23:35.000Z","volume":2000,"price":31.1,"category":"bbull"},{"type":"A","date":"2018-03-16T02:23:26.000Z","volume":4000,"price":31.05,"category":"bbull"},{"type":"A","date":"2018-03-16T02:23:18.000Z","volume":2400,"price":31.05,"category":"bbull"},{"type":"A","date":"2018-03-16T02:21:00.000Z","volume":4000,"price":30.95,"category":"bbull"},{"type":"A","date":"2018-03-16T02:20:57.000Z","volume":3800,"price":30.95,"category":"bbull"},{"type":"A","date":"2018-03-16T02:20:43.000Z","volume":2400,"price":30.95,"category":"bbull"},{"type":"A","date":"2018-03-16T02:19:07.000Z","volume":2000,"price":30.95,"category":"bbull"},{"type":"A","date":"2018-03-16T02:18:59.000Z","volume":3000,"price":30.95,"category":"bbull"},{"type":"A","date":"2018-03-16T02:17:17.000Z","volume":3600,"price":30.95,"category":"bbull"},{"type":"A","date":"2018-03-16T02:15:18.000Z","volume":2800,"price":30.9,"category":"bbull"},{"type":"A","date":"2018-03-16T02:11:12.000Z","volume":2200,"price":30.95,"category":"bbull"},{"type":"A","date":"2018-03-16T02:11:04.000Z","volume":2200,"price":30.95,"category":"bbull"},{"type":"A","date":"2018-03-16T02:08:48.000Z","volume":2000,"price":30.9,"category":"bbull"},{"type":"A","date":"2018-03-16T02:08:47.000Z","volume":2200,"price":30.9,"category":"bbull"},{"type":"A","date":"2018-03-16T02:05:27.000Z","volume":3000,"price":31,"category":"bbull"},{"type":"A","date":"2018-03-16T02:05:13.000Z","volume":4200,"price":31,"category":"bbull"},{"type":"A","date":"2018-03-16T02:05:12.000Z","volume":2600,"price":30.95,"category":"bbull"},{"type":"A","date":"2018-03-16T02:01:13.000Z","volume":2000,"price":31.1,"category":"bbull"},{"type":"A","date":"2018-03-16T02:01:02.000Z","volume":2000,"price":31.1,"category":"bbull"},{"type":"A","date":"2018-03-16T02:00:57.000Z","volume":2000,"price":31.05,"category":"bbull"},{"type":"A","date":"2018-03-16T02:00:27.000Z","volume":3200,"price":30.9,"category":"bbull"},{"type":"A","date":"2018-03-16T02:00:26.000Z","volume":3000,"price":30.9,"category":"bbull"},{"type":"A","date":"2018-03-16T02:00:19.000Z","volume":2600,"price":31.05,"category":"bbull"},{"type":"A","date":"2018-03-16T01:59:07.000Z","volume":3200,"price":30.9,"category":"bbull"},{"type":"A","date":"2018-03-16T01:57:52.000Z","volume":2800,"price":30.9,"category":"bbull"},{"type":"A","date":"2018-03-16T01:57:20.000Z","volume":2200,"price":30.9,"category":"bbull"},{"type":"A","date":"2018-03-16T01:57:01.000Z","volume":3400,"price":31.05,"category":"bbull"},{"type":"A","date":"2018-03-16T01:55:29.000Z","volume":2600,"price":31.15,"category":"bbull"},{"type":"A","date":"2018-03-16T01:55:26.000Z","volume":3000,"price":31.35,"category":"bbull"},{"type":"A","date":"2018-03-16T01:55:26.000Z","volume":4400,"price":31.35,"category":"bbull"},{"type":"A","date":"2018-03-16T01:55:24.000Z","volume":3400,"price":31.25,"category":"bbull"},{"type":"A","date":"2018-03-16T01:54:02.000Z","volume":4000,"price":30.95,"category":"bbull"},{"type":"A","date":"2018-03-16T01:53:15.000Z","volume":2000,"price":30.85,"category":"bbull"},{"type":"A","date":"2018-03-16T01:53:15.000Z","volume":4000,"price":30.85,"category":"bbull"},{"type":"A","date":"2018-03-16T01:52:27.000Z","volume":4200,"price":30.8,"category":"bbull"},{"type":"A","date":"2018-03-16T01:51:54.000Z","volume":3000,"price":30.8,"category":"bbull"},{"type":"A","date":"2018-03-16T01:51:47.000Z","volume":3000,"price":30.8,"category":"bbull"},{"type":"A","date":"2018-03-16T01:50:47.000Z","volume":2000,"price":30.7,"category":"bbull"},{"type":"A","date":"2018-03-16T01:50:34.000Z","volume":3000,"price":30.7,"category":"bbull"},{"type":"A","date":"2018-03-16T01:50:19.000Z","volume":2200,"price":30.75,"category":"bbull"},{"type":"A","date":"2018-03-16T01:50:09.000Z","volume":4000,"price":30.7,"category":"bbull"},{"type":"A","date":"2018-03-16T01:49:56.000Z","volume":2200,"price":30.7,"category":"bbull"},{"type":"A","date":"2018-03-16T01:49:50.000Z","volume":2400,"price":30.7,"category":"bbull"},{"type":"A","date":"2018-03-16T01:49:45.000Z","volume":4000,"price":30.65,"category":"bbull"},{"type":"A","date":"2018-03-16T01:48:31.000Z","volume":3000,"price":30.6,"category":"bbull"},{"type":"A","date":"2018-03-16T01:48:08.000Z","volume":2200,"price":30.5,"category":"bbull"},{"type":"A","date":"2018-03-16T01:46:42.000Z","volume":2000,"price":30.5,"category":"bbull"},{"type":"A","date":"2018-03-16T01:45:48.000Z","volume":2000,"price":30.5,"category":"bbull"},{"type":"A","date":"2018-03-16T01:45:46.000Z","volume":2000,"price":30.5,"category":"bbull"},{"type":"A","date":"2018-03-16T01:42:52.000Z","volume":3000,"price":30.5,"category":"bbull"},{"type":"A","date":"2018-03-16T01:42:09.000Z","volume":2400,"price":30.5,"category":"bbull"},{"type":"A","date":"2018-03-16T01:41:41.000Z","volume":2400,"price":30.5,"category":"bbull"},{"type":"A","date":"2018-03-16T01:41:22.000Z","volume":3200,"price":30.4,"category":"bbull"},{"type":"A","date":"2018-03-16T01:39:23.000Z","volume":2800,"price":30.5,"category":"bbull"},{"type":"A","date":"2018-03-16T01:38:33.000Z","volume":4400,"price":30.45,"category":"bbull"},{"type":"A","date":"2018-03-16T01:38:33.000Z","volume":2000,"price":30.35,"category":"bbull"},{"type":"A","date":"2018-03-16T01:36:57.000Z","volume":2600,"price":30.3,"category":"bbull"},{"type":"A","date":"2018-03-16T07:59:57.000Z","volume":200,"price":30.5,"category":"rbull"},{"type":"A","date":"2018-03-16T07:59:51.000Z","volume":200,"price":30.5,"category":"rbull"},{"type":"A","date":"2018-03-16T07:59:48.000Z","volume":200,"price":30.5,"category":"rbull"},{"type":"A","date":"2018-03-16T07:59:45.000Z","volume":200,"price":30.4,"category":"rbull"},{"type":"A","date":"2018-03-16T07:59:42.000Z","volume":200,"price":30.4,"category":"rbull"},{"type":"A","date":"2018-03-16T07:59:40.000Z","volume":200,"price":30.4,"category":"rbull"},{"type":"A","date":"2018-03-16T07:59:37.000Z","volume":200,"price":30.4,"category":"rbull"},{"type":"A","date":"2018-03-16T07:59:34.000Z","volume":200,"price":30.4,"category":"rbull"},{"type":"A","date":"2018-03-16T07:59:32.000Z","volume":200,"price":30.4,"category":"rbull"},{"type":"A","date":"2018-03-16T07:59:30.000Z","volume":200,"price":30.4,"category":"rbull"},{"type":"A","date":"2018-03-16T07:59:27.000Z","volume":200,"price":30.4,"category":"rbull"},{"type":"A","date":"2018-03-16T07:59:25.000Z","volume":200,"price":30.4,"category":"rbull"},{"type":"A","date":"2018-03-16T07:59:24.000Z","volume":200,"price":30.4,"category":"rbull"},{"type":"A","date":"2018-03-16T07:59:22.000Z","volume":200,"price":30.4,"category":"rbull"},{"type":"A","date":"2018-03-16T07:59:20.000Z","volume":200,"price":30.4,"category":"rbull"},{"type":"A","date":"2018-03-16T07:59:16.000Z","volume":200,"price":30.4,"category":"rbull"},{"type":"A","date":"2018-03-16T07:59:15.000Z","volume":200,"price":30.4,"category":"rbull"},{"type":"A","date":"2018-03-16T07:59:12.000Z","volume":200,"price":30.4,"category":"rbull"},{"type":"A","date":"2018-03-16T07:59:10.000Z","volume":200,"price":30.4,"category":"rbull"},{"type":"A","date":"2018-03-16T07:59:07.000Z","volume":200,"price":30.4,"category":"rbull"},{"type":"A","date":"2018-03-16T07:59:02.000Z","volume":200,"price":30.4,"category":"rbull"},{"type":"A","date":"2018-03-16T07:58:02.000Z","volume":200,"price":30.5,"category":"rbull"},{"type":"A","date":"2018-03-16T07:57:59.000Z","volume":200,"price":30.5,"category":"rbull"},{"type":"A","date":"2018-03-16T07:57:56.000Z","volume":200,"price":30.5,"category":"rbull"},{"type":"A","date":"2018-03-16T07:57:52.000Z","volume":200,"price":30.5,"category":"rbull"},{"type":"A","date":"2018-03-16T07:57:49.000Z","volume":200,"price":30.5,"category":"rbull"},{"type":"A","date":"2018-03-16T07:57:45.000Z","volume":200,"price":30.5,"category":"rbull"},{"type":"A","date":"2018-03-16T07:57:41.000Z","volume":200,"price":30.45,"category":"rbull"},{"type":"A","date":"2018-03-16T07:57:37.000Z","volume":200,"price":30.45,"category":"rbull"},{"type":"A","date":"2018-03-16T07:57:34.000Z","volume":200,"price":30.5,"category":"rbull"},{"type":"A","date":"2018-03-16T07:57:31.000Z","volume":200,"price":30.5,"category":"rbull"},{"type":"A","date":"2018-03-16T07:57:31.000Z","volume":200,"price":30.5,"category":"rbull"},{"type":"A","date":"2018-03-16T07:57:27.000Z","volume":200,"price":30.5,"category":"rbull"},{"type":"A","date":"2018-03-16T07:57:24.000Z","volume":200,"price":30.5,"category":"rbull"},{"type":"A","date":"2018-03-16T07:57:20.000Z","volume":200,"price":30.5,"category":"rbull"},{"type":"A","date":"2018-03-16T07:57:17.000Z","volume":200,"price":30.5,"category":"rbull"},{"type":"A","date":"2018-03-16T07:57:13.000Z","volume":200,"price":30.5,"category":"rbull"},{"type":"A","date":"2018-03-16T07:57:10.000Z","volume":200,"price":30.5,"category":"rbull"},{"type":"A","date":"2018-03-16T07:57:10.000Z","volume":200,"price":30.5,"category":"rbull"},{"type":"A","date":"2018-03-16T07:56:04.000Z","volume":200,"price":30.5,"category":"rbull"},{"type":"A","date":"2018-03-16T07:56:00.000Z","volume":200,"price":30.5,"category":"rbull"},{"type":"A","date":"2018-03-16T07:53:30.000Z","volume":200,"price":30.5,"category":"rbull"},{"type":"A","date":"2018-03-16T07:52:49.000Z","volume":200,"price":30.5,"category":"rbull"},{"type":"A","date":"2018-03-16T07:52:02.000Z","volume":200,"price":30.5,"category":"rbull"},{"type":"A","date":"2018-03-16T07:51:05.000Z","volume":200,"price":30.5,"category":"rbull"},{"type":"A","date":"2018-03-16T07:50:33.000Z","volume":200,"price":30.5,"category":"rbull"},{"type":"A","date":"2018-03-16T07:50:31.000Z","volume":200,"price":30.5,"category":"rbull"},{"type":"A","date":"2018-03-16T07:49:30.000Z","volume":200,"price":30.5,"category":"rbull"},{"type":"A","date":"2018-03-16T07:48:41.000Z","volume":200,"price":30.5,"category":"rbull"},{"type":"A","date":"2018-03-16T07:47:04.000Z","volume":200,"price":30.5,"category":"rbull"},{"type":"A","date":"2018-03-16T07:46:18.000Z","volume":200,"price":30.5,"category":"rbull"},{"type":"A","date":"2018-03-16T07:45:22.000Z","volume":200,"price":30.5,"category":"rbull"},{"type":"A","date":"2018-03-16T07:44:04.000Z","volume":200,"price":30.5,"category":"rbull"},{"type":"A","date":"2018-03-16T07:43:03.000Z","volume":200,"price":30.5,"category":"rbull"},{"type":"A","date":"2018-03-16T07:41:38.000Z","volume":200,"price":30.5,"category":"rbull"},{"type":"A","date":"2018-03-16T07:41:11.000Z","volume":200,"price":30.5,"category":"rbull"},{"type":"A","date":"2018-03-16T07:37:55.000Z","volume":200,"price":30.5,"category":"rbull"},{"type":"A","date":"2018-03-16T07:36:06.000Z","volume":200,"price":30.5,"category":"rbull"},{"type":"A","date":"2018-03-16T07:35:26.000Z","volume":200,"price":30.5,"category":"rbull"},{"type":"A","date":"2018-03-16T07:34:12.000Z","volume":200,"price":30.5,"category":"rbull"},{"type":"A","date":"2018-03-16T07:33:09.000Z","volume":200,"price":30.5,"category":"rbull"},{"type":"A","date":"2018-03-16T07:30:32.000Z","volume":200,"price":30.5,"category":"rbull"},{"type":"A","date":"2018-03-16T07:30:19.000Z","volume":200,"price":30.5,"category":"rbull"},{"type":"A","date":"2018-03-16T07:29:03.000Z","volume":200,"price":30.5,"category":"rbull"},{"type":"A","date":"2018-03-16T07:29:02.000Z","volume":200,"price":30.5,"category":"rbull"},{"type":"A","date":"2018-03-16T07:27:21.000Z","volume":200,"price":30.5,"category":"rbull"},{"type":"A","date":"2018-03-16T07:25:38.000Z","volume":200,"price":30.5,"category":"rbull"},{"type":"A","date":"2018-03-16T07:25:18.000Z","volume":200,"price":30.5,"category":"rbull"},{"type":"A","date":"2018-03-16T07:24:55.000Z","volume":200,"price":30.5,"category":"rbull"},{"type":"A","date":"2018-03-16T07:21:53.000Z","volume":200,"price":30.5,"category":"rbull"},{"type":"A","date":"2018-03-16T07:21:34.000Z","volume":200,"price":30.5,"category":"rbull"},{"type":"A","date":"2018-03-16T07:20:18.000Z","volume":200,"price":30.4,"category":"rbull"},{"type":"A","date":"2018-03-16T07:19:05.000Z","volume":200,"price":30.4,"category":"rbull"},{"type":"A","date":"2018-03-16T07:06:12.000Z","volume":200,"price":30.35,"category":"rbull"},{"type":"A","date":"2018-03-16T07:03:40.000Z","volume":200,"price":30.35,"category":"rbull"},{"type":"A","date":"2018-03-16T07:03:20.000Z","volume":200,"price":30.35,"category":"rbull"},{"type":"A","date":"2018-03-16T07:02:42.000Z","volume":200,"price":30.35,"category":"rbull"},{"type":"A","date":"2018-03-16T07:00:11.000Z","volume":200,"price":30.35,"category":"rbull"},{"type":"A","date":"2018-03-16T07:00:10.000Z","volume":200,"price":30.35,"category":"rbull"},{"type":"A","date":"2018-03-16T06:59:32.000Z","volume":200,"price":30.35,"category":"rbull"},{"type":"A","date":"2018-03-16T06:58:04.000Z","volume":200,"price":30.35,"category":"rbull"},{"type":"A","date":"2018-03-16T06:57:07.000Z","volume":200,"price":30.35,"category":"rbull"},{"type":"A","date":"2018-03-16T06:56:10.000Z","volume":200,"price":30.35,"category":"rbull"},{"type":"A","date":"2018-03-16T06:54:54.000Z","volume":200,"price":30.35,"category":"rbull"},{"type":"A","date":"2018-03-16T06:53:57.000Z","volume":200,"price":30.3,"category":"rbull"},{"type":"A","date":"2018-03-16T06:53:00.000Z","volume":200,"price":30.35,"category":"rbull"},{"type":"A","date":"2018-03-16T06:51:44.000Z","volume":200,"price":30.35,"category":"rbull"},{"type":"A","date":"2018-03-16T06:50:47.000Z","volume":200,"price":30.35,"category":"rbull"},{"type":"A","date":"2018-03-16T06:50:34.000Z","volume":200,"price":30.35,"category":"rbull"},{"type":"A","date":"2018-03-16T06:49:50.000Z","volume":200,"price":30.35,"category":"rbull"},{"type":"A","date":"2018-03-16T06:48:34.000Z","volume":200,"price":30.4,"category":"rbull"},{"type":"A","date":"2018-03-16T06:47:36.000Z","volume":200,"price":30.4,"category":"rbull"},{"type":"A","date":"2018-03-16T06:46:39.000Z","volume":200,"price":30.4,"category":"rbull"},{"type":"A","date":"2018-03-16T06:45:42.000Z","volume":200,"price":30.45,"category":"rbull"},{"type":"A","date":"2018-03-16T06:45:20.000Z","volume":200,"price":30.4,"category":"rbull"},{"type":"A","date":"2018-03-16T06:44:45.000Z","volume":200,"price":30.4,"category":"rbull"},{"type":"A","date":"2018-03-16T06:44:20.000Z","volume":200,"price":30.4,"category":"rbull"},{"type":"A","date":"2018-03-16T06:43:48.000Z","volume":200,"price":30.4,"category":"rbull"},{"type":"A","date":"2018-03-16T06:42:32.000Z","volume":200,"price":30.4,"category":"rbull"},{"type":"A","date":"2018-03-16T06:41:35.000Z","volume":200,"price":30.4,"category":"rbull"},{"type":"A","date":"2018-03-16T06:40:38.000Z","volume":200,"price":30.4,"category":"rbull"},{"type":"A","date":"2018-03-16T06:40:10.000Z","volume":200,"price":30.4,"category":"rbull"},{"type":"A","date":"2018-03-16T06:39:41.000Z","volume":200,"price":30.4,"category":"rbull"},{"type":"A","date":"2018-03-16T06:38:44.000Z","volume":200,"price":30.4,"category":"rbull"},{"type":"A","date":"2018-03-16T06:37:47.000Z","volume":200,"price":30.4,"category":"rbull"},{"type":"A","date":"2018-03-16T06:36:49.000Z","volume":200,"price":30.4,"category":"rbull"},{"type":"A","date":"2018-03-16T06:36:11.000Z","volume":200,"price":30.45,"category":"rbull"},{"type":"A","date":"2018-03-16T06:35:14.000Z","volume":200,"price":30.45,"category":"rbull"},{"type":"A","date":"2018-03-16T06:34:17.000Z","volume":200,"price":30.45,"category":"rbull"},{"type":"A","date":"2018-03-16T06:33:20.000Z","volume":200,"price":30.45,"category":"rbull"},{"type":"A","date":"2018-03-16T06:32:23.000Z","volume":200,"price":30.45,"category":"rbull"},{"type":"A","date":"2018-03-16T06:31:26.000Z","volume":200,"price":30.45,"category":"rbull"},{"type":"A","date":"2018-03-16T06:30:48.000Z","volume":200,"price":30.45,"category":"rbull"},{"type":"A","date":"2018-03-16T06:29:51.000Z","volume":200,"price":30.45,"category":"rbull"},{"type":"A","date":"2018-03-16T06:29:13.000Z","volume":200,"price":30.5,"category":"rbull"},{"type":"A","date":"2018-03-16T06:28:16.000Z","volume":200,"price":30.5,"category":"rbull"},{"type":"A","date":"2018-03-16T06:27:18.000Z","volume":200,"price":30.5,"category":"rbull"},{"type":"A","date":"2018-03-16T06:26:40.000Z","volume":200,"price":30.5,"category":"rbull"},{"type":"A","date":"2018-03-16T06:26:33.000Z","volume":200,"price":30.45,"category":"rbull"},{"type":"A","date":"2018-03-16T06:25:43.000Z","volume":200,"price":30.4,"category":"rbull"},{"type":"A","date":"2018-03-16T06:25:05.000Z","volume":200,"price":30.35,"category":"rbull"},{"type":"A","date":"2018-03-16T06:24:08.000Z","volume":200,"price":30.35,"category":"rbull"},{"type":"A","date":"2018-03-16T06:23:58.000Z","volume":200,"price":30.35,"category":"rbull"},{"type":"A","date":"2018-03-16T06:23:36.000Z","volume":200,"price":30.35,"category":"rbull"},{"type":"A","date":"2018-03-16T06:23:30.000Z","volume":200,"price":30.35,"category":"rbull"},{"type":"A","date":"2018-03-16T06:22:33.000Z","volume":200,"price":30.35,"category":"rbull"},{"type":"A","date":"2018-03-16T06:21:55.000Z","volume":200,"price":30.35,"category":"rbull"},{"type":"A","date":"2018-03-16T06:21:17.000Z","volume":200,"price":30.35,"category":"rbull"},{"type":"A","date":"2018-03-16T06:20:20.000Z","volume":200,"price":30.35,"category":"rbull"},{"type":"A","date":"2018-03-16T06:19:12.000Z","volume":200,"price":30.35,"category":"rbull"},{"type":"A","date":"2018-03-16T06:18:32.000Z","volume":200,"price":30.35,"category":"rbull"},{"type":"A","date":"2018-03-16T06:18:13.000Z","volume":200,"price":30.35,"category":"rbull"},{"type":"A","date":"2018-03-16T06:16:59.000Z","volume":200,"price":30.3,"category":"rbull"},{"type":"A","date":"2018-03-16T06:13:27.000Z","volume":200,"price":30.3,"category":"rbull"},{"type":"A","date":"2018-03-16T06:13:08.000Z","volume":200,"price":30.3,"category":"rbull"},{"type":"A","date":"2018-03-16T06:12:49.000Z","volume":200,"price":30.3,"category":"rbull"},{"type":"A","date":"2018-03-16T06:11:52.000Z","volume":200,"price":30.3,"category":"rbull"},{"type":"A","date":"2018-03-16T06:10:17.000Z","volume":200,"price":30.3,"category":"rbull"},{"type":"A","date":"2018-03-16T06:08:42.000Z","volume":200,"price":30.25,"category":"rbull"},{"type":"A","date":"2018-03-16T06:07:07.000Z","volume":200,"price":30.25,"category":"rbull"},{"type":"A","date":"2018-03-16T06:06:47.000Z","volume":200,"price":30.25,"category":"rbull"},{"type":"A","date":"2018-03-16T06:05:11.000Z","volume":200,"price":30.25,"category":"rbull"},{"type":"A","date":"2018-03-16T06:04:15.000Z","volume":200,"price":30.25,"category":"rbull"},{"type":"A","date":"2018-03-16T06:04:15.000Z","volume":200,"price":30.25,"category":"rbull"},{"type":"A","date":"2018-03-16T06:03:37.000Z","volume":200,"price":30.25,"category":"rbull"},{"type":"A","date":"2018-03-16T06:03:18.000Z","volume":200,"price":30.25,"category":"rbull"},{"type":"A","date":"2018-03-16T06:02:40.000Z","volume":200,"price":30.25,"category":"rbull"},{"type":"A","date":"2018-03-16T06:02:21.000Z","volume":200,"price":30.25,"category":"rbull"},{"type":"A","date":"2018-03-16T06:00:08.000Z","volume":200,"price":30.3,"category":"rbull"},{"type":"A","date":"2018-03-16T05:59:11.000Z","volume":200,"price":30.35,"category":"rbull"},{"type":"A","date":"2018-03-16T05:58:11.000Z","volume":200,"price":30.3,"category":"rbull"},{"type":"A","date":"2018-03-16T05:58:03.000Z","volume":200,"price":30.3,"category":"rbull"},{"type":"A","date":"2018-03-16T05:57:36.000Z","volume":200,"price":30.3,"category":"rbull"},{"type":"A","date":"2018-03-16T05:57:17.000Z","volume":200,"price":30.3,"category":"rbull"},{"type":"A","date":"2018-03-16T05:56:19.000Z","volume":200,"price":30.3,"category":"rbull"},{"type":"A","date":"2018-03-16T05:55:03.000Z","volume":200,"price":30.35,"category":"rbull"},{"type":"A","date":"2018-03-16T05:54:44.000Z","volume":200,"price":30.35,"category":"rbull"},{"type":"A","date":"2018-03-16T05:54:25.000Z","volume":200,"price":30.35,"category":"rbull"},{"type":"A","date":"2018-03-16T05:46:08.000Z","volume":200,"price":30.4,"category":"rbull"},{"type":"A","date":"2018-03-16T05:46:08.000Z","volume":200,"price":30.35,"category":"rbull"},{"type":"A","date":"2018-03-16T05:44:36.000Z","volume":200,"price":30.25,"category":"rbull"},{"type":"A","date":"2018-03-16T05:43:21.000Z","volume":200,"price":30.2,"category":"rbull"},{"type":"A","date":"2018-03-16T05:43:05.000Z","volume":200,"price":30.2,"category":"rbull"},{"type":"A","date":"2018-03-16T05:42:01.000Z","volume":200,"price":30.2,"category":"rbull"},{"type":"A","date":"2018-03-16T05:41:53.000Z","volume":200,"price":30.2,"category":"rbull"},{"type":"A","date":"2018-03-16T05:40:24.000Z","volume":200,"price":30.2,"category":"rbull"},{"type":"A","date":"2018-03-16T05:38:50.000Z","volume":200,"price":30.25,"category":"rbull"},{"type":"A","date":"2018-03-16T05:38:43.000Z","volume":200,"price":30.2,"category":"rbull"},{"type":"A","date":"2018-03-16T05:38:30.000Z","volume":200,"price":30.1,"category":"rbull"},{"type":"A","date":"2018-03-16T05:38:08.000Z","volume":200,"price":30,"category":"rbull"},{"type":"A","date":"2018-03-16T05:37:12.000Z","volume":200,"price":29.9,"category":"rbull"},{"type":"A","date":"2018-03-16T05:36:43.000Z","volume":200,"price":29.9,"category":"rbull"},{"type":"A","date":"2018-03-16T05:36:11.000Z","volume":200,"price":29.9,"category":"rbull"},{"type":"A","date":"2018-03-16T05:35:07.000Z","volume":200,"price":29.9,"category":"rbull"},{"type":"A","date":"2018-03-16T05:34:42.000Z","volume":200,"price":29.9,"category":"rbull"},{"type":"A","date":"2018-03-16T05:34:18.000Z","volume":200,"price":29.9,"category":"rbull"},{"type":"A","date":"2018-03-16T05:34:10.000Z","volume":200,"price":29.9,"category":"rbull"},{"type":"A","date":"2018-03-16T05:33:25.000Z","volume":200,"price":29.85,"category":"rbull"},{"type":"A","date":"2018-03-16T05:33:22.000Z","volume":200,"price":29.9,"category":"rbull"},{"type":"A","date":"2018-03-16T05:33:18.000Z","volume":200,"price":29.9,"category":"rbull"},{"type":"A","date":"2018-03-16T05:32:50.000Z","volume":200,"price":29.9,"category":"rbull"},{"type":"A","date":"2018-03-16T05:32:20.000Z","volume":200,"price":29.9,"category":"rbull"},{"type":"A","date":"2018-03-16T05:32:06.000Z","volume":200,"price":29.9,"category":"rbull"},{"type":"A","date":"2018-03-16T05:31:45.000Z","volume":200,"price":29.9,"category":"rbull"},{"type":"A","date":"2018-03-16T05:31:22.000Z","volume":200,"price":29.9,"category":"rbull"},{"type":"A","date":"2018-03-16T05:30:42.000Z","volume":200,"price":29.9,"category":"rbull"},{"type":"A","date":"2018-03-16T05:30:17.000Z","volume":200,"price":29.9,"category":"rbull"},{"type":"A","date":"2018-03-16T05:30:02.000Z","volume":200,"price":29.9,"category":"rbull"},{"type":"A","date":"2018-03-16T05:29:50.000Z","volume":200,"price":29.9,"category":"rbull"},{"type":"A","date":"2018-03-16T05:29:06.000Z","volume":200,"price":29.9,"category":"rbull"},{"type":"A","date":"2018-03-16T05:28:58.000Z","volume":200,"price":29.9,"category":"rbull"},{"type":"A","date":"2018-03-16T05:28:25.000Z","volume":200,"price":29.9,"category":"rbull"},{"type":"A","date":"2018-03-16T05:27:45.000Z","volume":200,"price":29.9,"category":"rbull"},{"type":"A","date":"2018-03-16T05:26:55.000Z","volume":200,"price":29.85,"category":"rbull"},{"type":"A","date":"2018-03-16T05:26:17.000Z","volume":200,"price":29.8,"category":"rbull"},{"type":"A","date":"2018-03-16T05:26:01.000Z","volume":200,"price":29.8,"category":"rbull"},{"type":"A","date":"2018-03-16T05:24:57.000Z","volume":200,"price":29.8,"category":"rbull"},{"type":"A","date":"2018-03-16T05:22:28.000Z","volume":200,"price":29.85,"category":"rbull"},{"type":"A","date":"2018-03-16T05:22:13.000Z","volume":200,"price":29.9,"category":"rbull"},{"type":"A","date":"2018-03-16T05:21:07.000Z","volume":200,"price":29.85,"category":"rbull"},{"type":"A","date":"2018-03-16T05:16:41.000Z","volume":200,"price":30,"category":"rbull"},{"type":"A","date":"2018-03-16T05:14:37.000Z","volume":200,"price":30,"category":"rbull"},{"type":"A","date":"2018-03-16T05:14:13.000Z","volume":200,"price":30.05,"category":"rbull"},{"type":"A","date":"2018-03-16T05:12:33.000Z","volume":200,"price":30.1,"category":"rbull"},{"type":"A","date":"2018-03-16T05:11:40.000Z","volume":200,"price":30.1,"category":"rbull"},{"type":"A","date":"2018-03-16T05:11:38.000Z","volume":200,"price":30.1,"category":"rbull"},{"type":"A","date":"2018-03-16T05:10:37.000Z","volume":200,"price":30,"category":"rbull"},{"type":"A","date":"2018-03-16T05:10:17.000Z","volume":200,"price":30,"category":"rbull"},{"type":"A","date":"2018-03-16T05:07:48.000Z","volume":200,"price":29.95,"category":"rbull"},{"type":"A","date":"2018-03-16T05:06:24.000Z","volume":200,"price":29.95,"category":"rbull"},{"type":"A","date":"2018-03-16T05:06:12.000Z","volume":200,"price":29.95,"category":"rbull"},{"type":"A","date":"2018-03-16T05:05:57.000Z","volume":200,"price":29.9,"category":"rbull"},{"type":"A","date":"2018-03-16T05:04:58.000Z","volume":200,"price":29.9,"category":"rbull"},{"type":"A","date":"2018-03-16T05:01:28.000Z","volume":200,"price":29.9,"category":"rbull"},{"type":"A","date":"2018-03-16T03:52:37.000Z","volume":200,"price":30,"category":"rbull"},{"type":"A","date":"2018-03-16T03:48:59.000Z","volume":200,"price":29.9,"category":"rbull"},{"type":"A","date":"2018-03-16T03:48:49.000Z","volume":200,"price":29.9,"category":"rbull"},{"type":"A","date":"2018-03-16T03:43:38.000Z","volume":200,"price":29.85,"category":"rbull"},{"type":"A","date":"2018-03-16T03:42:23.000Z","volume":200,"price":29.85,"category":"rbull"},{"type":"A","date":"2018-03-16T03:35:08.000Z","volume":200,"price":29.95,"category":"rbull"},{"type":"A","date":"2018-03-16T03:32:36.000Z","volume":200,"price":30,"category":"rbull"},{"type":"A","date":"2018-03-16T03:32:12.000Z","volume":200,"price":30,"category":"rbull"},{"type":"A","date":"2018-03-16T03:29:00.000Z","volume":200,"price":30.15,"category":"rbull"},{"type":"A","date":"2018-03-16T03:22:41.000Z","volume":200,"price":30.35,"category":"rbull"},{"type":"A","date":"2018-03-16T03:09:54.000Z","volume":200,"price":30.65,"category":"rbull"},{"type":"A","date":"2018-03-16T03:08:13.000Z","volume":200,"price":30.6,"category":"rbull"},{"type":"A","date":"2018-03-16T03:07:30.000Z","volume":200,"price":30.6,"category":"rbull"},{"type":"A","date":"2018-03-16T03:00:13.000Z","volume":200,"price":30.75,"category":"rbull"},{"type":"A","date":"2018-03-16T02:49:10.000Z","volume":200,"price":30.8,"category":"rbull"},{"type":"A","date":"2018-03-16T02:44:18.000Z","volume":200,"price":30.95,"category":"rbull"},{"type":"A","date":"2018-03-16T02:44:06.000Z","volume":200,"price":30.95,"category":"rbull"},{"type":"A","date":"2018-03-16T02:44:05.000Z","volume":200,"price":30.95,"category":"rbull"},{"type":"A","date":"2018-03-16T02:43:55.000Z","volume":200,"price":30.95,"category":"rbull"},{"type":"A","date":"2018-03-16T02:42:22.000Z","volume":200,"price":30.9,"category":"rbull"},{"type":"A","date":"2018-03-16T02:42:00.000Z","volume":200,"price":30.9,"category":"rbull"},{"type":"A","date":"2018-03-16T02:41:22.000Z","volume":200,"price":30.9,"category":"rbull"},{"type":"A","date":"2018-03-16T02:39:15.000Z","volume":200,"price":30.95,"category":"rbull"},{"type":"A","date":"2018-03-16T02:37:02.000Z","volume":200,"price":30.95,"category":"rbull"},{"type":"A","date":"2018-03-16T02:37:00.000Z","volume":200,"price":30.95,"category":"rbull"},{"type":"A","date":"2018-03-16T02:35:33.000Z","volume":200,"price":30.95,"category":"rbull"},{"type":"A","date":"2018-03-16T02:35:33.000Z","volume":200,"price":30.95,"category":"rbull"},{"type":"A","date":"2018-03-16T02:35:08.000Z","volume":200,"price":30.95,"category":"rbull"},{"type":"A","date":"2018-03-16T02:34:14.000Z","volume":200,"price":30.95,"category":"rbull"},{"type":"A","date":"2018-03-16T02:33:15.000Z","volume":200,"price":30.95,"category":"rbull"},{"type":"A","date":"2018-03-16T02:33:15.000Z","volume":200,"price":30.95,"category":"rbull"},{"type":"A","date":"2018-03-16T02:31:08.000Z","volume":200,"price":31,"category":"rbull"},{"type":"A","date":"2018-03-16T02:30:41.000Z","volume":200,"price":30.95,"category":"rbull"},{"type":"A","date":"2018-03-16T02:30:03.000Z","volume":200,"price":30.95,"category":"rbull"},{"type":"A","date":"2018-03-16T02:28:48.000Z","volume":200,"price":30.95,"category":"rbull"},{"type":"A","date":"2018-03-16T02:28:41.000Z","volume":200,"price":30.95,"category":"rbull"},{"type":"A","date":"2018-03-16T02:28:18.000Z","volume":200,"price":30.95,"category":"rbull"},{"type":"A","date":"2018-03-16T02:28:13.000Z","volume":200,"price":31,"category":"rbull"},{"type":"A","date":"2018-03-16T02:26:44.000Z","volume":200,"price":31.1,"category":"rbull"},{"type":"A","date":"2018-03-16T02:26:36.000Z","volume":200,"price":31.1,"category":"rbull"},{"type":"A","date":"2018-03-16T02:26:24.000Z","volume":200,"price":31.1,"category":"rbull"},{"type":"A","date":"2018-03-16T02:25:49.000Z","volume":200,"price":31.1,"category":"rbull"},{"type":"A","date":"2018-03-16T02:25:39.000Z","volume":200,"price":31.1,"category":"rbull"},{"type":"A","date":"2018-03-16T02:25:34.000Z","volume":200,"price":31.1,"category":"rbull"},{"type":"A","date":"2018-03-16T02:25:27.000Z","volume":200,"price":31.1,"category":"rbull"},{"type":"A","date":"2018-03-16T02:24:37.000Z","volume":200,"price":31.05,"category":"rbull"},{"type":"A","date":"2018-03-16T02:23:27.000Z","volume":200,"price":31.1,"category":"rbull"},{"type":"A","date":"2018-03-16T02:23:05.000Z","volume":200,"price":31.05,"category":"rbull"},{"type":"A","date":"2018-03-16T02:22:41.000Z","volume":200,"price":31,"category":"rbull"},{"type":"A","date":"2018-03-16T02:21:39.000Z","volume":200,"price":31,"category":"rbull"},{"type":"A","date":"2018-03-16T02:21:12.000Z","volume":200,"price":30.95,"category":"rbull"},{"type":"A","date":"2018-03-16T02:17:27.000Z","volume":200,"price":30.95,"category":"rbull"},{"type":"A","date":"2018-03-16T02:17:19.000Z","volume":200,"price":30.95,"category":"rbull"},{"type":"A","date":"2018-03-16T02:17:05.000Z","volume":200,"price":30.95,"category":"rbull"},{"type":"A","date":"2018-03-16T02:15:16.000Z","volume":200,"price":30.9,"category":"rbull"},{"type":"A","date":"2018-03-16T02:14:29.000Z","volume":200,"price":30.85,"category":"rbull"},{"type":"A","date":"2018-03-16T02:14:27.000Z","volume":200,"price":30.85,"category":"rbull"},{"type":"A","date":"2018-03-16T02:14:10.000Z","volume":200,"price":30.85,"category":"rbull"},{"type":"A","date":"2018-03-16T02:12:13.000Z","volume":200,"price":30.95,"category":"rbull"},{"type":"A","date":"2018-03-16T02:11:15.000Z","volume":200,"price":30.95,"category":"rbull"},{"type":"A","date":"2018-03-16T02:11:05.000Z","volume":200,"price":30.95,"category":"rbull"},{"type":"A","date":"2018-03-16T02:10:40.000Z","volume":200,"price":30.95,"category":"rbull"},{"type":"A","date":"2018-03-16T02:10:37.000Z","volume":200,"price":31,"category":"rbull"},{"type":"A","date":"2018-03-16T02:09:41.000Z","volume":200,"price":30.95,"category":"rbull"},{"type":"A","date":"2018-03-16T02:08:35.000Z","volume":200,"price":30.9,"category":"rbull"},{"type":"A","date":"2018-03-16T02:08:31.000Z","volume":200,"price":30.9,"category":"rbull"},{"type":"A","date":"2018-03-16T02:07:33.000Z","volume":200,"price":31,"category":"rbull"},{"type":"A","date":"2018-03-16T02:07:23.000Z","volume":200,"price":30.85,"category":"rbull"},{"type":"A","date":"2018-03-16T02:07:22.000Z","volume":200,"price":30.85,"category":"rbull"},{"type":"A","date":"2018-03-16T02:07:05.000Z","volume":200,"price":30.85,"category":"rbull"},{"type":"A","date":"2018-03-16T02:07:05.000Z","volume":200,"price":30.85,"category":"rbull"},{"type":"A","date":"2018-03-16T02:05:24.000Z","volume":200,"price":31.05,"category":"rbull"},{"type":"A","date":"2018-03-16T02:05:05.000Z","volume":200,"price":30.9,"category":"rbull"},{"type":"A","date":"2018-03-16T02:05:02.000Z","volume":200,"price":30.9,"category":"rbull"},{"type":"A","date":"2018-03-16T02:04:36.000Z","volume":200,"price":31,"category":"rbull"},{"type":"A","date":"2018-03-16T02:04:23.000Z","volume":200,"price":31,"category":"rbull"},{"type":"A","date":"2018-03-16T02:04:13.000Z","volume":200,"price":31.05,"category":"rbull"},{"type":"A","date":"2018-03-16T02:02:03.000Z","volume":200,"price":31.1,"category":"rbull"},{"type":"A","date":"2018-03-16T02:01:32.000Z","volume":200,"price":31.1,"category":"rbull"},{"type":"A","date":"2018-03-16T02:01:14.000Z","volume":200,"price":31.1,"category":"rbull"},{"type":"A","date":"2018-03-16T02:01:04.000Z","volume":200,"price":31.1,"category":"rbull"},{"type":"A","date":"2018-03-16T01:59:05.000Z","volume":200,"price":30.9,"category":"rbull"},{"type":"A","date":"2018-03-16T01:57:14.000Z","volume":200,"price":31,"category":"rbull"},{"type":"A","date":"2018-03-16T01:57:02.000Z","volume":200,"price":31.05,"category":"rbull"},{"type":"A","date":"2018-03-16T01:56:56.000Z","volume":200,"price":31.05,"category":"rbull"},{"type":"A","date":"2018-03-16T01:55:39.000Z","volume":200,"price":31.1,"category":"rbull"},{"type":"A","date":"2018-03-16T01:55:39.000Z","volume":200,"price":31.1,"category":"rbull"},{"type":"A","date":"2018-03-16T01:55:35.000Z","volume":200,"price":31.1,"category":"rbull"},{"type":"A","date":"2018-03-16T01:55:23.000Z","volume":200,"price":31.2,"category":"rbull"},{"type":"A","date":"2018-03-16T01:55:21.000Z","volume":200,"price":31.05,"category":"rbull"},{"type":"A","date":"2018-03-16T01:55:02.000Z","volume":200,"price":31.15,"category":"rbull"},{"type":"A","date":"2018-03-16T01:55:01.000Z","volume":200,"price":31.15,"category":"rbull"},{"type":"A","date":"2018-03-16T01:54:56.000Z","volume":200,"price":31.1,"category":"rbull"},{"type":"A","date":"2018-03-16T01:54:02.000Z","volume":200,"price":30.95,"category":"rbull"},{"type":"A","date":"2018-03-16T01:52:26.000Z","volume":200,"price":30.8,"category":"rbull"},{"type":"A","date":"2018-03-16T01:51:29.000Z","volume":200,"price":30.7,"category":"rbull"},{"type":"A","date":"2018-03-16T01:49:31.000Z","volume":200,"price":30.75,"category":"rbull"},{"type":"A","date":"2018-03-16T01:49:17.000Z","volume":200,"price":30.65,"category":"rbull"},{"type":"A","date":"2018-03-16T01:49:17.000Z","volume":200,"price":30.7,"category":"rbull"},{"type":"A","date":"2018-03-16T01:48:08.000Z","volume":200,"price":30.5,"category":"rbull"},{"type":"A","date":"2018-03-16T01:48:08.000Z","volume":200,"price":30.5,"category":"rbull"},{"type":"A","date":"2018-03-16T01:45:53.000Z","volume":200,"price":30.5,"category":"rbull"},{"type":"A","date":"2018-03-16T01:45:11.000Z","volume":200,"price":30.5,"category":"rbull"},{"type":"A","date":"2018-03-16T01:45:11.000Z","volume":200,"price":30.5,"category":"rbull"},{"type":"A","date":"2018-03-16T01:44:17.000Z","volume":200,"price":30.5,"category":"rbull"},{"type":"A","date":"2018-03-16T01:43:04.000Z","volume":200,"price":30.5,"category":"rbull"},{"type":"A","date":"2018-03-16T01:41:22.000Z","volume":200,"price":30.4,"category":"rbull"},{"type":"A","date":"2018-03-16T01:36:57.000Z","volume":200,"price":30.3,"category":"rbull"},{"type":"A","date":"2018-03-16T01:35:41.000Z","volume":200,"price":30.2,"category":"rbull"},{"type":"A","date":"2018-03-16T01:34:24.000Z","volume":200,"price":30.2,"category":"rbull"},{"type":"A","date":"2018-03-16T01:31:10.000Z","volume":200,"price":30.35,"category":"rbull"},{"type":"A","date":"2018-03-16T01:31:09.000Z","volume":200,"price":30.35,"category":"rbull"},{"type":"A","date":"2018-03-16T01:30:35.000Z","volume":200,"price":30.3,"category":"rbull"},{"type":"B","date":"2018-03-16T07:58:56.000Z","volume":200,"price":30.4,"category":"rbear"},{"type":"B","date":"2018-03-16T07:58:55.000Z","volume":200,"price":30.4,"category":"rbear"},{"type":"B","date":"2018-03-16T07:58:01.000Z","volume":200,"price":30.45,"category":"rbear"},{"type":"B","date":"2018-03-16T07:57:35.000Z","volume":200,"price":30.45,"category":"rbear"},{"type":"B","date":"2018-03-16T07:57:31.000Z","volume":200,"price":30.45,"category":"rbear"},{"type":"B","date":"2018-03-16T07:57:25.000Z","volume":200,"price":30.45,"category":"rbear"},{"type":"B","date":"2018-03-16T07:56:48.000Z","volume":200,"price":30.45,"category":"rbear"},{"type":"B","date":"2018-03-16T07:56:45.000Z","volume":200,"price":30.45,"category":"rbear"},{"type":"B","date":"2018-03-16T07:56:45.000Z","volume":200,"price":30.45,"category":"rbear"},{"type":"B","date":"2018-03-16T07:56:19.000Z","volume":200,"price":30.45,"category":"rbear"},{"type":"B","date":"2018-03-16T07:55:27.000Z","volume":200,"price":30.45,"category":"rbear"},{"type":"B","date":"2018-03-16T07:55:23.000Z","volume":200,"price":30.45,"category":"rbear"},{"type":"B","date":"2018-03-16T07:54:48.000Z","volume":200,"price":30.45,"category":"rbear"},{"type":"B","date":"2018-03-16T07:54:21.000Z","volume":200,"price":30.45,"category":"rbear"},{"type":"B","date":"2018-03-16T07:52:31.000Z","volume":200,"price":30.45,"category":"rbear"},{"type":"B","date":"2018-03-16T07:51:22.000Z","volume":200,"price":30.45,"category":"rbear"},{"type":"B","date":"2018-03-16T07:50:51.000Z","volume":200,"price":30.45,"category":"rbear"},{"type":"B","date":"2018-03-16T07:49:17.000Z","volume":200,"price":30.45,"category":"rbear"},{"type":"B","date":"2018-03-16T07:48:35.000Z","volume":200,"price":30.45,"category":"rbear"},{"type":"B","date":"2018-03-16T07:43:54.000Z","volume":200,"price":30.45,"category":"rbear"},{"type":"B","date":"2018-03-16T07:41:50.000Z","volume":200,"price":30.45,"category":"rbear"},{"type":"B","date":"2018-03-16T07:40:54.000Z","volume":200,"price":30.45,"category":"rbear"},{"type":"B","date":"2018-03-16T07:40:22.000Z","volume":200,"price":30.45,"category":"rbear"},{"type":"B","date":"2018-03-16T07:39:35.000Z","volume":200,"price":30.45,"category":"rbear"},{"type":"B","date":"2018-03-16T07:39:19.000Z","volume":200,"price":30.45,"category":"rbear"},{"type":"B","date":"2018-03-16T07:35:08.000Z","volume":200,"price":30.45,"category":"rbear"},{"type":"B","date":"2018-03-16T07:32:47.000Z","volume":200,"price":30.45,"category":"rbear"},{"type":"B","date":"2018-03-16T07:32:37.000Z","volume":200,"price":30.45,"category":"rbear"},{"type":"B","date":"2018-03-16T07:30:08.000Z","volume":200,"price":30.45,"category":"rbear"},{"type":"B","date":"2018-03-16T07:29:38.000Z","volume":200,"price":30.45,"category":"rbear"},{"type":"B","date":"2018-03-16T07:28:06.000Z","volume":200,"price":30.45,"category":"rbear"},{"type":"B","date":"2018-03-16T07:25:35.000Z","volume":200,"price":30.45,"category":"rbear"},{"type":"B","date":"2018-03-16T07:24:55.000Z","volume":200,"price":30.45,"category":"rbear"},{"type":"B","date":"2018-03-16T07:24:25.000Z","volume":200,"price":30.45,"category":"rbear"},{"type":"B","date":"2018-03-16T07:23:34.000Z","volume":200,"price":30.45,"category":"rbear"},{"type":"B","date":"2018-03-16T07:21:04.000Z","volume":200,"price":30.4,"category":"rbear"},{"type":"B","date":"2018-03-16T07:19:51.000Z","volume":200,"price":30.35,"category":"rbear"},{"type":"B","date":"2018-03-16T07:19:04.000Z","volume":200,"price":30.35,"category":"rbear"},{"type":"B","date":"2018-03-16T07:16:33.000Z","volume":200,"price":30.35,"category":"rbear"},{"type":"B","date":"2018-03-16T07:14:32.000Z","volume":200,"price":30.3,"category":"rbear"},{"type":"B","date":"2018-03-16T07:12:02.000Z","volume":200,"price":30.35,"category":"rbear"},{"type":"B","date":"2018-03-16T07:10:14.000Z","volume":200,"price":30.35,"category":"rbear"},{"type":"B","date":"2018-03-16T07:10:01.000Z","volume":200,"price":30.35,"category":"rbear"},{"type":"B","date":"2018-03-16T07:09:22.000Z","volume":200,"price":30.35,"category":"rbear"},{"type":"B","date":"2018-03-16T07:07:41.000Z","volume":200,"price":30.35,"category":"rbear"},{"type":"B","date":"2018-03-16T07:07:30.000Z","volume":200,"price":30.35,"category":"rbear"},{"type":"B","date":"2018-03-16T07:05:30.000Z","volume":200,"price":30.3,"category":"rbear"},{"type":"B","date":"2018-03-16T07:02:59.000Z","volume":200,"price":30.3,"category":"rbear"},{"type":"B","date":"2018-03-16T07:00:59.000Z","volume":200,"price":30.35,"category":"rbear"},{"type":"B","date":"2018-03-16T07:00:12.000Z","volume":200,"price":30.35,"category":"rbear"},{"type":"B","date":"2018-03-16T06:58:28.000Z","volume":200,"price":30.3,"category":"rbear"},{"type":"B","date":"2018-03-16T06:58:26.000Z","volume":200,"price":30.3,"category":"rbear"},{"type":"B","date":"2018-03-16T06:56:27.000Z","volume":200,"price":30.3,"category":"rbear"},{"type":"B","date":"2018-03-16T06:53:56.000Z","volume":200,"price":30.25,"category":"rbear"},{"type":"B","date":"2018-03-16T06:53:48.000Z","volume":200,"price":30.25,"category":"rbear"},{"type":"B","date":"2018-03-16T06:53:38.000Z","volume":200,"price":30.3,"category":"rbear"},{"type":"B","date":"2018-03-16T06:51:26.000Z","volume":200,"price":30.3,"category":"rbear"},{"type":"B","date":"2018-03-16T06:49:25.000Z","volume":200,"price":30.3,"category":"rbear"},{"type":"B","date":"2018-03-16T06:47:41.000Z","volume":200,"price":30.35,"category":"rbear"},{"type":"B","date":"2018-03-16T06:46:55.000Z","volume":200,"price":30.35,"category":"rbear"},{"type":"B","date":"2018-03-16T06:44:55.000Z","volume":200,"price":30.35,"category":"rbear"},{"type":"B","date":"2018-03-16T06:43:04.000Z","volume":200,"price":30.35,"category":"rbear"},{"type":"B","date":"2018-03-16T06:42:23.000Z","volume":200,"price":30.35,"category":"rbear"},{"type":"B","date":"2018-03-16T06:40:23.000Z","volume":200,"price":30.35,"category":"rbear"},{"type":"B","date":"2018-03-16T06:40:03.000Z","volume":200,"price":30.35,"category":"rbear"},{"type":"B","date":"2018-03-16T06:37:52.000Z","volume":200,"price":30.35,"category":"rbear"},{"type":"B","date":"2018-03-16T06:35:51.000Z","volume":200,"price":30.4,"category":"rbear"},{"type":"B","date":"2018-03-16T06:35:03.000Z","volume":200,"price":30.4,"category":"rbear"},{"type":"B","date":"2018-03-16T06:33:21.000Z","volume":200,"price":30.35,"category":"rbear"},{"type":"B","date":"2018-03-16T06:31:20.000Z","volume":200,"price":30.4,"category":"rbear"},{"type":"B","date":"2018-03-16T06:28:50.000Z","volume":200,"price":30.45,"category":"rbear"},{"type":"B","date":"2018-03-16T06:26:49.000Z","volume":200,"price":30.4,"category":"rbear"},{"type":"B","date":"2018-03-16T06:24:18.000Z","volume":200,"price":30.3,"category":"rbear"},{"type":"B","date":"2018-03-16T06:22:18.000Z","volume":200,"price":30.3,"category":"rbear"},{"type":"B","date":"2018-03-16T06:21:02.000Z","volume":200,"price":30.3,"category":"rbear"},{"type":"B","date":"2018-03-16T06:19:48.000Z","volume":200,"price":30.3,"category":"rbear"},{"type":"B","date":"2018-03-16T06:19:40.000Z","volume":200,"price":30.3,"category":"rbear"},{"type":"B","date":"2018-03-16T06:17:47.000Z","volume":200,"price":30.3,"category":"rbear"},{"type":"B","date":"2018-03-16T06:15:16.000Z","volume":200,"price":30.25,"category":"rbear"},{"type":"B","date":"2018-03-16T06:13:16.000Z","volume":200,"price":30.25,"category":"rbear"},{"type":"B","date":"2018-03-16T06:10:45.000Z","volume":200,"price":30.25,"category":"rbear"},{"type":"B","date":"2018-03-16T06:10:39.000Z","volume":200,"price":30.25,"category":"rbear"},{"type":"B","date":"2018-03-16T06:10:33.000Z","volume":200,"price":30.25,"category":"rbear"},{"type":"B","date":"2018-03-16T06:10:20.000Z","volume":200,"price":30.25,"category":"rbear"},{"type":"B","date":"2018-03-16T06:09:02.000Z","volume":200,"price":30.2,"category":"rbear"},{"type":"B","date":"2018-03-16T06:08:14.000Z","volume":200,"price":30.2,"category":"rbear"},{"type":"B","date":"2018-03-16T06:07:45.000Z","volume":200,"price":30.2,"category":"rbear"},{"type":"B","date":"2018-03-16T06:07:14.000Z","volume":200,"price":30.2,"category":"rbear"},{"type":"B","date":"2018-03-16T06:07:08.000Z","volume":200,"price":30.2,"category":"rbear"},{"type":"B","date":"2018-03-16T06:06:45.000Z","volume":200,"price":30.2,"category":"rbear"},{"type":"B","date":"2018-03-16T06:06:33.000Z","volume":200,"price":30.2,"category":"rbear"},{"type":"B","date":"2018-03-16T06:06:14.000Z","volume":200,"price":30.2,"category":"rbear"},{"type":"B","date":"2018-03-16T06:06:06.000Z","volume":200,"price":30.2,"category":"rbear"},{"type":"B","date":"2018-03-16T06:03:43.000Z","volume":200,"price":30.2,"category":"rbear"},{"type":"B","date":"2018-03-16T06:01:42.000Z","volume":200,"price":30.2,"category":"rbear"},{"type":"B","date":"2018-03-16T06:00:07.000Z","volume":200,"price":30.3,"category":"rbear"},{"type":"B","date":"2018-03-16T05:59:11.000Z","volume":200,"price":30.3,"category":"rbear"},{"type":"B","date":"2018-03-16T05:57:11.000Z","volume":200,"price":30.25,"category":"rbear"},{"type":"B","date":"2018-03-16T05:55:37.000Z","volume":200,"price":30.25,"category":"rbear"},{"type":"B","date":"2018-03-16T05:55:00.000Z","volume":200,"price":30.3,"category":"rbear"},{"type":"B","date":"2018-03-16T05:54:40.000Z","volume":200,"price":30.3,"category":"rbear"},{"type":"B","date":"2018-03-16T05:52:39.000Z","volume":200,"price":30.35,"category":"rbear"},{"type":"B","date":"2018-03-16T05:50:09.000Z","volume":200,"price":30.35,"category":"rbear"},{"type":"B","date":"2018-03-16T05:48:08.000Z","volume":200,"price":30.25,"category":"rbear"},{"type":"B","date":"2018-03-16T05:46:13.000Z","volume":200,"price":30.4,"category":"rbear"},{"type":"B","date":"2018-03-16T05:46:13.000Z","volume":200,"price":30.4,"category":"rbear"},{"type":"B","date":"2018-03-16T05:45:37.000Z","volume":200,"price":30.25,"category":"rbear"},{"type":"B","date":"2018-03-16T05:43:37.000Z","volume":200,"price":30.2,"category":"rbear"},{"type":"B","date":"2018-03-16T05:41:07.000Z","volume":200,"price":30.2,"category":"rbear"},{"type":"B","date":"2018-03-16T05:39:35.000Z","volume":200,"price":30.25,"category":"rbear"},{"type":"B","date":"2018-03-16T05:39:06.000Z","volume":200,"price":30.2,"category":"rbear"},{"type":"B","date":"2018-03-16T05:36:35.000Z","volume":200,"price":29.85,"category":"rbear"},{"type":"B","date":"2018-03-16T05:34:35.000Z","volume":200,"price":29.85,"category":"rbear"},{"type":"B","date":"2018-03-16T05:33:19.000Z","volume":200,"price":29.85,"category":"rbear"},{"type":"B","date":"2018-03-16T05:32:03.000Z","volume":200,"price":29.85,"category":"rbear"},{"type":"B","date":"2018-03-16T05:29:33.000Z","volume":200,"price":29.85,"category":"rbear"},{"type":"B","date":"2018-03-16T05:27:32.000Z","volume":200,"price":29.85,"category":"rbear"},{"type":"B","date":"2018-03-16T05:26:37.000Z","volume":200,"price":29.75,"category":"rbear"},{"type":"B","date":"2018-03-16T05:25:02.000Z","volume":200,"price":29.75,"category":"rbear"},{"type":"B","date":"2018-03-16T05:23:01.000Z","volume":200,"price":29.85,"category":"rbear"},{"type":"B","date":"2018-03-16T05:21:17.000Z","volume":200,"price":29.85,"category":"rbear"},{"type":"B","date":"2018-03-16T05:20:31.000Z","volume":200,"price":29.85,"category":"rbear"},{"type":"B","date":"2018-03-16T05:18:30.000Z","volume":200,"price":29.9,"category":"rbear"},{"type":"B","date":"2018-03-16T05:17:38.000Z","volume":200,"price":29.9,"category":"rbear"},{"type":"B","date":"2018-03-16T05:15:59.000Z","volume":200,"price":29.95,"category":"rbear"},{"type":"B","date":"2018-03-16T05:13:58.000Z","volume":200,"price":30.05,"category":"rbear"},{"type":"B","date":"2018-03-16T05:11:28.000Z","volume":200,"price":30.05,"category":"rbear"},{"type":"B","date":"2018-03-16T05:09:27.000Z","volume":200,"price":29.95,"category":"rbear"},{"type":"B","date":"2018-03-16T05:06:56.000Z","volume":200,"price":29.9,"category":"rbear"},{"type":"B","date":"2018-03-16T05:06:08.000Z","volume":200,"price":29.9,"category":"rbear"},{"type":"B","date":"2018-03-16T05:05:45.000Z","volume":200,"price":29.85,"category":"rbear"},{"type":"B","date":"2018-03-16T05:04:56.000Z","volume":200,"price":29.85,"category":"rbear"},{"type":"B","date":"2018-03-16T05:03:27.000Z","volume":200,"price":29.85,"category":"rbear"},{"type":"B","date":"2018-03-16T05:02:26.000Z","volume":200,"price":29.85,"category":"rbear"},{"type":"B","date":"2018-03-16T05:00:36.000Z","volume":200,"price":29.85,"category":"rbear"},{"type":"B","date":"2018-03-16T05:00:25.000Z","volume":200,"price":29.85,"category":"rbear"},{"type":"B","date":"2018-03-16T03:57:55.000Z","volume":200,"price":29.85,"category":"rbear"},{"type":"B","date":"2018-03-16T03:55:54.000Z","volume":200,"price":29.9,"category":"rbear"},{"type":"B","date":"2018-03-16T03:53:23.000Z","volume":200,"price":29.95,"category":"rbear"},{"type":"B","date":"2018-03-16T03:52:02.000Z","volume":200,"price":29.9,"category":"rbear"},{"type":"B","date":"2018-03-16T03:51:05.000Z","volume":200,"price":29.85,"category":"rbear"},{"type":"B","date":"2018-03-16T03:50:52.000Z","volume":200,"price":29.85,"category":"rbear"},{"type":"B","date":"2018-03-16T03:48:52.000Z","volume":200,"price":29.85,"category":"rbear"},{"type":"B","date":"2018-03-16T03:46:22.000Z","volume":200,"price":29.85,"category":"rbear"},{"type":"B","date":"2018-03-16T03:46:14.000Z","volume":200,"price":29.85,"category":"rbear"},{"type":"B","date":"2018-03-16T03:45:11.000Z","volume":200,"price":29.85,"category":"rbear"},{"type":"B","date":"2018-03-16T03:45:06.000Z","volume":200,"price":29.8,"category":"rbear"},{"type":"B","date":"2018-03-16T03:44:20.000Z","volume":200,"price":29.8,"category":"rbear"},{"type":"B","date":"2018-03-16T03:42:56.000Z","volume":200,"price":29.8,"category":"rbear"},{"type":"B","date":"2018-03-16T03:41:50.000Z","volume":200,"price":29.8,"category":"rbear"},{"type":"B","date":"2018-03-16T03:39:49.000Z","volume":200,"price":29.85,"category":"rbear"},{"type":"B","date":"2018-03-16T03:37:18.000Z","volume":200,"price":29.8,"category":"rbear"},{"type":"B","date":"2018-03-16T03:35:18.000Z","volume":200,"price":29.9,"category":"rbear"},{"type":"B","date":"2018-03-16T03:33:34.000Z","volume":200,"price":29.9,"category":"rbear"},{"type":"B","date":"2018-03-16T03:33:05.000Z","volume":200,"price":29.9,"category":"rbear"},{"type":"B","date":"2018-03-16T03:32:48.000Z","volume":200,"price":29.85,"category":"rbear"},{"type":"B","date":"2018-03-16T03:30:46.000Z","volume":200,"price":30.05,"category":"rbear"},{"type":"B","date":"2018-03-16T03:28:16.000Z","volume":200,"price":30.1,"category":"rbear"},{"type":"B","date":"2018-03-16T03:25:35.000Z","volume":200,"price":30.15,"category":"rbear"},{"type":"B","date":"2018-03-16T03:24:56.000Z","volume":200,"price":30.2,"category":"rbear"},{"type":"B","date":"2018-03-16T03:24:06.000Z","volume":200,"price":30.2,"category":"rbear"},{"type":"B","date":"2018-03-16T03:23:45.000Z","volume":200,"price":30.2,"category":"rbear"},{"type":"B","date":"2018-03-16T03:21:44.000Z","volume":200,"price":30.25,"category":"rbear"},{"type":"B","date":"2018-03-16T03:19:13.000Z","volume":200,"price":30.35,"category":"rbear"},{"type":"B","date":"2018-03-16T03:17:59.000Z","volume":200,"price":30.35,"category":"rbear"},{"type":"B","date":"2018-03-16T03:17:59.000Z","volume":200,"price":30.35,"category":"rbear"},{"type":"B","date":"2018-03-16T03:17:12.000Z","volume":200,"price":30.4,"category":"rbear"},{"type":"B","date":"2018-03-16T03:16:34.000Z","volume":200,"price":30.4,"category":"rbear"},{"type":"B","date":"2018-03-16T03:14:42.000Z","volume":200,"price":30.35,"category":"rbear"},{"type":"B","date":"2018-03-16T03:14:10.000Z","volume":200,"price":30.4,"category":"rbear"},{"type":"B","date":"2018-03-16T03:12:11.000Z","volume":200,"price":30.55,"category":"rbear"},{"type":"B","date":"2018-03-16T03:11:21.000Z","volume":200,"price":30.6,"category":"rbear"},{"type":"B","date":"2018-03-16T03:11:18.000Z","volume":200,"price":30.6,"category":"rbear"},{"type":"B","date":"2018-03-16T03:10:10.000Z","volume":200,"price":30.55,"category":"rbear"},{"type":"B","date":"2018-03-16T03:08:44.000Z","volume":200,"price":30.55,"category":"rbear"},{"type":"B","date":"2018-03-16T03:07:42.000Z","volume":200,"price":30.55,"category":"rbear"},{"type":"B","date":"2018-03-16T03:07:41.000Z","volume":200,"price":30.55,"category":"rbear"},{"type":"B","date":"2018-03-16T03:05:39.000Z","volume":200,"price":30.55,"category":"rbear"},{"type":"B","date":"2018-03-16T03:05:07.000Z","volume":200,"price":30.6,"category":"rbear"},{"type":"B","date":"2018-03-16T03:04:18.000Z","volume":200,"price":30.6,"category":"rbear"},{"type":"B","date":"2018-03-16T03:03:09.000Z","volume":200,"price":30.7,"category":"rbear"},{"type":"B","date":"2018-03-16T03:01:09.000Z","volume":200,"price":30.7,"category":"rbear"},{"type":"B","date":"2018-03-16T02:58:53.000Z","volume":200,"price":30.7,"category":"rbear"},{"type":"B","date":"2018-03-16T02:58:38.000Z","volume":200,"price":30.7,"category":"rbear"},{"type":"B","date":"2018-03-16T02:58:17.000Z","volume":200,"price":30.7,"category":"rbear"},{"type":"B","date":"2018-03-16T02:56:38.000Z","volume":200,"price":30.7,"category":"rbear"},{"type":"B","date":"2018-03-16T02:55:57.000Z","volume":200,"price":30.7,"category":"rbear"},{"type":"B","date":"2018-03-16T02:54:09.000Z","volume":200,"price":30.75,"category":"rbear"},{"type":"B","date":"2018-03-16T02:50:53.000Z","volume":200,"price":30.75,"category":"rbear"},{"type":"B","date":"2018-03-16T02:47:33.000Z","volume":200,"price":30.85,"category":"rbear"},{"type":"B","date":"2018-03-16T02:46:25.000Z","volume":200,"price":30.9,"category":"rbear"},{"type":"B","date":"2018-03-16T02:46:16.000Z","volume":200,"price":30.9,"category":"rbear"},{"type":"B","date":"2018-03-16T02:44:36.000Z","volume":200,"price":30.9,"category":"rbear"},{"type":"B","date":"2018-03-16T02:37:39.000Z","volume":200,"price":30.9,"category":"rbear"},{"type":"B","date":"2018-03-16T02:33:11.000Z","volume":200,"price":30.9,"category":"rbear"},{"type":"B","date":"2018-03-16T02:32:25.000Z","volume":200,"price":30.9,"category":"rbear"},{"type":"B","date":"2018-03-16T02:32:03.000Z","volume":200,"price":30.95,"category":"rbear"},{"type":"B","date":"2018-03-16T02:27:20.000Z","volume":200,"price":31.05,"category":"rbear"},{"type":"B","date":"2018-03-16T02:26:43.000Z","volume":200,"price":31.05,"category":"rbear"},{"type":"B","date":"2018-03-16T02:24:53.000Z","volume":200,"price":31.05,"category":"rbear"},{"type":"B","date":"2018-03-16T02:21:38.000Z","volume":200,"price":30.95,"category":"rbear"},{"type":"B","date":"2018-03-16T02:21:31.000Z","volume":200,"price":30.9,"category":"rbear"},{"type":"B","date":"2018-03-16T02:20:45.000Z","volume":200,"price":30.9,"category":"rbear"},{"type":"B","date":"2018-03-16T02:19:46.000Z","volume":200,"price":30.9,"category":"rbear"},{"type":"B","date":"2018-03-16T02:17:33.000Z","volume":200,"price":30.9,"category":"rbear"},{"type":"B","date":"2018-03-16T02:13:41.000Z","volume":200,"price":30.85,"category":"rbear"},{"type":"B","date":"2018-03-16T02:12:06.000Z","volume":200,"price":30.9,"category":"rbear"},{"type":"B","date":"2018-03-16T02:08:30.000Z","volume":200,"price":30.9,"category":"rbear"},{"type":"B","date":"2018-03-16T02:08:13.000Z","volume":200,"price":30.95,"category":"rbear"},{"type":"B","date":"2018-03-16T02:06:35.000Z","volume":200,"price":30.95,"category":"rbear"},{"type":"B","date":"2018-03-16T02:06:35.000Z","volume":200,"price":30.95,"category":"rbear"},{"type":"B","date":"2018-03-16T02:06:23.000Z","volume":200,"price":30.95,"category":"rbear"},{"type":"B","date":"2018-03-16T02:06:22.000Z","volume":200,"price":30.95,"category":"rbear"},{"type":"B","date":"2018-03-16T02:05:26.000Z","volume":200,"price":30.95,"category":"rbear"},{"type":"B","date":"2018-03-16T02:04:33.000Z","volume":200,"price":30.95,"category":"rbear"},{"type":"B","date":"2018-03-16T02:00:12.000Z","volume":200,"price":31,"category":"rbear"},{"type":"B","date":"2018-03-16T02:00:05.000Z","volume":200,"price":30.95,"category":"rbear"},{"type":"B","date":"2018-03-16T01:59:05.000Z","volume":200,"price":30.85,"category":"rbear"},{"type":"B","date":"2018-03-16T01:57:52.000Z","volume":200,"price":31,"category":"rbear"},{"type":"B","date":"2018-03-16T01:56:08.000Z","volume":200,"price":31.05,"category":"rbear"},{"type":"B","date":"2018-03-16T01:56:08.000Z","volume":200,"price":31.05,"category":"rbear"},{"type":"B","date":"2018-03-16T01:50:56.000Z","volume":200,"price":30.7,"category":"rbear"},{"type":"B","date":"2018-03-16T01:50:33.000Z","volume":200,"price":30.65,"category":"rbear"},{"type":"B","date":"2018-03-16T01:50:30.000Z","volume":200,"price":30.65,"category":"rbear"},{"type":"B","date":"2018-03-16T01:50:25.000Z","volume":200,"price":30.75,"category":"rbear"},{"type":"B","date":"2018-03-16T01:50:20.000Z","volume":200,"price":30.75,"category":"rbear"},{"type":"B","date":"2018-03-16T01:50:14.000Z","volume":200,"price":30.7,"category":"rbear"},{"type":"B","date":"2018-03-16T01:46:23.000Z","volume":200,"price":30.45,"category":"rbear"},{"type":"B","date":"2018-03-16T01:44:11.000Z","volume":200,"price":30.45,"category":"rbear"},{"type":"B","date":"2018-03-16T01:44:03.000Z","volume":200,"price":30.45,"category":"rbear"},{"type":"B","date":"2018-03-16T01:43:49.000Z","volume":200,"price":30.45,"category":"rbear"},{"type":"B","date":"2018-03-16T01:42:40.000Z","volume":200,"price":30.45,"category":"rbear"},{"type":"B","date":"2018-03-16T01:41:41.000Z","volume":200,"price":30.5,"category":"rbear"},{"type":"B","date":"2018-03-16T01:41:12.000Z","volume":200,"price":30.3,"category":"rbear"},{"type":"B","date":"2018-03-16T01:40:55.000Z","volume":200,"price":30.3,"category":"rbear"},{"type":"B","date":"2018-03-16T01:40:23.000Z","volume":200,"price":30.3,"category":"rbear"},{"type":"B","date":"2018-03-16T01:39:33.000Z","volume":200,"price":30.5,"category":"rbear"},{"type":"B","date":"2018-03-16T01:39:08.000Z","volume":200,"price":30.45,"category":"rbear"},{"type":"B","date":"2018-03-16T01:37:18.000Z","volume":200,"price":30.2,"category":"rbear"},{"type":"B","date":"2018-03-16T01:36:27.000Z","volume":200,"price":30.15,"category":"rbear"},{"type":"B","date":"2018-03-16T01:36:20.000Z","volume":200,"price":30.15,"category":"rbear"},{"type":"B","date":"2018-03-16T01:36:16.000Z","volume":200,"price":30.15,"category":"rbear"},{"type":"B","date":"2018-03-16T01:34:35.000Z","volume":200,"price":30.15,"category":"rbear"},{"type":"B","date":"2018-03-16T01:34:18.000Z","volume":200,"price":30.15,"category":"rbear"},{"type":"B","date":"2018-03-16T01:33:16.000Z","volume":200,"price":30.1,"category":"rbear"},{"type":"B","date":"2018-03-16T01:32:59.000Z","volume":200,"price":30.1,"category":"rbear"},{"type":"B","date":"2018-03-16T01:32:26.000Z","volume":200,"price":30.1,"category":"rbear"},{"type":"B","date":"2018-03-16T01:32:26.000Z","volume":200,"price":30.1,"category":"rbear"},{"type":"B","date":"2018-03-16T01:32:11.000Z","volume":200,"price":30.2,"category":"rbear"},{"type":"B","date":"2018-03-16T01:30:52.000Z","volume":200,"price":30.25,"category":"rbear"},{"type":"B","date":"2018-03-16T01:30:37.000Z","volume":200,"price":30.3,"category":"rbear"},{"type":"B","date":"2018-03-16T07:59:48.000Z","volume":3600,"price":30.45,"category":"bbear"},{"type":"B","date":"2018-03-16T07:59:21.000Z","volume":2400,"price":30.35,"category":"bbear"},{"type":"B","date":"2018-03-16T07:58:06.000Z","volume":3800,"price":30.4,"category":"bbear"},{"type":"B","date":"2018-03-16T07:58:05.000Z","volume":3600,"price":30.45,"category":"bbear"},{"type":"B","date":"2018-03-16T07:57:37.000Z","volume":3600,"price":30.45,"category":"bbear"},{"type":"B","date":"2018-03-16T07:57:05.000Z","volume":2800,"price":30.45,"category":"bbear"},{"type":"B","date":"2018-03-16T07:53:35.000Z","volume":3200,"price":30.45,"category":"bbear"},{"type":"B","date":"2018-03-16T07:53:34.000Z","volume":2000,"price":30.45,"category":"bbear"},{"type":"B","date":"2018-03-16T07:53:30.000Z","volume":2600,"price":30.45,"category":"bbear"},{"type":"B","date":"2018-03-16T07:53:05.000Z","volume":2400,"price":30.45,"category":"bbear"},{"type":"B","date":"2018-03-16T07:47:35.000Z","volume":2400,"price":30.45,"category":"bbear"},{"type":"B","date":"2018-03-16T07:47:29.000Z","volume":2000,"price":30.45,"category":"bbear"},{"type":"B","date":"2018-03-16T07:46:54.000Z","volume":4000,"price":30.45,"category":"bbear"},{"type":"B","date":"2018-03-16T07:46:35.000Z","volume":2400,"price":30.45,"category":"bbear"},{"type":"B","date":"2018-03-16T07:44:35.000Z","volume":3200,"price":30.45,"category":"bbear"},{"type":"B","date":"2018-03-16T07:41:51.000Z","volume":2000,"price":30.45,"category":"bbear"},{"type":"B","date":"2018-03-16T07:41:45.000Z","volume":2800,"price":30.45,"category":"bbear"},{"type":"B","date":"2018-03-16T07:40:56.000Z","volume":2600,"price":30.45,"category":"bbear"},{"type":"B","date":"2018-03-16T07:37:35.000Z","volume":2400,"price":30.45,"category":"bbear"},{"type":"B","date":"2018-03-16T07:29:45.000Z","volume":2600,"price":30.45,"category":"bbear"},{"type":"B","date":"2018-03-16T07:14:06.000Z","volume":2800,"price":30.35,"category":"bbear"},{"type":"B","date":"2018-03-16T07:06:19.000Z","volume":2400,"price":30.2,"category":"bbear"},{"type":"B","date":"2018-03-16T07:01:45.000Z","volume":4400,"price":30.35,"category":"bbear"},{"type":"B","date":"2018-03-16T07:00:22.000Z","volume":2000,"price":30.35,"category":"bbear"}