[{"type":"U","date":"2018-03-26T01:20:00.000Z","volume":100000,"label":"U","price":5.39},{"type":"A","date":"2018-03-26T01:30:00.000Z","volume":6000,"label":" ","price":5.4},{"type":"B","date":"2018-03-26T01:30:01.000Z","volume":10000,"label":" ","price":5.39},{"type":"B","date":"2018-03-26T01:30:01.000Z","volume":2000,"label":" ","price":5.39},{"type":"B","date":"2018-03-26T01:30:02.000Z","volume":10000,"label":" ","price":5.39},{"type":"B","date":"2018-03-26T01:30:02.000Z","volume":1000,"label":" ","price":5.39},{"type":"A","date":"2018-03-26T01:30:03.000Z","volume":1000,"label":"Y","price":5.4},{"type":"A","date":"2018-03-26T01:30:03.000Z","volume":15000,"label":" ","price":5.4},{"type":"B","date":"2018-03-26T01:30:06.000Z","volume":10000,"label":" ","price":5.36},{"type":"B","date":"2018-03-26T01:30:06.000Z","volume":10000,"label":" ","price":5.35},{"type":"A","date":"2018-03-26T01:30:06.000Z","volume":1000,"label":" ","price":5.39},{"type":"U","date":"2018-03-26T01:30:09.000Z","volume":2000,"label":" ","price":5.36},{"type":"A","date":"2018-03-26T01:30:12.000Z","volume":1000,"label":" ","price":5.37},{"type":"A","date":"2018-03-26T01:30:16.000Z","volume":23000,"label":" ","price":5.37},{"type":"A","date":"2018-03-26T01:30:20.000Z","volume":2000,"label":" ","price":5.38},{"type":"B","date":"2018-03-26T01:30:26.000Z","volume":27000,"label":" ","price":5.37},{"type":"B","date":"2018-03-26T01:30:26.000Z","volume":114000,"label":" ","price":5.36},{"type":"B","date":"2018-03-26T01:30:26.000Z","volume":74000,"label":" ","price":5.36},{"type":"A","date":"2018-03-26T01:30:26.000Z","volume":4000,"label":" ","price":5.38},{"type":"A","date":"2018-03-26T01:30:26.000Z","volume":1000,"label":" ","price":5.38},{"type":"A","date":"2018-03-26T01:30:26.000Z","volume":13000,"label":" ","price":5.38},{"type":"A","date":"2018-03-26T01:30:29.000Z","volume":6000,"label":" ","price":5.38},{"type":"A","date":"2018-03-26T01:30:31.000Z","volume":10000,"label":" ","price":5.38},{"type":"B","date":"2018-03-26T01:30:31.000Z","volume":10000,"label":" ","price":5.37},{"type":"A","date":"2018-03-26T01:30:31.000Z","volume":1000,"label":"Y","price":5.38},{"type":"A","date":"2018-03-26T01:30:31.000Z","volume":9000,"label":" ","price":5.38},{"type":"A","date":"2018-03-26T01:30:34.000Z","volume":3000,"label":" ","price":5.38},{"type":"B","date":"2018-03-26T01:30:39.000Z","volume":16000,"label":" ","price":5.35},{"type":"B","date":"2018-03-26T01:30:56.000Z","volume":11000,"label":" ","price":5.37},{"type":"A","date":"2018-03-26T01:31:20.000Z","volume":7000,"label":" ","price":5.37},{"type":"A","date":"2018-03-26T01:31:20.000Z","volume":18000,"label":" ","price":5.37},{"type":"A","date":"2018-03-26T01:31:26.000Z","volume":20000,"label":" ","price":5.37},{"type":"B","date":"2018-03-26T01:31:26.000Z","volume":85000,"label":" ","price":5.36},{"type":"B","date":"2018-03-26T01:31:26.000Z","volume":130000,"label":" ","price":5.36},{"type":"A","date":"2018-03-26T01:31:28.000Z","volume":57000,"label":" ","price":5.37},{"type":"B","date":"2018-03-26T01:31:31.000Z","volume":218000,"label":" ","price":5.36},{"type":"B","date":"2018-03-26T01:31:32.000Z","volume":37000,"label":" ","price":5.35},{"type":"B","date":"2018-03-26T01:31:32.000Z","volume":226000,"label":" ","price":5.35},{"type":"B","date":"2018-03-26T01:31:32.000Z","volume":19000,"label":" ","price":5.35},{"type":"U","date":"2018-03-26T01:31:32.000Z","volume":6000,"label":" ","price":5.36},{"type":"U","date":"2018-03-26T01:31:33.000Z","volume":6000,"label":" ","price":5.36},{"type":"U","date":"2018-03-26T01:31:34.000Z","volume":9000,"label":" ","price":5.36},{"type":"U","date":"2018-03-26T01:31:39.000Z","volume":9000,"label":" ","price":5.36},{"type":"U","date":"2018-03-26T01:31:42.000Z","volume":9000,"label":" ","price":5.36},{"type":"U","date":"2018-03-26T01:31:42.000Z","volume":16000,"label":" ","price":5.36},{"type":"U","date":"2018-03-26T01:31:45.000Z","volume":9000,"label":" ","price":5.36},{"type":"U","date":"2018-03-26T01:31:47.000Z","volume":9000,"label":" ","price":5.36},{"type":"B","date":"2018-03-26T01:32:04.000Z","volume":1000,"label":" ","price":5.35},{"type":"B","date":"2018-03-26T01:32:04.000Z","volume":1000,"label":" ","price":5.35},{"type":"A","date":"2018-03-26T01:32:09.000Z","volume":39000,"label":" ","price":5.36},{"type":"B","date":"2018-03-26T01:32:26.000Z","volume":22000,"label":"Y","price":5.35},{"type":"B","date":"2018-03-26T01:32:26.000Z","volume":164000,"label":" ","price":5.35},{"type":"B","date":"2018-03-26T01:32:41.000Z","volume":50000,"label":" ","price":5.34},{"type":"U","date":"2018-03-26T01:32:42.000Z","volume":781,"label":"D","price":5.39},{"type":"B","date":"2018-03-26T01:32:43.000Z","volume":1000,"label":" ","price":5.34},{"type":"B","date":"2018-03-26T01:32:56.000Z","volume":83000,"label":" ","price":5.34},{"type":"A","date":"2018-03-26T01:33:02.000Z","volume":24000,"label":" ","price":5.34},{"type":"A","date":"2018-03-26T01:33:03.000Z","volume":24000,"label":" ","price":5.34},{"type":"A","date":"2018-03-26T01:33:03.000Z","volume":9000,"label":" ","price":5.34},{"type":"B","date":"2018-03-26T01:33:06.000Z","volume":2000,"label":" ","price":5.33},{"type":"A","date":"2018-03-26T01:33:06.000Z","volume":12000,"label":" ","price":5.34},{"type":"A","date":"2018-03-26T01:33:07.000Z","volume":4000,"label":" ","price":5.34},{"type":"A","date":"2018-03-26T01:33:07.000Z","volume":2000,"label":" ","price":5.34},{"type":"A","date":"2018-03-26T01:33:16.000Z","volume":45000,"label":" ","price":5.35},{"type":"A","date":"2018-03-26T01:33:16.000Z","volume":20000,"label":" ","price":5.35},{"type":"B","date":"2018-03-26T01:33:26.000Z","volume":34000,"label":" ","price":5.35},{"type":"B","date":"2018-03-26T01:33:26.000Z","volume":34000,"label":" ","price":5.35},{"type":"U","date":"2018-03-26T01:34:02.000Z","volume":41,"label":"D","price":5.3},{"type":"A","date":"2018-03-26T01:34:04.000Z","volume":133000,"label":" ","price":5.35},{"type":"B","date":"2018-03-26T01:34:07.000Z","volume":2000,"label":" ","price":5.34},{"type":"B","date":"2018-03-26T01:34:26.000Z","volume":23000,"label":" ","price":5.34},{"type":"A","date":"2018-03-26T01:34:38.000Z","volume":100000,"label":" ","price":5.34},{"type":"A","date":"2018-03-26T01:34:43.000Z","volume":60000,"label":"Y","price":5.34},{"type":"A","date":"2018-03-26T01:34:43.000Z","volume":62000,"label":" ","price":5.34},{"type":"A","date":"2018-03-26T01:34:43.000Z","volume":272000,"label":" ","price":5.34},{"type":"B","date":"2018-03-26T01:35:08.000Z","volume":2000,"label":" ","price":5.34},{"type":"A","date":"2018-03-26T01:35:08.000Z","volume":1000,"label":" ","price":5.35},{"type":"A","date":"2018-03-26T01:35:24.000Z","volume":50000,"label":" ","price":5.35},{"type":"A","date":"2018-03-26T01:35:24.000Z","volume":28000,"label":" ","price":5.35},{"type":"A","date":"2018-03-26T01:35:24.000Z","volume":47000,"label":" ","price":5.35},{"type":"A","date":"2018-03-26T01:35:24.000Z","volume":1000,"label":" ","price":5.35},{"type":"B","date":"2018-03-26T01:35:24.000Z","volume":1000,"label":" ","price":5.34},{"type":"B","date":"2018-03-26T01:35:26.000Z","volume":8000,"label":" ","price":5.35},{"type":"B","date":"2018-03-26T01:35:26.000Z","volume":287000,"label":" ","price":5.34},{"type":"U","date":"2018-03-26T01:35:26.000Z","volume":20000,"label":" ","price":5.35},{"type":"B","date":"2018-03-26T01:35:52.000Z","volume":216000,"label":" ","price":5.34},{"type":"B","date":"2018-03-26T01:35:52.000Z","volume":513000,"label":" ","price":5.34},{"type":"A","date":"2018-03-26T01:35:53.000Z","volume":36000,"label":" ","price":5.35},{"type":"B","date":"2018-03-26T01:35:56.000Z","volume":8000,"label":"Y","price":5.33},{"type":"B","date":"2018-03-26T01:35:56.000Z","volume":7000,"label":" ","price":5.33},{"type":"B","date":"2018-03-26T01:36:09.000Z","volume":11000,"label":" ","price":5.33},{"type":"B","date":"2018-03-26T01:36:10.000Z","volume":2000,"label":" ","price":5.33},{"type":"A","date":"2018-03-26T01:36:14.000Z","volume":2000,"label":" ","price":5.34},{"type":"B","date":"2018-03-26T01:36:25.000Z","volume":2000,"label":" ","price":5.33},{"type":"B","date":"2018-03-26T01:36:26.000Z","volume":139000,"label":" ","price":5.33},{"type":"B","date":"2018-03-26T01:36:26.000Z","volume":5000,"label":" ","price":5.33},{"type":"A","date":"2018-03-26T01:36:29.000Z","volume":2000,"label":" ","price":5.33},{"type":"B","date":"2018-03-26T01:36:56.000Z","volume":1000,"label":"Y","price":5.32},{"type":"B","date":"2018-03-26T01:36:56.000Z","volume":197000,"label":" ","price":5.32},{"type":"A","date":"2018-03-26T01:37:06.000Z","volume":36000,"label":" ","price":5.32},{"type":"A","date":"2018-03-26T01:37:08.000Z","volume":36000,"label":" ","price":5.32},{"type":"A","date":"2018-03-26T01:37:09.000Z","volume":36000,"label":" ","price":5.32},{"type":"B","date":"2018-03-26T01:37:11.000Z","volume":2000,"label":" ","price":5.31},{"type":"A","date":"2018-03-26T01:37:25.000Z","volume":50000,"label":" ","price":5.32},{"type":"B","date":"2018-03-26T01:37:26.000Z","volume":7000,"label":"Y","price":5.31},{"type":"B","date":"2018-03-26T01:37:26.000Z","volume":208000,"label":" ","price":5.31},{"type":"B","date":"2018-03-26T01:37:26.000Z","volume":5000,"label":" ","price":5.31},{"type":"B","date":"2018-03-26T01:37:26.000Z","volume":4000,"label":" ","price":5.31},{"type":"B","date":"2018-03-26T01:37:29.000Z","volume":10000,"label":" ","price":5.31},{"type":"B","date":"2018-03-26T01:37:29.000Z","volume":1000,"label":" ","price":5.31},{"type":"A","date":"2018-03-26T01:37:36.000Z","volume":3000,"label":" ","price":5.32},{"type":"B","date":"2018-03-26T01:37:44.000Z","volume":20000,"label":" ","price":5.31},{"type":"A","date":"2018-03-26T01:37:45.000Z","volume":80000,"label":" ","price":5.32},{"type":"B","date":"2018-03-26T01:37:56.000Z","volume":80000,"label":" ","price":5.31},{"type":"B","date":"2018-03-26T01:37:56.000Z","volume":2000,"label":" ","price":5.31},{"type":"B","date":"2018-03-26T01:37:57.000Z","volume":3000,"label":" ","price":5.31},{"type":"A","date":"2018-03-26T01:37:59.000Z","volume":4000,"label":" ","price":5.32},{"type":"B","date":"2018-03-26T01:38:08.000Z","volume":10000,"label":" ","price":5.31},{"type":"A","date":"2018-03-26T01:38:09.000Z","volume":30000,"label":" ","price":5.32},{"type":"B","date":"2018-03-26T01:38:11.000Z","volume":1000,"label":" ","price":5.31},{"type":"B","date":"2018-03-26T01:38:13.000Z","volume":2000,"label":" ","price":5.31},{"type":"B","date":"2018-03-26T01:38:26.000Z","volume":39000,"label":" ","price":5.31},{"type":"B","date":"2018-03-26T01:38:26.000Z","volume":28000,"label":" ","price":5.31},{"type":"B","date":"2018-03-26T01:38:26.000Z","volume":214000,"label":" ","price":5.31},{"type":"B","date":"2018-03-26T01:38:26.000Z","volume":4000,"label":" ","price":5.31},{"type":"B","date":"2018-03-26T01:38:26.000Z","volume":12000,"label":" ","price":5.31},{"type":"B","date":"2018-03-26T01:38:27.000Z","volume":3000,"label":" ","price":5.31},{"type":"B","date":"2018-03-26T01:38:45.000Z","volume":14000,"label":" ","price":5.31},{"type":"A","date":"2018-03-26T01:38:53.000Z","volume":20000,"label":" ","price":5.31},{"type":"B","date":"2018-03-26T01:38:57.000Z","volume":13000,"label":" ","price":5.3},{"type":"A","date":"2018-03-26T01:38:57.000Z","volume":137000,"label":" ","price":5.31},{"type":"A","date":"2018-03-26T01:39:00.000Z","volume":335000,"label":" ","price":5.31},{"type":"A","date":"2018-03-26T01:39:00.000Z","volume":153000,"label":" ","price":5.32},{"type":"A","date":"2018-03-26T01:39:00.000Z","volume":116000,"label":" ","price":5.32},{"type":"U","date":"2018-03-26T01:39:04.000Z","volume":4000,"label":" ","price":5.32},{"type":"U","date":"2018-03-26T01:39:04.000Z","volume":50000,"label":" ","price":5.32},{"type":"B","date":"2018-03-26T01:39:14.000Z","volume":2000,"label":" ","price":5.31},{"type":"B","date":"2018-03-26T01:39:20.000Z","volume":30000,"label":" ","price":5.31},{"type":"A","date":"2018-03-26T01:39:24.000Z","volume":10000,"label":" ","price":5.33},{"type":"B","date":"2018-03-26T01:39:26.000Z","volume":2000,"label":"Y","price":5.31},{"type":"B","date":"2018-03-26T01:39:26.000Z","volume":210000,"label":" ","price":5.31},{"type":"B","date":"2018-03-26T01:39:40.000Z","volume":6000,"label":" ","price":5.31},{"type":"B","date":"2018-03-26T01:39:55.000Z","volume":36000,"label":" ","price":5.31},{"type":"B","date":"2018-03-26T01:39:57.000Z","volume":1000,"label":"Y","price":5.31},{"type":"B","date":"2018-03-26T01:39:57.000Z","volume":11000,"label":" ","price":5.31},{"type":"A","date":"2018-03-26T01:40:13.000Z","volume":68000,"label":" ","price":5.32},{"type":"A","date":"2018-03-26T01:40:13.000Z","volume":265000,"label":" ","price":5.32},{"type":"U","date":"2018-03-26T01:40:15.000Z","volume":3000,"label":" ","price":5.32},{"type":"U","date":"2018-03-26T01:40:15.000Z","volume":8000,"label":" ","price":5.32},{"type":"U","date":"2018-03-26T01:40:22.000Z","volume":5000,"label":"Y","price":5.32},{"type":"B","date":"2018-03-26T01:40:26.000Z","volume":92000,"label":" ","price":5.32},{"type":"B","date":"2018-03-26T01:40:26.000Z","volume":3000,"label":"Y","price":5.31},{"type":"B","date":"2018-03-26T01:40:26.000Z","volume":120000,"label":" ","price":5.31},{"type":"A","date":"2018-03-26T01:40:35.000Z","volume":7000,"label":" ","price":5.33},{"type":"B","date":"2018-03-26T01:40:53.000Z","volume":1000,"label":" ","price":5.32},{"type":"B","date":"2018-03-26T01:40:56.000Z","volume":13000,"label":" ","price":5.32},{"type":"B","date":"2018-03-26T01:40:57.000Z","volume":10000,"label":" ","price":5.32},{"type":"B","date":"2018-03-26T01:40:59.000Z","volume":1000,"label":" ","price":5.32},{"type":"A","date":"2018-03-26T01:41:01.000Z","volume":35000,"label":" ","price":5.33},{"type":"B","date":"2018-03-26T01:41:05.000Z","volume":46000,"label":" ","price":5.32},{"type":"B","date":"2018-03-26T01:41:16.000Z","volume":2000,"label":" ","price":5.31},{"type":"A","date":"2018-03-26T01:41:24.000Z","volume":50000,"label":" ","price":5.32},{"type":"A","date":"2018-03-26T01:41:26.000Z","volume":50000,"label":" ","price":5.32},{"type":"B","date":"2018-03-26T01:41:26.000Z","volume":73000,"label":"Y","price":5.31},{"type":"B","date":"2018-03-26T01:41:26.000Z","volume":142000,"label":" ","price":5.31},{"type":"A","date":"2018-03-26T01:41:29.000Z","volume":1000,"label":" ","price":5.32},{"type":"B","date":"2018-03-26T01:41:34.000Z","volume":1000,"label":" ","price":5.31},{"type":"A","date":"2018-03-26T01:41:35.000Z","volume":30000,"label":" ","price":5.32},{"type":"A","date":"2018-03-26T01:41:48.000Z","volume":30000,"label":" ","price":5.32},{"type":"B","date":"2018-03-26T01:41:56.000Z","volume":12000,"label":"Y","price":5.31},{"type":"A","date":"2018-03-26T01:42:02.000Z","volume":15000,"label":" ","price":5.32},{"type":"A","date":"2018-03-26T01:42:08.000Z","volume":76000,"label":" ","price":5.32},{"type":"A","date":"2018-03-26T01:42:11.000Z","volume":20000,"label":" ","price":5.32},{"type":"B","date":"2018-03-26T01:42:17.000Z","volume":2000,"label":" ","price":5.31},{"type":"B","date":"2018-03-26T01:42:26.000Z","volume":113000,"label":"Y","price":5.31},{"type":"B","date":"2018-03-26T01:42:26.000Z","volume":102000,"label":" ","price":5.31},{"type":"B","date":"2018-03-26T01:42:26.000Z","volume":31000,"label":" ","price":5.31},{"type":"A","date":"2018-03-26T01:42:49.000Z","volume":2000,"label":" ","price":5.31},{"type":"B","date":"2018-03-26T01:42:49.000Z","volume":2000,"label":" ","price":5.3},{"type":"A","date":"2018-03-26T01:42:56.000Z","volume":10000,"label":" ","price":5.31},{"type":"B","date":"2018-03-26T01:42:57.000Z","volume":11000,"label":" ","price":5.3},{"type":"A","date":"2018-03-26T01:42:57.000Z","volume":100000,"label":" ","price":5.31},{"type":"A","date":"2018-03-26T01:43:09.000Z","volume":10000,"label":" ","price":5.31},{"type":"A","date":"2018-03-26T01:43:12.000Z","volume":193000,"label":" ","price":5.31},{"type":"A","date":"2018-03-26T01:43:12.000Z","volume":71000,"label":" ","price":5.31},{"type":"A","date":"2018-03-26T01:43:12.000Z","volume":13000,"label":" ","price":5.31},{"type":"A","date":"2018-03-26T01:43:12.000Z","volume":1000,"label":" ","price":5.31},{"type":"A","date":"2018-03-26T01:43:13.000Z","volume":10000,"label":" ","price":5.32},{"type":"B","date":"2018-03-26T01:43:13.000Z","volume":1000,"label":" ","price":5.31},{"type":"B","date":"2018-03-26T01:43:13.000Z","volume":11000,"label":" ","price":5.31},{"type":"B","date":"2018-03-26T01:43:19.000Z","volume":2000,"label":" ","price":5.31},{"type":"B","date":"2018-03-26T01:43:26.000Z","volume":1000,"label":"Y","price":5.31},{"type":"B","date":"2018-03-26T01:43:26.000Z","volume":44000,"label":" ","price":5.31},{"type":"A","date":"2018-03-26T01:43:32.000Z","volume":43000,"label":" ","price":5.31},{"type":"A","date":"2018-03-26T01:43:32.000Z","volume":30000,"label":" ","price":5.31},{"type":"A","date":"2018-03-26T01:43:32.000Z","volume":43000,"label":" ","price":5.31},{"type":"A","date":"2018-03-26T01:43:34.000Z","volume":43000,"label":" ","price":5.31},{"type":"A","date":"2018-03-26T01:43:37.000Z","volume":43000,"label":" ","price":5.31},{"type":"A","date":"2018-03-26T01:43:37.000Z","volume":71000,"label":" ","price":5.31},{"type":"A","date":"2018-03-26T01:43:37.000Z","volume":96000,"label":" ","price":5.31},{"type":"B","date":"2018-03-26T01:43:57.000Z","volume":12000,"label":" ","price":5.31},{"type":"A","date":"2018-03-26T01:44:07.000Z","volume":137000,"label":" ","price":5.32},{"type":"A","date":"2018-03-26T01:44:07.000Z","volume":103000,"label":" ","price":5.32},{"type":"B","date":"2018-03-26T01:44:20.000Z","volume":2000,"label":" ","price":5.32},{"type":"A","date":"2018-03-26T01:44:24.000Z","volume":12000,"label":" ","price":5.33},{"type":"B","date":"2018-03-26T01:44:26.000Z","volume":74000,"label":" ","price":5.32},{"type":"B","date":"2018-03-26T01:44:26.000Z","volume":138000,"label":" ","price":5.31},{"type":"A","date":"2018-03-26T01:44:26.000Z","volume":46000,"label":" ","price":5.32},{"type":"U","date":"2018-03-26T01:44:26.000Z","volume":1000,"label":"X","price":5.315},{"type":"U","date":"2018-03-26T01:44:28.000Z","volume":1000,"label":"X","price":5.325},{"type":"A","date":"2018-03-26T01:44:45.000Z","volume":258000,"label":"Y","price":5.33},{"type":"A","date":"2018-03-26T01:44:45.000Z","volume":232000,"label":" ","price":5.33},{"type":"A","date":"2018-03-26T01:44:45.000Z","volume":7000,"label":" ","price":5.34},{"type":"B","date":"2018-03-26T01:44:56.000Z","volume":12000,"label":" ","price":5.33},{"type":"A","date":"2018-03-26T01:45:01.000Z","volume":16000,"label":" ","price":5.34},{"type":"A","date":"2018-03-26T01:45:14.000Z","volume":300000,"label":" ","price":5.34},{"type":"B","date":"2018-03-26T01:45:15.000Z","volume":1000,"label":" ","price":5.33},{"type":"A","date":"2018-03-26T01:45:33.000Z","volume":109000,"label":" ","price":5.34},{"type":"A","date":"2018-03-26T01:45:33.000Z","volume":94000,"label":" ","price":5.34},{"type":"B","date":"2018-03-26T01:45:42.000Z","volume":2000,"label":" ","price":5.34},{"type":"B","date":"2018-03-26T01:45:48.000Z","volume":46000,"label":" ","price":5.34},{"type":"A","date":"2018-03-26T01:45:49.000Z","volume":3000,"label":" ","price":5.34},{"type":"B","date":"2018-03-26T01:45:56.000Z","volume":13000,"label":" ","price":5.33},{"type":"A","date":"2018-03-26T01:46:03.000Z","volume":50000,"label":" ","price":5.34},{"type":"B","date":"2018-03-26T01:46:20.000Z","volume":14000,"label":" ","price":5.33},{"type":"A","date":"2018-03-26T01:46:22.000Z","volume":7000,"label":" ","price":5.34},{"type":"A","date":"2018-03-26T01:46:34.000Z","volume":2000,"label":" ","price":5.34},{"type":"B","date":"2018-03-26T01:46:43.000Z","volume":2000,"label":" ","price":5.33},{"type":"B","date":"2018-03-26T01:46:56.000Z","volume":1000,"label":"Y","price":5.33},{"type":"B","date":"2018-03-26T01:46:56.000Z","volume":12000,"label":" ","price":5.33},{"type":"B","date":"2018-03-26T01:47:09.000Z","volume":10000,"label":"Y","price":5.33},{"type":"B","date":"2018-03-26T01:47:09.000Z","volume":10000,"label":" ","price":5.33},{"type":"B","date":"2018-03-26T01:47:14.000Z","volume":2000,"label":" ","price":5.33},{"type":"A","date":"2018-03-26T01:47:36.000Z","volume":8000,"label":" ","price":5.33},{"type":"B","date":"2018-03-26T01:47:45.000Z","volume":2000,"label":"Y","price":5.32},{"type":"B","date":"2018-03-26T01:47:45.000Z","volume":1000,"label":" ","price":5.32},{"type":"B","date":"2018-03-26T01:47:56.000Z","volume":13000,"label":" ","price":5.32},{"type":"B","date":"2018-03-26T01:48:05.000Z","volume":8000,"label":"Y","price":5.32},{"type":"B","date":"2018-03-26T01:48:05.000Z","volume":2000,"label":" ","price":5.32},{"type":"B","date":"2018-03-26T01:48:05.000Z","volume":1000,"label":" ","price":5.32},{"type":"B","date":"2018-03-26T01:48:40.000Z","volume":4000,"label":"Y","price":5.32},{"type":"B","date":"2018-03-26T01:48:46.000Z","volume":2000,"label":"Y","price":5.32},{"type":"B","date":"2018-03-26T01:48:57.000Z","volume":11000,"label":" ","price":5.32},{"type":"B","date":"2018-03-26T01:48:57.000Z","volume":1000,"label":" ","price":5.32},{"type":"B","date":"2018-03-26T01:49:11.000Z","volume":65000,"label":" ","price":5.32},{"type":"B","date":"2018-03-26T01:49:11.000Z","volume":105000,"label":" ","price":5.32},{"type":"A","date":"2018-03-26T01:49:36.000Z","volume":10000,"label":" ","price":5.32},{"type":"A","date":"2018-03-26T01:49:38.000Z","volume":10000,"label":" ","price":5.32},{"type":"B","date":"2018-03-26T01:49:47.000Z","volume":2000,"label":" ","price":5.31},{"type":"A","date":"2018-03-26T01:49:49.000Z","volume":10000,"label":" ","price":5.32},{"type":"B","date":"2018-03-26T01:49:57.000Z","volume":11000,"label":" ","price":5.31},{"type":"B","date":"2018-03-26T01:49:58.000Z","volume":1000,"label":" ","price":5.31},{"type":"B","date":"2018-03-26T01:50:09.000Z","volume":10000,"label":" ","price":5.31},{"type":"B","date":"2018-03-26T01:50:12.000Z","volume":1000,"label":" ","price":5.31},{"type":"B","date":"2018-03-26T01:50:22.000Z","volume":10000,"label":" ","price":5.31},{"type":"B","date":"2018-03-26T01:50:23.000Z","volume":1000,"label":" ","price":5.31},{"type":"A","date":"2018-03-26T01:50:26.000Z","volume":22000,"label":" ","price":5.32},{"type":"A","date":"2018-03-26T01:50:26.000Z","volume":21000,"label":" ","price":5.32},{"type":"A","date":"2018-03-26T01:50:37.000Z","volume":50000,"label":" ","price":5.32},{"type":"A","date":"2018-03-26T01:50:38.000Z","volume":140000,"label":" ","price":5.32},{"type":"A","date":"2018-03-26T01:50:38.000Z","volume":10000,"label":" ","price":5.32},{"type":"A","date":"2018-03-26T01:50:38.000Z","volume":5000,"label":" ","price":5.32},{"type":"B","date":"2018-03-26T01:50:39.000Z","volume":2000,"label":" ","price":5.32},{"type":"B","date":"2018-03-26T01:50:39.000Z","volume":7000,"label":" ","price":5.32},{"type":"B","date":"2018-03-26T01:50:39.000Z","volume":8000,"label":" ","price":5.32},{"type":"B","date":"2018-03-26T01:50:48.000Z","volume":2000,"label":" ","price":5.32},{"type":"A","date":"2018-03-26T01:50:51.000Z","volume":236000,"label":" ","price":5.33},{"type":"B","date":"2018-03-26T01:50:52.000Z","volume":3000,"label":" ","price":5.33},{"type":"B","date":"2018-03-26T01:50:57.000Z","volume":12000,"label":" ","price":5.33},{"type":"B","date":"2018-03-26T01:50:58.000Z","volume":10000,"label":" ","price":5.33},{"type":"B","date":"2018-03-26T01:51:08.000Z","volume":30000,"label":" ","price":5.33},{"type":"B","date":"2018-03-26T01:51:08.000Z","volume":29000,"label":" ","price":5.33},{"type":"A","date":"2018-03-26T01:51:08.000Z","volume":4000,"label":"Y","price":5.34},{"type":"A","date":"2018-03-26T01:51:08.000Z","volume":161000,"label":" ","price":5.34},{"type":"B","date":"2018-03-26T01:51:08.000Z","volume":1000,"label":" ","price":5.33},{"type":"B","date":"2018-03-26T01:51:11.000Z","volume":60000,"label":" ","price":5.33},{"type":"B","date":"2018-03-26T01:51:11.000Z","volume":122000,"label":" ","price":5.33},{"type":"B","date":"2018-03-26T01:51:11.000Z","volume":20000,"label":" ","price":5.33},{"type":"B","date":"2018-03-26T01:51:20.000Z","volume":1000,"label":"Y","price":5.32},{"type":"B","date":"2018-03-26T01:51:20.000Z","volume":4000,"label":" ","price":5.32},{"type":"B","date":"2018-03-26T01:51:50.000Z","volume":3000,"label":" ","price":5.32},{"type":"B","date":"2018-03-26T01:51:56.000Z","volume":13000,"label":" ","price":5.32},{"type":"A","date":"2018-03-26T01:52:08.000Z","volume":162000,"label":" ","price":5.33},{"type":"A","date":"2018-03-26T01:52:08.000Z","volume":7000,"label":" ","price":5.34},{"type":"B","date":"2018-03-26T01:52:20.000Z","volume":300000,"label":" ","price":5.33},{"type":"B","date":"2018-03-26T01:52:20.000Z","volume":3000,"label":" ","price":5.33},{"type":"A","date":"2018-03-26T01:52:20.000Z","volume":11000,"label":" ","price":5.34},{"type":"A","date":"2018-03-26T01:52:20.000Z","volume":3000,"label":" ","price":5.34},{"type":"B","date":"2018-03-26T01:52:33.000Z","volume":1000,"label":" ","price":5.33},{"type":"A","date":"2018-03-26T01:52:43.000Z","volume":100000,"label":" ","price":5.34},{"type":"A","date":"2018-03-26T01:52:43.000Z","volume":4000,"label":" ","price":5.34},{"type":"B","date":"2018-03-26T01:52:51.000Z","volume":2000,"label":" ","price":5.33},{"type":"A","date":"2018-03-26T01:52:53.000Z","volume":1000,"label":" ","price":5.34},{"type":"B","date":"2018-03-26T01:52:56.000Z","volume":11000,"label":" ","price":5.33},{"type":"B","date":"2018-03-26T01:53:12.000Z","volume":16000,"label":" ","price":5.33},{"type":"B","date":"2018-03-26T01:53:12.000Z","volume":1000,"label":" ","price":5.33},{"type":"U","date":"2018-03-26T01:53:14.000Z","volume":1000,"label":"X","price":5.335},{"type":"B","date":"2018-03-26T01:53:25.000Z","volume":77000,"label":" ","price":5.33},{"type":"A","date":"2018-03-26T01:53:50.000Z","volume":42000,"label":" ","price":5.33},{"type":"A","date":"2018-03-26T01:53:50.000Z","volume":155000,"label":" ","price":5.33},{"type":"B","date":"2018-03-26T01:53:52.000Z","volume":2000,"label":" ","price":5.33},{"type":"A","date":"2018-03-26T01:53:53.000Z","volume":1000,"label":" ","price":5.34},{"type":"B","date":"2018-03-26T01:53:54.000Z","volume":2000,"label":" ","price":5.33},{"type":"B","date":"2018-03-26T01:53:56.000Z","volume":12000,"label":" ","price":5.33},{"type":"B","date":"2018-03-26T01:54:01.000Z","volume":1000,"label":" ","price":5.33},{"type":"B","date":"2018-03-26T01:54:03.000Z","volume":1000,"label":" ","price":5.33},{"type":"B","date":"2018-03-26T01:54:26.000Z","volume":15000,"label":" ","price":5.33},{"type":"A","date":"2018-03-26T01:54:26.000Z","volume":25000,"label":" ","price":5.33},{"type":"U","date":"2018-03-26T01:54:26.000Z","volume":1000,"label":" ","price":5.33},{"type":"B","date":"2018-03-26T01:54:43.000Z","volume":20000,"label":" ","price":5.33},{"type":"B","date":"2018-03-26T01:54:45.000Z","volume":1000,"label":" ","price":5.33},{"type":"B","date":"2018-03-26T01:54:51.000Z","volume":1000,"label":" ","price":5.33},{"type":"B","date":"2018-03-26T01:54:54.000Z","volume":2000,"label":" ","price":5.33},{"type":"B","date":"2018-03-26T01:54:57.000Z","volume":11000,"label":" ","price":5.33},{"type":"A","date":"2018-03-26T01:55:00.000Z","volume":33000,"label":" ","price":5.34},{"type":"B","date":"2018-03-26T01:55:00.000Z","volume":1000,"label":" ","price":5.34},{"type":"B","date":"2018-03-26T01:55:00.000Z","volume":15000,"label":" ","price":5.34},{"type":"B","date":"2018-03-26T01:55:16.000Z","volume":30000,"label":" ","price":5.34},{"type":"B","date":"2018-03-26T01:55:56.000Z","volume":2000,"label":" ","price":5.34},{"type":"B","date":"2018-03-26T01:55:57.000Z","volume":13000,"label":" ","price":5.34},{"type":"A","date":"2018-03-26T01:56:17.000Z","volume":7000,"label":"Y","price":5.35},{"type":"A","date":"2018-03-26T01:56:17.000Z","volume":13000,"label":" ","price":5.35},{"type":"U","date":"2018-03-26T01:56:18.000Z","volume":1000,"label":"X","price":5.345},{"type":"A","date":"2018-03-26T01:56:22.000Z","volume":3000,"label":" ","price":5.35},{"type":"A","date":"2018-03-26T01:56:29.000Z","volume":7000,"label":" ","price":5.35},{"type":"B","date":"2018-03-26T01:56:57.000Z","volume":12000,"label":" ","price":5.34},{"type":"B","date":"2018-03-26T01:56:57.000Z","volume":3000,"label":" ","price":5.34},{"type":"A","date":"2018-03-26T01:57:22.000Z","volume":2000,"label":" ","price":5.35},{"type":"A","date":"2018-03-26T01:57:26.000Z","volume":5000,"label":" ","price":5.35},{"type":"B","date":"2018-03-26T01:57:29.000Z","volume":140000,"label":" ","price":5.34},{"type":"B","date":"2018-03-26T01:57:29.000Z","volume":119000,"label":" ","price":5.34},{"type":"U","date":"2018-03-26T01:57:30.000Z","volume":3000,"label":"X","price":5.335},{"type":"A","date":"2018-03-26T01:57:43.000Z","volume":1000,"label":" ","price":5.34},{"type":"B","date":"2018-03-26T01:57:53.000Z","volume":1000,"label":" ","price":5.33},{"type":"B","date":"2018-03-26T01:57:53.000Z","volume":1000,"label":"Y","price":5.33},{"type":"B","date":"2018-03-26T01:57:53.000Z","volume":10000,"label":" ","price":5.33},{"type":"B","date":"2018-03-26T01:57:53.000Z","volume":3000,"label":" ","price":5.33},{"type":"B","date":"2018-03-26T01:57:53.000Z","volume":9000,"label":" ","price":5.33},{"type":"B","date":"2018-03-26T01:57:53.000Z","volume":9000,"label":" ","price":5.33},{"type":"B","date":"2018-03-26T01:57:53.000Z","volume":3000,"label":" ","price":5.33},{"type":"B","date":"2018-03-26T01:57:57.000Z","volume":1000,"label":" ","price":5.33},{"type":"A","date":"2018-03-26T01:58:03.000Z","volume":8000,"label":" ","price":5.33},{"type":"A","date":"2018-03-26T01:58:03.000Z","volume":7000,"label":" ","price":5.33},{"type":"A","date":"2018-03-26T01:58:04.000Z","volume":30000,"label":" ","price":5.33},{"type":"A","date":"2018-03-26T01:58:04.000Z","volume":46000,"label":" ","price":5.33},{"type":"A","date":"2018-03-26T01:58:28.000Z","volume":4000,"label":" ","price":5.34},{"type":"A","date":"2018-03-26T01:58:44.000Z","volume":29000,"label":" ","price":5.34},{"type":"B","date":"2018-03-26T01:58:56.000Z","volume":11000,"label":"Y","price":5.34},{"type":"B","date":"2018-03-26T01:58:59.000Z","volume":2000,"label":" ","price":5.34},{"type":"A","date":"2018-03-26T01:59:09.000Z","volume":63000,"label":" ","price":5.35},{"type":"A","date":"2018-03-26T01:59:17.000Z","volume":10000,"label":" ","price":5.36},{"type":"A","date":"2018-03-26T01:59:21.000Z","volume":20000,"label":" ","price":5.36},{"type":"U","date":"2018-03-26T01:59:21.000Z","volume":1000,"label":"X","price":5.355},{"type":"B","date":"2018-03-26T01:59:56.000Z","volume":12000,"label":"Y","price":5.35},{"type":"B","date":"2018-03-26T02:00:00.000Z","volume":2000,"label":" ","price":5.35},{"type":"B","date":"2018-03-26T02:00:06.000Z","volume":57000,"label":" ","price":5.35},{"type":"U","date":"2018-03-26T02:00:07.000Z","volume":2000,"label":"X","price":5.355},{"type":"A","date":"2018-03-26T02:00:08.000Z","volume":20000,"label":" ","price":5.36},{"type":"B","date":"2018-03-26T02:00:15.000Z","volume":75000,"label":" ","price":5.35},{"type":"U","date":"2018-03-26T02:00:16.000Z","volume":2000,"label":"X","price":5.345},{"type":"A","date":"2018-03-26T02:00:55.000Z","volume":76000,"label":" ","price":5.35},{"type":"B","date":"2018-03-26T02:00:57.000Z","volume":12000,"label":" ","price":5.35},{"type":"B","date":"2018-03-26T02:01:02.000Z","volume":2000,"label":" ","price":5.35},{"type":"A","date":"2018-03-26T02:01:30.000Z","volume":10000,"label":" ","price":5.36},{"type":"B","date":"2018-03-26T02:01:37.000Z","volume":12000,"label":" ","price":5.35},{"type":"B","date":"2018-03-26T02:01:37.000Z","volume":6000,"label":" ","price":5.35},{"type":"B","date":"2018-03-26T02:01:37.000Z","volume":6000,"label":" ","price":5.35},{"type":"B","date":"2018-03-26T02:01:37.000Z","volume":6000,"label":" ","price":5.35},{"type":"B","date":"2018-03-26T02:01:37.000Z","volume":6000,"label":" ","price":5.35},{"type":"B","date":"2018-03-26T02:01:37.000Z","volume":20000,"label":" ","price":5.35},{"type":"B","date":"2018-03-26T02:01:57.000Z","volume":11000,"label":" ","price":5.35},{"type":"U","date":"2018-03-26T02:01:58.000Z","volume":1000,"label":"X","price":5.355},{"type":"B","date":"2018-03-26T02:02:03.000Z","volume":3000,"label":" ","price":5.35},{"type":"B","date":"2018-03-26T02:02:05.000Z","volume":60000,"label":" ","price":5.35},{"type":"B","date":"2018-03-26T02:02:05.000Z","volume":20000,"label":" ","price":5.35},{"type":"U","date":"2018-03-26T02:02:05.000Z","volume":3000,"label":"X","price":5.355},{"type":"A","date":"2018-03-26T02:02:55.000Z","volume":7000,"label":" ","price":5.36},{"type":"U","date":"2018-03-26T02:02:57.000Z","volume":1000,"label":"X","price":5.355},{"type":"B","date":"2018-03-26T02:02:57.000Z","volume":12000,"label":" ","price":5.35},{"type":"B","date":"2018-03-26T02:02:59.000Z","volume":4000,"label":"Y","price":5.35},{"type":"B","date":"2018-03-26T02:02:59.000Z","volume":181000,"label":" ","price":5.35},{"type":"U","date":"2018-03-26T02:03:00.000Z","volume":8000,"label":"X","price":5.345},{"type":"B","date":"2018-03-26T02:03:04.000Z","volume":2000,"label":" ","price":5.34},{"type":"A","date":"2018-03-26T02:03:13.000Z","volume":30000,"label":" ","price":5.35},{"type":"B","date":"2018-03-26T02:03:33.000Z","volume":20000,"label":" ","price":5.34},{"type":"A","date":"2018-03-26T02:03:40.000Z","volume":10000,"label":" ","price":5.35},{"type":"B","date":"2018-03-26T02:03:57.000Z","volume":13000,"label":"Y","price":5.34},{"type":"A","date":"2018-03-26T02:04:00.000Z","volume":3000,"label":" ","price":5.35},{"type":"B","date":"2018-03-26T02:04:04.000Z","volume":5000,"label":" ","price":5.34},{"type":"B","date":"2018-03-26T02:04:04.000Z","volume":7000,"label":" ","price":5.34},{"type":"B","date":"2018-03-26T02:04:04.000Z","volume":6000,"label":" ","price":5.34},{"type":"B","date":"2018-03-26T02:04:04.000Z","volume":6000,"label":" ","price":5.34},{"type":"B","date":"2018-03-26T02:04:04.000Z","volume":6000,"label":" ","price":5.34},{"type":"B","date":"2018-03-26T02:04:04.000Z","volume":6000,"label":" ","price":5.34},{"type":"A","date":"2018-03-26T02:04:05.000Z","volume":40000,"label":" ","price":5.35},{"type":"B","date":"2018-03-26T02:04:05.000Z","volume":2000,"label":" ","price":5.34},{"type":"A","date":"2018-03-26T02:04:06.000Z","volume":2000,"label":"Y","price":5.35},{"type":"A","date":"2018-03-26T02:04:09.000Z","volume":13000,"label":" ","price":5.35},{"type":"B","date":"2018-03-26T02:04:25.000Z","volume":6000,"label":" ","price":5.35},{"type":"B","date":"2018-03-26T02:04:56.000Z","volume":12000,"label":"Y","price":5.34},{"type":"B","date":"2018-03-26T02:05:00.000Z","volume":2000,"label":"Y","price":5.34},{"type":"B","date":"2018-03-26T02:05:06.000Z","volume":2000,"label":" ","price":5.34},{"type":"B","date":"2018-03-26T02:05:30.000Z","volume":13000,"label":" ","price":5.34},{"type":"B","date":"2018-03-26T02:05:56.000Z","volume":9000,"label":"Y","price":5.34},{"type":"B","date":"2018-03-26T02:05:56.000Z","volume":3000,"label":" ","price":5.34},{"type":"B","date":"2018-03-26T02:06:07.000Z","volume":3000,"label":" ","price":5.34},{"type":"B","date":"2018-03-26T02:06:27.000Z","volume":11000,"label":" ","price":5.34},{"type":"B","date":"2018-03-26T02:06:27.000Z","volume":8000,"label":" ","price":5.34},{"type":"B","date":"2018-03-26T02:06:27.000Z","volume":4000,"label":" ","price":5.34},{"type":"B","date":"2018-03-26T02:06:27.000Z","volume":3000,"label":" ","price":5.34},{"type":"B","date":"2018-03-26T02:06:27.000Z","volume":15000,"label":" ","price":5.34},{"type":"A","date":"2018-03-26T02:06:28.000Z","volume":1000,"label":" ","price":5.34},{"type":"A","date":"2018-03-26T02:06:37.000Z","volume":40000,"label":" ","price":5.34},{"type":"A","date":"2018-03-26T02:06:37.000Z","volume":18000,"label":" ","price":5.34},{"type":"B","date":"2018-03-26T02:06:38.000Z","volume":2000,"label":" ","price":5.34},{"type":"B","date":"2018-03-26T02:06:39.000Z","volume":40000,"label":"Y","price":5.33},{"type":"B","date":"2018-03-26T02:06:39.000Z","volume":41000,"label":" ","price":5.33},{"type":"B","date":"2018-03-26T02:06:39.000Z","volume":13000,"label":" ","price":5.33},{"type":"B","date":"2018-03-26T02:06:39.000Z","volume":26000,"label":" ","price":5.33},{"type":"A","date":"2018-03-26T02:06:39.000Z","volume":5000,"label":" ","price":5.33},{"type":"A","date":"2018-03-26T02:06:39.000Z","volume":28000,"label":" ","price":5.33},{"type":"U","date":"2018-03-26T02:06:40.000Z","volume":5000,"label":"X","price":5.33},{"type":"B","date":"2018-03-26T02:06:56.000Z","volume":13000,"label":" ","price":5.33},{"type":"B","date":"2018-03-26T02:07:09.000Z","volume":2000,"label":" ","price":5.33},{"type":"A","date":"2018-03-26T02:07:19.000Z","volume":1000,"label":" ","price":5.34},{"type":"A","date":"2018-03-26T02:07:26.000Z","volume":17000,"label":" ","price":5.34},{"type":"B","date":"2018-03-26T02:07:36.000Z","volume":270000,"label":" ","price":5.33},{"type":"B","date":"2018-03-26T02:07:36.000Z","volume":3000,"label":" ","price":5.33},{"type":"B","date":"2018-03-26T02:07:36.000Z","volume":8000,"label":" ","price":5.33},{"type":"U","date":"2018-03-26T02:07:37.000Z","volume":2000,"label":"X","price":5.33},{"type":"A","date":"2018-03-26T02:07:56.000Z","volume":1000,"label":" ","price":5.33},{"type":"B","date":"2018-03-26T02:07:57.000Z","volume":11000,"label":" ","price":5.32},{"type":"B","date":"2018-03-26T02:08:10.000Z","volume":2000,"label":" ","price":5.32},{"type":"A","date":"2018-03-26T02:08:19.000Z","volume":82000,"label":" ","price":5.33},{"type":"B","date":"2018-03-26T02:08:19.000Z","volume":27000,"label":" ","price":5.33},{"type":"A","date":"2018-03-26T02:08:36.000Z","volume":2000,"label":" ","price":5.34},{"type":"B","date":"2018-03-26T02:08:46.000Z","volume":64000,"label":" ","price":5.33},{"type":"B","date":"2018-03-26T02:08:46.000Z","volume":20000,"label":"Y","price":5.32},{"type":"B","date":"2018-03-26T02:08:46.000Z","volume":231000,"label":" ","price":5.32},{"type":"A","date":"2018-03-26T02:08:46.000Z","volume":5000,"label":" ","price":5.33},{"type":"A","date":"2018-03-26T02:08:46.000Z","volume":3000,"label":" ","price":5.33},{"type":"A","date":"2018-03-26T02:08:46.000Z","volume":3000,"label":" ","price":5.33},{"type":"A","date":"2018-03-26T02:08:47.000Z","volume":3000,"label":" ","price":5.33},{"type":"A","date":"2018-03-26T02:08:47.000Z","volume":1000,"label":" ","price":5.33},{"type":"A","date":"2018-03-26T02:08:47.000Z","volume":2000,"label":" ","price":5.33},{"type":"U","date":"2018-03-26T02:08:48.000Z","volume":1000,"label":"X","price":5.33},{"type":"A","date":"2018-03-26T02:08:48.000Z","volume":1000,"label":" ","price":5.33},{"type":"A","date":"2018-03-26T02:08:48.000Z","volume":3000,"label":" ","price":5.33},{"type":"U","date":"2018-03-26T02:08:49.000Z","volume":1000,"label":"X","price":5.33},{"type":"U","date":"2018-03-26T02:08:50.000Z","volume":1000,"label":" ","price":5.33},{"type":"B","date":"2018-03-26T02:08:57.000Z","volume":13000,"label":" ","price":5.32},{"type":"B","date":"2018-03-26T02:09:11.000Z","volume":1000,"label":" ","price":5.32},{"type":"B","date":"2018-03-26T02:09:11.000Z","volume":1000,"label":" ","price":5.32},{"type":"A","date":"2018-03-26T02:09:17.000Z","volume":5000,"label":" ","price":5.33},{"type":"A","date":"2018-03-26T02:09:17.000Z","volume":3000,"label":" ","price":5.33},{"type":"A","date":"2018-03-26T02:09:17.000Z","volume":14000,"label":" ","price":5.33},{"type":"B","date":"2018-03-26T02:09:53.000Z","volume":6000,"label":" ","price":5.33},{"type":"U","date":"2018-03-26T02:09:55.000Z","volume":1000,"label":"X","price":5.33},{"type":"A","date":"2018-03-26T02:09:58.000Z","volume":5000,"label":" ","price":5.33},{"type":"A","date":"2018-03-26T02:09:58.000Z","volume":5000,"label":" ","price":5.33},{"type":"A","date":"2018-03-26T02:09:58.000Z","volume":3000,"label":" ","price":5.33},{"type":"U","date":"2018-03-26T02:09:59.000Z","volume":1000,"label":"X","price":5.325},{"type":"A","date":"2018-03-26T02:09:59.000Z","volume":6000,"label":" ","price":5.33},{"type":"A","date":"2018-03-26T02:09:59.000Z","volume":2000,"label":" ","price":5.33},{"type":"B","date":"2018-03-26T02:10:12.000Z","volume":2000,"label":" ","price":5.33},{"type":"B","date":"2018-03-26T02:10:21.000Z","volume":12000,"label":" ","price":5.33},{"type":"B","date":"2018-03-26T02:10:21.000Z","volume":4000,"label":" ","price":5.33},{"type":"B","date":"2018-03-26T02:10:21.000Z","volume":5000,"label":" ","price":5.33},{"type":"B","date":"2018-03-26T02:10:21.000Z","volume":5000,"label":"Y","price":5.32},{"type":"B","date":"2018-03-26T02:10:21.000Z","volume":1000,"label":"Y","price":5.32},{"type":"B","date":"2018-03-26T02:10:21.000Z","volume":6000,"label":" ","price":5.32},{"type":"B","date":"2018-03-26T02:10:21.000Z","volume":5000,"label":" ","price":5.32},{"type":"B","date":"2018-03-26T02:10:21.000Z","volume":7000,"label":" ","price":5.32},{"type":"A","date":"2018-03-26T02:10:46.000Z","volume":5000,"label":" ","price":5.33},{"type":"A","date":"2018-03-26T02:10:52.000Z","volume":3000,"label":" ","price":5.33},{"type":"B","date":"2018-03-26T02:10:57.000Z","volume":12000,"label":" ","price":5.32},{"type":"A","date":"2018-03-26T02:10:59.000Z","volume":2000,"label":" ","price":5.33},{"type":"B","date":"2018-03-26T02:11:13.000Z","volume":3000,"label":" ","price":5.32},{"type":"A","date":"2018-03-26T02:11:18.000Z","volume":26000,"label":" ","price":5.33},{"type":"B","date":"2018-03-26T02:11:42.000Z","volume":11000,"label":" ","price":5.32},{"type":"B","date":"2018-03-26T02:11:56.000Z","volume":13000,"label":" ","price":5.32},{"type":"A","date":"2018-03-26T02:12:02.000Z","volume":5000,"label":" ","price":5.33},{"type":"A","date":"2018-03-26T02:12:08.000Z","volume":2000,"label":" ","price":5.33},{"type":"B","date":"2018-03-26T02:12:09.000Z","volume":11000,"label":" ","price":5.32},{"type":"B","date":"2018-03-26T02:12:09.000Z","volume":1000,"label":" ","price":5.32},{"type":"B","date":"2018-03-26T02:12:09.000Z","volume":1000,"label":"Y","price":5.32},{"type":"B","date":"2018-03-26T02:12:09.000Z","volume":5000,"label":" ","price":5.32},{"type":"B","date":"2018-03-26T02:12:09.000Z","volume":6000,"label":" ","price":5.32},{"type":"B","date":"2018-03-26T02:12:09.000Z","volume":6000,"label":" ","price":5.32},{"type":"B","date":"2018-03-26T02:12:09.000Z","volume":6000,"label":" ","price":5.32},{"type":"A","date":"2018-03-26T02:12:09.000Z","volume":9000,"label":"Y","price":5.33},{"type":"A","date":"2018-03-26T02:12:09.000Z","volume":11000,"label":" ","price":5.33},{"type":"A","date":"2018-03-26T02:12:12.000Z","volume":3000,"label":" ","price":5.33},{"type":"B","date":"2018-03-26T02:12:14.000Z","volume":2000,"label":" ","price":5.32},{"type":"A","date":"2018-03-26T02:12:41.000Z","volume":1000,"label":" ","price":5.33},{"type":"B","date":"2018-03-26T02:12:56.000Z","volume":11000,"label":"Y","price":5.32},{"type":"A","date":"2018-03-26T02:13:07.000Z","volume":1000,"label":" ","price":5.33},{"type":"A","date":"2018-03-26T02:13:07.000Z","volume":7000,"label":" ","price":5.33},{"type":"U","date":"2018-03-26T02:13:09.000Z","volume":1000,"label":"X","price":5.325},{"type":"A","date":"2018-03-26T02:13:15.000Z","volume":2000,"label":" ","price":5.33},{"type":"B","date":"2018-03-26T02:13:16.000Z","volume":2000,"label":" ","price":5.32},{"type":"B","date":"2018-03-26T02:13:19.000Z","volume":6000,"label":"Y","price":5.32},{"type":"B","date":"2018-03-26T02:13:19.000Z","volume":5000,"label":" ","price":5.32},{"type":"B","date":"2018-03-26T02:13:37.000Z","volume":31000,"label":" ","price":5.32},{"type":"B","date":"2018-03-26T02:13:57.000Z","volume":12000,"label":" ","price":5.32},{"type":"U","date":"2018-03-26T02:13:58.000Z","volume":1000,"label":"X","price":5.325},{"type":"A","date":"2018-03-26T02:14:06.000Z","volume":10000,"label":" ","price":5.33},{"type":"A","date":"2018-03-26T02:14:08.000Z","volume":100000,"label":" ","price":5.33},{"type":"A","date":"2018-03-26T02:14:08.000Z","volume":5000,"label":" ","price":5.33},{"type":"B","date":"2018-03-26T02:14:18.000Z","volume":2000,"label":" ","price":5.33},{"type":"A","date":"2018-03-26T02:14:34.000Z","volume":2000,"label":" ","price":5.34},{"type":"B","date":"2018-03-26T02:14:37.000Z","volume":31000,"label":"Y","price":5.33},{"type":"B","date":"2018-03-26T02:14:56.000Z","volume":1000,"label":" ","price":5.33},{"type":"B","date":"2018-03-26T02:14:56.000Z","volume":11000,"label":" ","price":5.33},{"type":"B","date":"2018-03-26T02:14:56.000Z","volume":6000,"label":" ","price":5.33},{"type":"B","date":"2018-03-26T02:14:56.000Z","volume":6000,"label":" ","price":5.33},{"type":"B","date":"2018-03-26T02:14:56.000Z","volume":6000,"label":" ","price":5.33},{"type":"B","date":"2018-03-26T02:14:56.000Z","volume":6000,"label":" ","price":5.33},{"type":"B","date":"2018-03-26T02:14:57.000Z","volume":12000,"label":"Y","price":5.33},{"type":"B","date":"2018-03-26T02:15:04.000Z","volume":5000,"label":" ","price":5.33},{"type":"B","date":"2018-03-26T02:15:06.000Z","volume":221000,"label":" ","price":5.33},{"type":"U","date":"2018-03-26T02:15:08.000Z","volume":5000,"label":"X","price":5.325},{"type":"A","date":"2018-03-26T02:15:08.000Z","volume":38000,"label":"Y","price":5.33},{"type":"A","date":"2018-03-26T02:15:08.000Z","volume":5000,"label":" ","price":5.33},{"type":"U","date":"2018-03-26T02:15:08.000Z","volume":1000,"label":"X","price":5.325},{"type":"U","date":"2018-03-26T02:15:09.000Z","volume":2000,"label":"X","price":5.325},{"type":"A","date":"2018-03-26T02:15:10.000Z","volume":12000,"label":"Y","price":5.33},{"type":"U","date":"2018-03-26T02:15:10.000Z","volume":1000,"label":"X","price":5.325},{"type":"U","date":"2018-03-26T02:15:18.000Z","volume":1000,"label":"X","price":5.325},{"type":"B","date":"2018-03-26T02:15:19.000Z","volume":2000,"label":" ","price":5.32},{"type":"A","date":"2018-03-26T02:15:54.000Z","volume":2000,"label":" ","price":5.33},{"type":"A","date":"2018-03-26T02:15:55.000Z","volume":12000,"label":" ","price":5.33},{"type":"A","date":"2018-03-26T02:15:55.000Z","volume":9000,"label":" ","price":5.33},{"type":"A","date":"2018-03-26T02:15:56.000Z","volume":12000,"label":" ","price":5.33},{"type":"A","date":"2018-03-26T02:15:56.000Z","volume":4000,"label":" ","price":5.33},{"type":"U","date":"2018-03-26T02:15:56.000Z","volume":1000,"label":"X","price":5.325},{"type":"A","date":"2018-03-26T02:15:56.000Z","volume":10000,"label":" ","price":5.33},{"type":"B","date":"2018-03-26T02:15:57.000Z","volume":4000,"label":" ","price":5.33},{"type":"B","date":"2018-03-26T02:15:57.000Z","volume":8000,"label":" ","price":5.32},{"type":"U","date":"2018-03-26T02:15:57.000Z","volume":1000,"label":" ","price":5.33},{"type":"B","date":"2018-03-26T02:16:06.000Z","volume":2000,"label":" ","price":5.33},{"type":"B","date":"2018-03-26T02:16:19.000Z","volume":3000,"label":" ","price":5.33},{"type":"B","date":"2018-03-26T02:16:21.000Z","volume":2000,"label":" ","price":5.33},{"type":"B","date":"2018-03-26T02:16:21.000Z","volume":14000,"label":" ","price":5.33},{"type":"U","date":"2018-03-26T02:16:21.000Z","volume":1000,"label":"X","price":5.33},{"type":"B","date":"2018-03-26T02:16:37.000Z","volume":31000,"label":" ","price":5.32},{"type":"B","date":"2018-03-26T02:16:57.000Z","volume":12000,"label":" ","price":5.32},{"type":"A","date":"2018-03-26T02:17:06.000Z","volume":10000,"label":" ","price":5.33},{"type":"A","date":"2018-03-26T02:17:06.000Z","volume":18000,"label":" ","price":5.33},{"type":"A","date":"2018-03-26T02:17:08.000Z","volume":21000,"label":" ","price":5.34},{"type":"U","date":"2018-03-26T02:17:10.000Z","volume":1000,"label":"X","price":5.335},{"type":"B","date":"2018-03-26T02:17:11.000Z","volume":1000,"label":" ","price":5.33},{"type":"B","date":"2018-03-26T02:17:21.000Z","volume":2000,"label":" ","price":5.33},{"type":"B","date":"2018-03-26T02:17:24.000Z","volume":10000,"label":" ","price":5.33},{"type":"U","date":"2018-03-26T02:17:24.000Z","volume":1000,"label":"X","price":5.33},{"type":"B","date":"2018-03-26T02:17:37.000Z","volume":31000,"label":" ","price":5.32},{"type":"B","date":"2018-03-26T02:17:38.000Z","volume":12000,"label":" ","price":5.32},{"type":"B","date":"2018-03-26T02:17:38.000Z","volume":7000,"label":" ","price":5.32},{"type":"B","date":"2018-03-26T02:17:38.000Z","volume":5000,"label":" ","price":5.32},{"type":"B","date":"2018-03-26T02:17:38.000Z","volume":5000,"label":" ","price":5.32},{"type":"B","date":"2018-03-26T02:17:38.000Z","volume":7000,"label":" ","price":5.32},{"type":"A","date":"2018-03-26T02:17:53.000Z","volume":7000,"label":" ","price":5.34},{"type":"B","date":"2018-03-26T02:17:56.000Z","volume":12000,"label":" ","price":5.33},{"type":"B","date":"2018-03-26T02:18:22.000Z","volume":2000,"label":" ","price":5.33},{"type":"B","date":"2018-03-26T02:18:31.000Z","volume":25000,"label":" ","price":5.33},{"type":"U","date":"2018-03-26T02:18:31.000Z","volume":1000,"label":"X","price":5.33},{"type":"B","date":"2018-03-26T02:18:31.000Z","volume":2000,"label":" ","price":5.33},{"type":"A","date":"2018-03-26T02:18:33.000Z","volume":82000,"label":" ","price":5.33},{"type":"B","date":"2018-03-26T02:18:37.000Z","volume":31000,"label":" ","price":5.33},{"type":"B","date":"2018-03-26T02:18:56.000Z","volume":12000,"label":" ","price":5.33},{"type":"B","date":"2018-03-26T02:19:23.000Z","volume":2000,"label":" ","price":5.33},{"type":"B","date":"2018-03-26T02:19:34.000Z","volume":1000,"label":" ","price":5.33},{"type":"B","date":"2018-03-26T02:19:34.000Z","volume":10000,"label":" ","price":5.33},{"type":"B","date":"2018-03-26T02:19:34.000Z","volume":6000,"label":" ","price":5.33},{"type":"B","date":"2018-03-26T02:19:34.000Z","volume":6000,"label":" ","price":5.33},{"type":"B","date":"2018-03-26T02:19:34.000Z","volume":2000,"label":"Y","price":5.33},{"type":"B","date":"2018-03-26T02:19:34.000Z","volume":4000,"label":" ","price":5.33},{"type":"B","date":"2018-03-26T02:19:34.000Z","volume":6000,"label":"Y","price":5.33},{"type":"B","date":"2018-03-26T02:19:37.000Z","volume":31000,"label":" ","price":5.33},{"type":"B","date":"2018-03-26T02:19:45.000Z","volume":38000,"label":" ","price":5.33},{"type":"U","date":"2018-03-26T02:19:45.000Z","volume":1000,"label":"X","price":5.325},{"type":"A","date":"2018-03-26T02:19:45.000Z","volume":18000,"label":" ","price":5.33},{"type":"A","date":"2018-03-26T02:19:45.000Z","volume":2000,"label":" ","price":5.33},{"type":"U","date":"2018-03-26T02:19:46.000Z","volume":1000,"label":"X","price":5.325},{"type":"A","date":"2018-03-26T02:19:53.000Z","volume":2000,"label":" ","price":5.33},{"type":"B","date":"2018-03-26T02:19:58.000Z","volume":12000,"label":" ","price":5.32},{"type":"B","date":"2018-03-26T02:20:25.000Z","volume":3000,"label":" ","price":5.32},{"type":"B","date":"2018-03-26T02:20:37.000Z","volume":31000,"label":" ","price":5.32},{"type":"A","date":"2018-03-26T02:20:38.000Z","volume":3000,"label":" ","price":5.33},{"type":"A","date":"2018-03-26T02:20:41.000Z","volume":26000,"label":" ","price":5.33},{"type":"U","date":"2018-03-26T02:20:41.000Z","volume":1000,"label":"X","price":5.325},{"type":"A","date":"2018-03-26T02:20:42.000Z","volume":20000,"label":" ","price":5.33},{"type":"U","date":"2018-03-26T02:20:42.000Z","volume":1000,"label":"X","price":5.325},{"type":"A","date":"2018-03-26T02:20:42.000Z","volume":18000,"label":" ","price":5.33},{"type":"A","date":"2018-03-26T02:20:42.000Z","volume":89000,"label":" ","price":5.33},{"type":"A","date":"2018-03-26T02:20:42.000Z","volume":77000,"label":" ","price":5.33},{"type":"B","date":"2018-03-26T02:20:57.000Z","volume":12000,"label":" ","price":5.33},{"type":"B","date":"2018-03-26T02:21:16.000Z","volume":106000,"label":" ","price":5.33},{"type":"B","date":"2018-03-26T02:21:16.000Z","volume":45000,"label":"Y","price":5.32},{"type":"B","date":"2018-03-26T02:21:16.000Z","volume":793000,"label":" ","price":5.32},{"type":"A","date":"2018-03-26T02:21:16.000Z","volume":39000,"label":" ","price":5.33},{"type":"A","date":"2018-03-26T02:21:16.000Z","volume":22000,"label":" ","price":5.33},{"type":"A","date":"2018-03-26T02:21:17.000Z","volume":2000,"label":" ","price":5.33},{"type":"U","date":"2018-03-26T02:21:17.000Z","volume":1000,"label":"X","price":5.325},{"type":"A","date":"2018-03-26T02:21:18.000Z","volume":45000,"label":"Y","price":5.33},{"type":"A","date":"2018-03-26T02:21:18.000Z","volume":2000,"label":" ","price":5.33},{"type":"U","date":"2018-03-26T02:21:19.000Z","volume":2000,"label":"X","price":5.325},{"type":"B","date":"2018-03-26T02:21:26.000Z","volume":2000,"label":" ","price":5.32},{"type":"A","date":"2018-03-26T02:21:31.000Z","volume":1000,"label":" ","price":5.33},{"type":"A","date":"2018-03-26T02:21:35.000Z","volume":40000,"label":" ","price":5.33},{"type":"A","date":"2018-03-26T02:21:35.000Z","volume":25000,"label":" ","price":5.33},{"type":"U","date":"2018-03-26T02:21:36.000Z","volume":4000,"label":" ","price":5.33},{"type":"U","date":"2018-03-26T02:21:36.000Z","volume":4000,"label":" ","price":5.33},{"type":"U","date":"2018-03-26T02:21:36.000Z","volume":20000,"label":" ","price":5.33},{"type":"B","date":"2018-03-26T02:21:37.000Z","volume":31000,"label":" ","price":5.32},{"type":"U","date":"2018-03-26T02:21:38.000Z","volume":1000,"label":" ","price":5.33},{"type":"U","date":"2018-03-26T02:21:38.000Z","volume":1000,"label":"X","price":5.325},{"type":"B","date":"2018-03-26T02:21:58.000Z","volume":12000,"label":" ","price":5.32},{"type":"A","date":"2018-03-26T02:21:58.000Z","volume":7000,"label":"Y","price":5.33},{"type":"A","date":"2018-03-26T02:21:58.000Z","volume":7000,"label":" ","price":5.33},{"type":"U","date":"2018-03-26T02:21:59.000Z","volume":1000,"label":"X","price":5.325},{"type":"B","date":"2018-03-26T02:22:16.000Z","volume":11000,"label":" ","price":5.32},{"type":"B","date":"2018-03-26T02:22:16.000Z","volume":1000,"label":" ","price":5.32},{"type":"B","date":"2018-03-26T02:22:16.000Z","volume":6000,"label":" ","price":5.32},{"type":"B","date":"2018-03-26T02:22:16.000Z","volume":6000,"label":" ","price":5.32},{"type":"B","date":"2018-03-26T02:22:16.000Z","volume":6000,"label":" ","price":5.32},{"type":"B","date":"2018-03-26T02:22:16.000Z","volume":6000,"label":" ","price":5.32},{"type":"B","date":"2018-03-26T02:22:27.000Z","volume":2000,"label":" ","price":5.32},{"type":"A","date":"2018-03-26T02:22:32.000Z","volume":2000,"label":" ","price":5.33},{"type":"A","date":"2018-03-26T02:22:33.000Z","volume":2000,"label":" ","price":5.33},{"type":"B","date":"2018-03-26T02:22:37.000Z","volume":31000,"label":" ","price":5.32},{"type":"A","date":"2018-03-26T02:22:42.000Z","volume":1000,"label":"Y","price":5.33},{"type":"A","date":"2018-03-26T02:22:42.000Z","volume":23000,"label":" ","price":5.33},{"type":"U","date":"2018-03-26T02:22:43.000Z","volume":1000,"label":"X","price":5.325},{"type":"B","date":"2018-03-26T02:22:57.000Z","volume":12000,"label":" ","price":5.32},{"type":"B","date":"2018-03-26T02:23:29.000Z","volume":2000,"label":" ","price":5.32},{"type":"B","date":"2018-03-26T02:23:37.000Z","volume":31000,"label":" ","price":5.32},{"type":"A","date":"2018-03-26T02:23:41.000Z","volume":16000,"label":" ","price":5.33},{"type":"U","date":"2018-03-26T02:23:42.000Z","volume":1000,"label":"X","price":5.325},{"type":"A","date":"2018-03-26T02:23:52.000Z","volume":2000,"label":" ","price":5.33},{"type":"B","date":"2018-03-26T02:23:57.000Z","volume":11000,"label":" ","price":5.32},{"type":"B","date":"2018-03-26T02:24:16.000Z","volume":12000,"label":"Y","price":5.32},{"type":"B","date":"2018-03-26T02:24:16.000Z","volume":6000,"label":"Y","price":5.32},{"type":"B","date":"2018-03-26T02:24:16.000Z","volume":6000,"label":"Y","price":5.32},{"type":"B","date":"2018-03-26T02:24:16.000Z","volume":4000,"label":"Y","price":5.32},{"type":"B","date":"2018-03-26T02:24:16.000Z","volume":2000,"label":" ","price":5.32},{"type":"B","date":"2018-03-26T02:24:16.000Z","volume":6000,"label":" ","price":5.32},{"type":"B","date":"2018-03-26T02:24:30.000Z","volume":2000,"label":" ","price":5.32},{"type":"B","date":"2018-03-26T02:24:37.000Z","volume":31000,"label":" ","price":5.32},{"type":"B","date":"2018-03-26T02:24:56.000Z","volume":12000,"label":" ","price":5.32},{"type":"B","date":"2018-03-26T02:25:01.000Z","volume":39000,"label":" ","price":5.32},{"type":"A","date":"2018-03-26T02:25:03.000Z","volume":1000,"label":" ","price":5.33},{"type":"B","date":"2018-03-26T02:25:14.000Z","volume":11000,"label":"Y","price":5.32},{"type":"B","date":"2018-03-26T02:25:31.000Z","volume":3000,"label":" ","price":5.32},{"type":"B","date":"2018-03-26T02:25:37.000Z","volume":32000,"label":" ","price":5.32},{"type":"B","date":"2018-03-26T02:25:37.000Z","volume":5000,"label":" ","price":5.32},{"type":"B","date":"2018-03-26T02:25:38.000Z","volume":1000,"label":" ","price":5.32},{"type":"B","date":"2018-03-26T02:25:43.000Z","volume":141000,"label":" ","price":5.32},{"type":"U","date":"2018-03-26T02:25:44.000Z","volume":8000,"label":"X","price":5.315},{"type":"A","date":"2018-03-26T02:25:44.000Z","volume":2000,"label":" ","price":5.32},{"type":"B","date":"2018-03-26T02:25:58.000Z","volume":12000,"label":" ","price":5.31},{"type":"A","date":"2018-03-26T02:25:58.000Z","volume":9000,"label":"Y","price":5.32},{"type":"A","date":"2018-03-26T02:25:58.000Z","volume":1000,"label":" ","price":5.32},{"type":"A","date":"2018-03-26T02:26:10.000Z","volume":111000,"label":" ","price":5.32},{"type":"B","date":"2018-03-26T02:26:33.000Z","volume":2000,"label":" ","price":5.32},{"type":"B","date":"2018-03-26T02:26:37.000Z","volume":30000,"label":" ","price":5.32},{"type":"B","date":"2018-03-26T02:26:39.000Z","volume":10000,"label":" ","price":5.32},{"type":"B","date":"2018-03-26T02:26:58.000Z","volume":12000,"label":" ","price":5.32},{"type":"B","date":"2018-03-26T02:26:58.000Z","volume":12000,"label":" ","price":5.32},{"type":"B","date":"2018-03-26T02:26:58.000Z","volume":6000,"label":" ","price":5.32},{"type":"B","date":"2018-03-26T02:26:58.000Z","volume":6000,"label":" ","price":5.32},{"type":"B","date":"2018-03-26T02:26:58.000Z","volume":6000,"label":" ","price":5.32},{"type":"B","date":"2018-03-26T02:26:58.000Z","volume":6000,"label":" ","price":5.32},{"type":"B","date":"2018-03-26T02:27:12.000Z","volume":2000,"label":" ","price":5.32},{"type":"A","date":"2018-03-26T02:27:12.000Z","volume":1000,"label":" ","price":5.33},{"type":"A","date":"2018-03-26T02:27:29.000Z","volume":10000,"label":" ","price":5.33},{"type":"B","date":"2018-03-26T02:27:34.000Z","volume":2000,"label":" ","price":5.32},{"type":"B","date":"2018-03-26T02:27:37.000Z","volume":31000,"label":" ","price":5.32},{"type":"B","date":"2018-03-26T02:27:58.000Z","volume":11000,"label":" ","price":5.32},{"type":"B","date":"2018-03-26T02:28:00.000Z","volume":5000,"label":" ","price":5.32},{"type":"B","date":"2018-03-26T02:28:00.000Z","volume":15000,"label":" ","price":5.32},{"type":"B","date":"2018-03-26T02:28:31.000Z","volume":15000,"label":" ","price":5.32},{"type":"B","date":"2018-03-26T02:28:31.000Z","volume":6000,"label":" ","price":5.32},{"type":"B","date":"2018-03-26T02:28:35.000Z","volume":2000,"label":" ","price":5.32},{"type":"B","date":"2018-03-26T02:28:48.000Z","volume":1000,"label":"Y","price":5.32},{"type":"B","date":"2018-03-26T02:28:48.000Z","volume":11000,"label":" ","price":5.32},{"type":"B","date":"2018-03-26T02:28:48.000Z","volume":6000,"label":" ","price":5.32},{"type":"B","date":"2018-03-26T02:28:48.000Z","volume":6000,"label":" ","price":5.32},{"type":"B","date":"2018-03-26T02:28:48.000Z","volume":6000,"label":" ","price":5.32},{"type":"B","date":"2018-03-26T02:28:48.000Z","volume":6000,"label":" ","price":5.32},{"type":"B","date":"2018-03-26T02:28:57.000Z","volume":11000,"label":" ","price":5.32},{"type":"B","date":"2018-03-26T02:28:59.000Z","volume":9000,"label":"Y","price":5.32},{"type":"B","date":"2018-03-26T02:28:59.000Z","volume":1000,"label":" ","price":5.32},{"type":"B","date":"2018-03-26T02:29:00.000Z","volume":15000,"label":" ","price":5.32},{"type":"B","date":"2018-03-26T02:29:00.000Z","volume":5000,"label":" ","price":5.32},{"type":"U","date":"2018-03-26T02:29:09.000Z","volume":1000,"label":"X","price":5.325},{"type":"B","date":"2018-03-26T02:29:31.000Z","volume":15000,"label":" ","price":5.32},{"type":"B","date":"2018-03-26T02:29:31.000Z","volume":6000,"label":" ","price":5.32},{"type":"B","date":"2018-03-26T02:29:36.000Z","volume":3000,"label":" ","price":5.32},{"type":"B","date":"2018-03-26T02:29:57.000Z","volume":14000,"label":" ","price":5.32},{"type":"B","date":"2018-03-26T02:30:00.000Z","volume":15000,"label":" ","price":5.32},{"type":"B","date":"2018-03-26T02:30:00.000Z","volume":5000,"label":" ","price":5.32},{"type":"B","date":"2018-03-26T02:30:17.000Z","volume":9000,"label":" ","price":5.32},{"type":"B","date":"2018-03-26T02:30:31.000Z","volume":6000,"label":" ","price":5.32},{"type":"B","date":"2018-03-26T02:30:31.000Z","volume":15000,"label":" ","price":5.32},{"type":"B","date":"2018-03-26T02:30:36.000Z","volume":12000,"label":" ","price":5.32},{"type":"B","date":"2018-03-26T02:30:36.000Z","volume":6000,"label":" ","price":5.32},{"type":"B","date":"2018-03-26T02:30:36.000Z","volume":6000,"label":" ","price":5.32},{"type":"B","date":"2018-03-26T02:30:36.000Z","volume":6000,"label":" ","price":5.32},{"type":"B","date":"2018-03-26T02:30:36.000Z","volume":6000,"label":" ","price":5.32},{"type":"B","date":"2018-03-26T02:30:37.000Z","volume":2000,"label":" ","price":5.32},{"type":"B","date":"2018-03-26T02:30:57.000Z","volume":11000,"label":" ","price":5.32},{"type":"B","date":"2018-03-26T02:31:00.000Z","volume":5000,"label":" ","price":5.32},{"type":"B","date":"2018-03-26T02:31:00.000Z","volume":13000,"label":" ","price":5.32},{"type":"A","date":"2018-03-26T02:31:00.000Z","volume":2000,"label":"Y","price":5.32},{"type":"A","date":"2018-03-26T02:31:00.000Z","volume":12000,"label":" ","price":5.32},{"type":"A","date":"2018-03-26T02:31:01.000Z","volume":2000,"label":" ","price":5.32},{"type":"A","date":"2018-03-26T02:31:02.000Z","volume":8000,"label":"Y","price":5.32},{"type":"A","date":"2018-03-26T02:31:02.000Z","volume":16000,"label":" ","price":5.32},{"type":"U","date":"2018-03-26T02:31:02.000Z","volume":1000,"label":"X","price":5.315},{"type":"U","date":"2018-03-26T02:31:03.000Z","volume":1000,"label":"X","price":5.315},{"type":"A","date":"2018-03-26T02:31:11.000Z","volume":45000,"label":" ","price":5.32},{"type":"A","date":"2018-03-26T02:31:30.000Z","volume":30000,"label":" ","price":5.33},{"type":"B","date":"2018-03-26T02:31:31.000Z","volume":15000,"label":" ","price":5.32},{"type":"B","date":"2018-03-26T02:31:31.000Z","volume":6000,"label":" ","price":5.32},{"type":"U","date":"2018-03-26T02:31:32.000Z","volume":1000,"label":"X","price":5.325},{"type":"B","date":"2018-03-26T02:31:38.000Z","volume":2000,"label":" ","price":5.32},{"type":"A","date":"2018-03-26T02:31:41.000Z","volume":1000,"label":" ","price":5.33},{"type":"B","date":"2018-03-26T02:31:55.000Z","volume":23000,"label":" ","price":5.32},{"type":"B","date":"2018-03-26T02:31:55.000Z","volume":2000,"label":" ","price":5.32},{"type":"B","date":"2018-03-26T02:31:57.000Z","volume":5000,"label":" ","price":5.32},{"type":"B","date":"2018-03-26T02:31:57.000Z","volume":8000,"label":" ","price":5.32},{"type":"U","date":"2018-03-26T02:31:58.000Z","volume":1000,"label":"X","price":5.32},{"type":"A","date":"2018-03-26T02:32:00.000Z","volume":10000,"label":" ","price":5.32},{"type":"A","date":"2018-03-26T02:32:01.000Z","volume":2000,"label":" ","price":5.32},{"type":"A","date":"2018-03-26T02:32:18.000Z","volume":3000,"label":" ","price":5.32},{"type":"U","date":"2018-03-26T02:32:19.000Z","volume":1000,"label":"X","price":5.315},{"type":"A","date":"2018-03-26T02:32:21.000Z","volume":1000,"label":" ","price":5.32},{"type":"B","date":"2018-03-26T02:32:31.000Z","volume":6000,"label":" ","price":5.31},{"type":"B","date":"2018-03-26T02:32:31.000Z","volume":18000,"label":" ","price":5.31},{"type":"A","date":"2018-03-26T02:32:33.000Z","volume":10000,"label":"Y","price":5.32},{"type":"A","date":"2018-03-26T02:32:33.000Z","volume":2000,"label":" ","price":5.32},{"type":"B","date":"2018-03-26T02:32:40.000Z","volume":2000,"label":" ","price":5.31},{"type":"B","date":"2018-03-26T02:32:55.000Z","volume":8000,"label":"Y","price":5.31},{"type":"B","date":"2018-03-26T02:32:55.000Z","volume":18000,"label":" ","price":5.31},{"type":"A","date":"2018-03-26T02:32:58.000Z","volume":10000,"label":"Y","price":5.32},{"type":"B","date":"2018-03-26T02:32:59.000Z","volume":13000,"label":" ","price":5.31},{"type":"U","date":"2018-03-26T02:33:00.000Z","volume":1000,"label":"X","price":5.315},{"type":"B","date":"2018-03-26T02:33:00.000Z","volume":1000,"label":"Y","price":5.31},{"type":"B","date":"2018-03-26T02:33:00.000Z","volume":7000,"label":" ","price":5.31},{"type":"B","date":"2018-03-26T02:33:00.000Z","volume":12000,"label":"Y","price":5.31},{"type":"B","date":"2018-03-26T02:33:00.000Z","volume":3000,"label":" ","price":5.31},{"type":"A","date":"2018-03-26T02:33:02.000Z","volume":14000,"label":"Y","price":5.32},{"type":"B","date":"2018-03-26T02:33:04.000Z","volume":2000,"label":" ","price":5.31},{"type":"A","date":"2018-03-26T02:33:10.000Z","volume":2000,"label":" ","price":5.32},{"type":"U","date":"2018-03-26T02:33:11.000Z","volume":1000,"label":"X","price":5.315},{"type":"B","date":"2018-03-26T02:33:23.000Z","volume":11000,"label":" ","price":5.31},{"type":"B","date":"2018-03-26T02:33:23.000Z","volume":6000,"label":" ","price":5.31},{"type":"B","date":"2018-03-26T02:33:23.000Z","volume":6000,"label":" ","price":5.31},{"type":"B","date":"2018-03-26T02:33:23.000Z","volume":6000,"label":" ","price":5.31},{"type":"B","date":"2018-03-26T02:33:23.000Z","volume":6000,"label":" ","price":5.31},{"type":"A","date":"2018-03-26T02:33:27.000Z","volume":16000,"label":"Y","price":5.32},{"type":"B","date":"2018-03-26T02:33:31.000Z","volume":8000,"label":" ","price":5.31},{"type":"B","date":"2018-03-26T02:33:31.000Z","volume":15000,"label":" ","price":5.31},{"type":"A","date":"2018-03-26T02:33:33.000Z","volume":9000,"label":"Y","price":5.32},{"type":"U","date":"2018-03-26T02:33:34.000Z","volume":1000,"label":"X","price":5.315},{"type":"B","date":"2018-03-26T02:33:42.000Z","volume":2000,"label":" ","price":5.31},{"type":"B","date":"2018-03-26T02:33:55.000Z","volume":5000,"label":"Y","price":5.31},{"type":"B","date":"2018-03-26T02:33:55.000Z","volume":20000,"label":" ","price":5.31},{"type":"B","date":"2018-03-26T02:33:58.000Z","volume":11000,"label":" ","price":5.31},{"type":"A","date":"2018-03-26T02:33:59.000Z","volume":8000,"label":"Y","price":5.32},{"type":"A","date":"2018-03-26T02:33:59.000Z","volume":6000,"label":" ","price":5.32},{"type":"B","date":"2018-03-26T02:34:00.000Z","volume":15000,"label":" ","price":5.31},{"type":"B","date":"2018-03-26T02:34:00.000Z","volume":5000,"label":" ","price":5.31},{"type":"U","date":"2018-03-26T02:34:01.000Z","volume":1000,"label":"X","price":5.315},{"type":"A","date":"2018-03-26T02:34:30.000Z","volume":2000,"label":" ","price":5.32},{"type":"B","date":"2018-03-26T02:34:31.000Z","volume":6000,"label":" ","price":5.31},{"type":"B","date":"2018-03-26T02:34:31.000Z","volume":15000,"label":" ","price":5.31},{"type":"A","date":"2018-03-26T02:34:37.000Z","volume":1000,"label":" ","price":5.32},{"type":"A","date":"2018-03-26T02:34:40.000Z","volume":19000,"label":" ","price":5.32},{"type":"U","date":"2018-03-26T02:34:41.000Z","volume":1000,"label":"X","price":5.315},{"type":"B","date":"2018-03-26T02:34:43.000Z","volume":3000,"label":" ","price":5.31},{"type":"B","date":"2018-03-26T02:34:55.000Z","volume":25000,"label":" ","price":5.31},{"type":"B","date":"2018-03-26T02:34:56.000Z","volume":7000,"label":"Y","price":5.31},{"type":"B","date":"2018-03-26T02:34:56.000Z","volume":1000,"label":" ","price":5.31},{"type":"B","date":"2018-03-26T02:34:57.000Z","volume":12000,"label":"Y","price":5.31},{"type":"B","date":"2018-03-26T02:35:00.000Z","volume":5000,"label":"Y","price":5.31},{"type":"B","date":"2018-03-26T02:35:00.000Z","volume":12000,"label":"Y","price":5.31},{"type":"B","date":"2018-03-26T02:35:00.000Z","volume":3000,"label":" ","price":5.31},{"type":"B","date":"2018-03-26T02:35:31.000Z","volume":6000,"label":" ","price":5.31},{"type":"B","date":"2018-03-26T02:35:31.000Z","volume":15000,"label":" ","price":5.31},{"type":"B","date":"2018-03-26T02:35:35.000Z","volume":12000,"label":" ","price":5.31},{"type":"B","date":"2018-03-26T02:35:35.000Z","volume":6000,"label":" ","price":5.31},{"type":"B","date":"2018-03-26T02:35:35.000Z","volume":6000,"label":" ","price":5.31},{"type":"B","date":"2018-03-26T02:35:35.000Z","volume":6000,"label":" ","price":5.31},{"type":"B","date":"2018-03-26T02:35:35.000Z","volume":6000,"label":" ","price":5.31},{"type":"B","date":"2018-03-26T02:35:44.000Z","volume":2000,"label":" ","price":5.31},{"type":"A","date":"2018-03-26T02:35:51.000Z","volume":95000,"label":" ","price":5.32},{"type":"A","date":"2018-03-26T02:35:51.000Z","volume":5000,"label":" ","price":5.32},{"type":"B","date":"2018-03-26T02:35:51.000Z","volume":5000,"label":" ","price":5.32},{"type":"U","date":"2018-03-26T02:35:51.000Z","volume":1000,"label":"X","price":5.32},{"type":"U","date":"2018-03-26T02:35:53.000Z","volume":1000,"label":"X","price":5.325},{"type":"B","date":"2018-03-26T02:35:55.000Z","volume":26000,"label":" ","price":5.32},{"type":"U","date":"2018-03-26T02:35:55.000Z","volume":1000,"label":"X","price":5.325},{"type":"B","date":"2018-03-26T02:35:57.000Z","volume":11000,"label":" ","price":5.32},{"type":"B","date":"2018-03-26T02:36:00.000Z","volume":3000,"label":" ","price":5.32},{"type":"B","date":"2018-03-26T02:36:00.000Z","volume":2000,"label":" ","price":5.32},{"type":"U","date":"2018-03-26T02:36:00.000Z","volume":15000,"label":" ","price":5.32},{"type":"U","date":"2018-03-26T02:36:01.000Z","volume":1000,"label":"X","price":5.32},{"type":"B","date":"2018-03-26T02:36:03.000Z","volume":480000,"label":" ","price":5.31},{"type":"A","date":"2018-03-26T02:36:05.000Z","volume":2000,"label":" ","price":5.32},{"type":"A","date":"2018-03-26T02:36:05.000Z","volume":22000,"label":" ","price":5.32},{"type":"A","date":"2018-03-26T02:36:05.000Z","volume":9000,"label":"Y","price":5.32},{"type":"A","date":"2018-03-26T02:36:05.000Z","volume":1000,"label":" ","price":5.32},{"type":"U","date":"2018-03-26T02:36:06.000Z","volume":1000,"label":"X","price":5.315},{"type":"B","date":"2018-03-26T02:36:24.000Z","volume":250000,"label":" ","price":5.31},{"type":"A","date":"2018-03-26T02:36:25.000Z","volume":33000,"label":"Y","price":5.32},{"type":"U","date":"2018-03-26T02:36:27.000Z","volume":1000,"label":"X","price":5.315},{"type":"B","date":"2018-03-26T02:36:31.000Z","volume":6000,"label":" ","price":5.31},{"type":"B","date":"2018-03-26T02:36:31.000Z","volume":4000,"label":" ","price":5.31},{"type":"A","date":"2018-03-26T02:36:31.000Z","volume":12000,"label":" ","price":5.31},{"type":"A","date":"2018-03-26T02:36:31.000Z","volume":4000,"label":" ","price":5.31},{"type":"U","date":"2018-03-26T02:36:32.000Z","volume":2000,"label":"X","price":5.31},{"type":"B","date":"2018-03-26T02:36:34.000Z","volume":7000,"label":" ","price":5.31},{"type":"B","date":"2018-03-26T02:36:34.000Z","volume":5000,"label":"Y","price":5.3},{"type":"B","date":"2018-03-26T02:36:34.000Z","volume":68000,"label":" ","price":5.3},{"type":"A","date":"2018-03-26T02:36:34.000Z","volume":16000,"label":"Y","price":5.32},{"type":"A","date":"2018-03-26T02:36:34.000Z","volume":18000,"label":" ","price":5.32},{"type":"U","date":"2018-03-26T02:36:35.000Z","volume":1000,"label":"X","price":5.31},{"type":"U","date":"2018-03-26T02:36:35.000Z","volume":1000,"label":"X","price":5.31},{"type":"B","date":"2018-03-26T02:36:45.000Z","volume":2000,"label":" ","price":5.32},{"type":"B","date":"2018-03-26T02:36:55.000Z","volume":2000,"label":" ","price":5.32},{"type":"B","date":"2018-03-26T02:36:55.000Z","volume":18000,"label":"Y","price":5.31},{"type":"B","date":"2018-03-26T02:36:55.000Z","volume":5000,"label":" ","price":5.31},{"type":"U","date":"2018-03-26T02:36:55.000Z","volume":1000,"label":"X","price":5.32},{"type":"A","date":"2018-03-26T02:36:57.000Z","volume":8000,"label":" ","price":5.32},{"type":"B","date":"2018-03-26T02:37:00.000Z","volume":15000,"label":"Y","price":5.31},{"type":"B","date":"2018-03-26T02:37:00.000Z","volume":6000,"label":"Y","price":5.31},{"type":"A","date":"2018-03-26T02:37:06.000Z","volume":7000,"label":" ","price":5.32},{"type":"B","date":"2018-03-26T02:37:11.000Z","volume":1000,"label":" ","price":5.32},{"type":"B","date":"2018-03-26T02:37:31.000Z","volume":6000,"label":" ","price":5.32},{"type":"B","date":"2018-03-26T02:37:31.000Z","volume":14000,"label":" ","price":5.32},{"type":"B","date":"2018-03-26T02:37:31.000Z","volume":1000,"label":"Y","price":5.31},{"type":"B","date":"2018-03-26T02:37:46.000Z","volume":2000,"label":" ","price":5.32},{"type":"B","date":"2018-03-26T02:37:55.000Z","volume":7000,"label":" ","price":5.32},{"type":"B","date":"2018-03-26T02:37:55.000Z","volume":18000,"label":" ","price":5.32},{"type":"U","date":"2018-03-26T02:37:57.000Z","volume":1000,"label":"X","price":5.315},{"type":"A","date":"2018-03-26T02:37:57.000Z","volume":2000,"label":" ","price":5.32},{"type":"A","date":"2018-03-26T02:37:58.000Z","volume":12000,"label":" ","price":5.32},{"type":"A","date":"2018-03-26T02:37:58.000Z","volume":2000,"label":" ","price":5.32},{"type":"B","date":"2018-03-26T02:38:18.000Z","volume":2000,"label":" ","price":5.32},{"type":"B","date":"2018-03-26T02:38:47.000Z","volume":2000,"label":" ","price":5.32},{"type":"B","date":"2018-03-26T02:38:55.000Z","volume":3000,"label":"Y","price":5.32},{"type":"B","date":"2018-03-26T02:38:55.000Z","volume":22000,"label":" ","price":5.32},{"type":"B","date":"2018-03-26T02:38:58.000Z","volume":12000,"label":" ","price":5.32},{"type":"B","date":"2018-03-26T02:39:05.000Z","volume":7000,"label":" ","price":5.32},{"type":"B","date":"2018-03-26T02:39:10.000Z","volume":1000,"label":"Y","price":5.32},{"type":"B","date":"2018-03-26T02:39:10.000Z","volume":10000,"label":" ","price":5.32},{"type":"B","date":"2018-03-26T02:39:10.000Z","volume":8000,"label":" ","price":5.32},{"type":"B","date":"2018-03-26T02:39:10.000Z","volume":4000,"label":" ","price":5.32},{"type":"B","date":"2018-03-26T02:39:10.000Z","volume":8000,"label":" ","price":5.32},{"type":"B","date":"2018-03-26T02:39:10.000Z","volume":4000,"label":" ","price":5.32},{"type":"A","date":"2018-03-26T02:39:37.000Z","volume":7000,"label":" ","price":5.33},{"type":"B","date":"2018-03-26T02:39:49.000Z","volume":3000,"label":" ","price":5.32},{"type":"B","date":"2018-03-26T02:39:55.000Z","volume":26000,"label":" ","price":5.32},{"type":"B","date":"2018-03-26T02:39:58.000Z","volume":13000,"label":" ","price":5.32},{"type":"B","date":"2018-03-26T02:40:07.000Z","volume":7000,"label":" ","price":5.32},{"type":"A","date":"2018-03-26T02:40:16.000Z","volume":7000,"label":" ","price":5.33},{"type":"U","date":"2018-03-26T02:40:49.000Z","volume":1000,"label":"X","price":5.325},{"type":"B","date":"2018-03-26T02:40:50.000Z","volume":376000,"label":" ","price":5.32},{"type":"A","date":"2018-03-26T02:40:50.000Z","volume":155000,"label":" ","price":5.32},{"type":"U","date":"2018-03-26T02:40:51.000Z","volume":8000,"label":"X","price":5.315},{"type":"U","date":"2018-03-26T02:40:51.000Z","volume":7000,"label":"X","price":5.315},{"type":"B","date":"2018-03-26T02:40:57.000Z","volume":12000,"label":"Y","price":5.31},{"type":"B","date":"2018-03-26T02:41:14.000Z","volume":7000,"label":" ","price":5.31},{"type":"A","date":"2018-03-26T02:41:33.000Z","volume":10000,"label":" ","price":5.32},{"type":"U","date":"2018-03-26T02:41:34.000Z","volume":1000,"label":"X","price":5.315},{"type":"B","date":"2018-03-26T02:41:43.000Z","volume":12000,"label":" ","price":5.31},{"type":"B","date":"2018-03-26T02:41:43.000Z","volume":6000,"label":" ","price":5.31},{"type":"B","date":"2018-03-26T02:41:43.000Z","volume":6000,"label":" ","price":5.31},{"type":"B","date":"2018-03-26T02:41:43.000Z","volume":6000,"label":" ","price":5.31},{"type":"B","date":"2018-03-26T02:41:43.000Z","volume":6000,"label":" ","price":5.31},{"type":"B","date":"2018-03-26T02:41:51.000Z","volume":2000,"label":" ","price":5.31},{"type":"B","date":"2018-03-26T02:41:55.000Z","volume":3000,"label":"Y","price":5.31},{"type":"B","date":"2018-03-26T02:41:55.000Z","volume":22000,"label":" ","price":5.31},{"type":"B","date":"2018-03-26T02:41:57.000Z","volume":12000,"label":" ","price":5.31},{"type":"B","date":"2018-03-26T02:42:11.000Z","volume":2000,"label":" ","price":5.31},{"type":"A","date":"2018-03-26T02:42:14.000Z","volume":1000,"label":" ","price":5.32},{"type":"B","date":"2018-03-26T02:42:14.000Z","volume":7000,"label":"Y","price":5.31},{"type":"B","date":"2018-03-26T02:42:52.000Z","volume":2000,"label":" ","price":5.31},{"type":"B","date":"2018-03-26T02:42:55.000Z","volume":51000,"label":" ","price":5.31},{"type":"B","date":"2018-03-26T02:42:57.000Z","volume":11000,"label":" ","price":5.31},{"type":"B","date":"2018-03-26T02:43:15.000Z","volume":7000,"label":"Y","price":5.31},{"type":"B","date":"2018-03-26T02:43:31.000Z","volume":12000,"label":" ","price":5.31},{"type":"B","date":"2018-03-26T02:43:31.000Z","volume":6000,"label":" ","price":5.31},{"type":"B","date":"2018-03-26T02:43:31.000Z","volume":6000,"label":" ","price":5.31},{"type":"B","date":"2018-03-26T02:43:31.000Z","volume":6000,"label":" ","price":5.31},{"type":"B","date":"2018-03-26T02:43:31.000Z","volume":6000,"label":" ","price":5.31},{"type":"A","date":"2018-03-26T02:43:44.000Z","volume":1000,"label":" ","price":5.32},{"type":"B","date":"2018-03-26T02:43:53.000Z","volume":3000,"label":" ","price":5.31},{"type":"B","date":"2018-03-26T02:43:55.000Z","volume":25000,"label":"Y","price":5.31},{"type":"B","date":"2018-03-26T02:43:58.000Z","volume":14000,"label":"Y","price":5.31},{"type":"B","date":"2018-03-26T02:44:12.000Z","volume":1000,"label":" ","price":5.31},{"type":"B","date":"2018-03-26T02:44:17.000Z","volume":7000,"label":" ","price":5.31},{"type":"A","date":"2018-03-26T02:44:43.000Z","volume":10000,"label":" ","price":5.32},{"type":"B","date":"2018-03-26T02:44:55.000Z","volume":2000,"label":" ","price":5.31},{"type":"B","date":"2018-03-26T02:44:55.000Z","volume":25000,"label":"Y","price":5.31},{"type":"B","date":"2018-03-26T02:44:57.000Z","volume":13000,"label":"Y","price":5.31},{"type":"B","date":"2018-03-26T02:45:19.000Z","volume":12000,"label":" ","price":5.31},{"type":"B","date":"2018-03-26T02:45:19.000Z","volume":6000,"label":" ","price":5.31},{"type":"B","date":"2018-03-26T02:45:19.000Z","volume":6000,"label":" ","price":5.31},{"type":"B","date":"2018-03-26T02:45:19.000Z","volume":6000,"label":" ","price":5.31},{"type":"B","date":"2018-03-26T02:45:19.000Z","volume":6000,"label":" ","price":5.31},{"type":"B","date":"2018-03-26T02:45:20.000Z","volume":7000,"label":"Y","price":5.31},{"type":"A","date":"2018-03-26T02:45:39.000Z","volume":1000,"label":" ","price":5.32},{"type":"B","date":"2018-03-26T02:45:55.000Z","volume":25000,"label":" ","price":5.31},{"type":"B","date":"2018-03-26T02:45:57.000Z","volume":2000,"label":" ","price":5.31},{"type":"B","date":"2018-03-26T02:45:58.000Z","volume":13000,"label":" ","price":5.31},{"type":"A","date":"2018-03-26T02:46:18.000Z","volume":1000,"label":" ","price":5.32},{"type":"B","date":"2018-03-26T02:46:23.000Z","volume":1000,"label":"Y","price":5.31},{"type":"B","date":"2018-03-26T02:46:23.000Z","volume":6000,"label":" ","price":5.31},{"type":"B","date":"2018-03-26T02:46:39.000Z","volume":60000,"label":" ","price":5.31},{"type":"B","date":"2018-03-26T02:46:39.000Z","volume":52000,"label":" ","price":5.31},{"type":"B","date":"2018-03-26T02:46:39.000Z","volume":241000,"label":" ","price":5.31},{"type":"A","date":"2018-03-26T02:46:40.000Z","volume":2000,"label":" ","price":5.31},{"type":"U","date":"2018-03-26T02:46:40.000Z","volume":3000,"label":"X","price":5.305},{"type":"B","date":"2018-03-26T02:46:58.000Z","volume":12000,"label":" ","price":5.3},{"type":"B","date":"2018-03-26T02:46:58.000Z","volume":2000,"label":" ","price":5.3},{"type":"B","date":"2018-03-26T02:47:15.000Z","volume":12000,"label":" ","price":5.3},{"type":"B","date":"2018-03-26T02:47:15.000Z","volume":3000,"label":" ","price":5.3},{"type":"B","date":"2018-03-26T02:47:15.000Z","volume":9000,"label":" ","price":5.3},{"type":"B","date":"2018-03-26T02:47:15.000Z","volume":5000,"label":" ","price":5.3},{"type":"B","date":"2018-03-26T02:47:15.000Z","volume":7000,"label":" ","price":5.3},{"type":"A","date":"2018-03-26T02:47:47.000Z","volume":2000,"label":" ","price":5.31},{"type":"B","date":"2018-03-26T02:47:58.000Z","volume":11000,"label":" ","price":5.3},{"type":"B","date":"2018-03-26T02:47:59.000Z","volume":2000,"label":" ","price":5.3},{"type":"B","date":"2018-03-26T02:48:06.000Z","volume":7000,"label":" ","price":5.3},{"type":"A","date":"2018-03-26T02:48:13.000Z","volume":1000,"label":" ","price":5.31},{"type":"B","date":"2018-03-26T02:48:20.000Z","volume":7000,"label":" ","price":5.3},{"type":"B","date":"2018-03-26T02:48:33.000Z","volume":2000,"label":" ","price":5.3},{"type":"B","date":"2018-03-26T02:48:58.000Z","volume":11000,"label":" ","price":5.3},{"type":"B","date":"2018-03-26T02:49:00.000Z","volume":3000,"label":" ","price":5.3},{"type":"A","date":"2018-03-26T02:49:01.000Z","volume":7000,"label":"Y","price":5.31},{"type":"A","date":"2018-03-26T02:49:01.000Z","volume":2000,"label":" ","price":5.31},{"type":"U","date":"2018-03-26T02:49:02.000Z","volume":1000,"label":"X","price":5.305},{"type":"B","date":"2018-03-26T02:49:06.000Z","volume":12000,"label":" ","price":5.3},{"type":"B","date":"2018-03-26T02:49:06.000Z","volume":6000,"label":" ","price":5.3},{"type":"B","date":"2018-03-26T02:49:06.000Z","volume":6000,"label":" ","price":5.3},{"type":"B","date":"2018-03-26T02:49:06.000Z","volume":6000,"label":" ","price":5.3},{"type":"B","date":"2018-03-26T02:49:06.000Z","volume":6000,"label":" ","price":5.3},{"type":"A","date":"2018-03-26T02:49:06.000Z","volume":2000,"label":" ","price":5.31},{"type":"A","date":"2018-03-26T02:49:07.000Z","volume":15000,"label":" ","price":5.31},{"type":"A","date":"2018-03-26T02:49:08.000Z","volume":1000,"label":" ","price":5.31},{"type":"U","date":"2018-03-26T02:49:09.000Z","volume":1000,"label":"X","price":5.305},{"type":"B","date":"2018-03-26T02:49:11.000Z","volume":2000,"label":" ","price":5.3},{"type":"A","date":"2018-03-26T02:49:14.000Z","volume":3000,"label":" ","price":5.31},{"type":"B","date":"2018-03-26T02:49:25.000Z","volume":2000,"label":" ","price":5.3},{"type":"B","date":"2018-03-26T02:49:57.000Z","volume":13000,"label":" ","price":5.3},{"type":"B","date":"2018-03-26T02:50:02.000Z","volume":2000,"label":" ","price":5.3},{"type":"A","date":"2018-03-26T02:50:26.000Z","volume":2000,"label":" ","price":5.31},{"type":"B","date":"2018-03-26T02:50:47.000Z","volume":6000,"label":" ","price":5.3},{"type":"B","date":"2018-03-26T02:50:54.000Z","volume":12000,"label":" ","price":5.3},{"type":"B","date":"2018-03-26T02:50:54.000Z","volume":6000,"label":" ","price":5.3},{"type":"B","date":"2018-03-26T02:50:54.000Z","volume":6000,"label":" ","price":5.3},{"type":"B","date":"2018-03-26T02:50:54.000Z","volume":6000,"label":" ","price":5.3},{"type":"B","date":"2018-03-26T02:50:54.000Z","volume":6000,"label":" ","price":5.3},{"type":"B","date":"2018-03-26T02:50:57.000Z","volume":13000,"label":" ","price":5.3},{"type":"B","date":"2018-03-26T02:51:03.000Z","volume":2000,"label":" ","price":5.3},{"type":"U","date":"2018-03-26T02:51:09.000Z","volume":1000,"label":"X","price":5.305},{"type":"B","date":"2018-03-26T02:51:33.000Z","volume":1000,"label":" ","price":5.3},{"type":"B","date":"2018-03-26T02:51:33.000Z","volume":1000,"label":" ","price":5.3},{"type":"B","date":"2018-03-26T02:51:41.000Z","volume":6000,"label":" ","price":5.3},{"type":"B","date":"2018-03-26T02:51:50.000Z","volume":12000,"label":" ","price":5.3},{"type":"A","date":"2018-03-26T02:51:50.000Z","volume":2000,"label":" ","price":5.31},{"type":"B","date":"2018-03-26T02:51:57.000Z","volume":3000,"label":"Y","price":5.3},{"type":"B","date":"2018-03-26T02:51:57.000Z","volume":8000,"label":" ","price":5.3},{"type":"B","date":"2018-03-26T02:52:05.000Z","volume":2000,"label":" ","price":5.3},{"type":"A","date":"2018-03-26T02:52:26.000Z","volume":3000,"label":" ","price":5.31},{"type":"B","date":"2018-03-26T02:52:32.000Z","volume":6000,"label":" ","price":5.3},{"type":"A","date":"2018-03-26T02:52:34.000Z","volume":6000,"label":" ","price":5.31},{"type":"B","date":"2018-03-26T02:52:34.000Z","volume":1000,"label":"Y","price":5.3},{"type":"B","date":"2018-03-26T02:52:34.000Z","volume":19000,"label":" ","price":5.3},{"type":"A","date":"2018-03-26T02:52:35.000Z","volume":2000,"label":" ","price":5.31},{"type":"B","date":"2018-03-26T02:52:40.000Z","volume":160000,"label":" ","price":5.3},{"type":"B","date":"2018-03-26T02:52:41.000Z","volume":11000,"label":" ","price":5.3},{"type":"B","date":"2018-03-26T02:52:41.000Z","volume":6000,"label":" ","price":5.3},{"type":"B","date":"2018-03-26T02:52:41.000Z","volume":6000,"label":" ","price":5.3},{"type":"B","date":"2018-03-26T02:52:41.000Z","volume":6000,"label":" ","price":5.3},{"type":"B","date":"2018-03-26T02:52:41.000Z","volume":6000,"label":" ","price":5.3},{"type":"A","date":"2018-03-26T02:52:41.000Z","volume":2000,"label":" ","price":5.31},{"type":"A","date":"2018-03-26T02:52:42.000Z","volume":6000,"label":" ","price":5.31},{"type":"A","date":"2018-03-26T02:52:43.000Z","volume":1000,"label":" ","price":5.31},{"type":"A","date":"2018-03-26T02:52:43.000Z","volume":12000,"label":" ","price":5.31},{"type":"U","date":"2018-03-26T02:52:44.000Z","volume":1000,"label":"X","price":5.305},{"type":"B","date":"2018-03-26T02:52:45.000Z","volume":1000,"label":" ","price":5.3},{"type":"A","date":"2018-03-26T02:52:48.000Z","volume":10000,"label":" ","price":5.31},{"type":"U","date":"2018-03-26T02:52:49.000Z","volume":1000,"label":"X","price":5.305},{"type":"B","date":"2018-03-26T02:52:58.000Z","volume":14000,"label":" ","price":5.3},{"type":"B","date":"2018-03-26T02:53:06.000Z","volume":2000,"label":" ","price":5.3},{"type":"A","date":"2018-03-26T02:53:07.000Z","volume":7000,"label":" ","price":5.31},{"type":"A","date":"2018-03-26T02:53:07.000Z","volume":2000,"label":" ","price":5.31},{"type":"A","date":"2018-03-26T02:53:08.000Z","volume":7000,"label":"Y","price":5.31},{"type":"U","date":"2018-03-26T02:53:08.000Z","volume":1000,"label":"X","price":5.305},{"type":"A","date":"2018-03-26T02:53:09.000Z","volume":8000,"label":"Y","price":5.31},{"type":"A","date":"2018-03-26T02:53:12.000Z","volume":6000,"label":" ","price":5.31},{"type":"U","date":"2018-03-26T02:53:13.000Z","volume":1000,"label":"X","price":5.305},{"type":"B","date":"2018-03-26T02:53:26.000Z","volume":6000,"label":" ","price":5.3},{"type":"B","date":"2018-03-26T02:53:27.000Z","volume":1000,"label":" ","price":5.3},{"type":"A","date":"2018-03-26T02:53:30.000Z","volume":38000,"label":" ","price":5.31},{"type":"A","date":"2018-03-26T02:53:31.000Z","volume":9000,"label":" ","price":5.31},{"type":"U","date":"2018-03-26T02:53:32.000Z","volume":2000,"label":"X","price":5.305},{"type":"A","date":"2018-03-26T02:53:32.000Z","volume":6000,"label":"Y","price":5.31},{"type":"A","date":"2018-03-26T02:53:32.000Z","volume":7000,"label":" ","price":5.31},{"type":"U","date":"2018-03-26T02:53:34.000Z","volume":1000,"label":"X","price":5.305},{"type":"A","date":"2018-03-26T02:53:37.000Z","volume":150000,"label":" ","price":5.31},{"type":"A","date":"2018-03-26T02:53:37.000Z","volume":21000,"label":" ","price":5.31},{"type":"A","date":"2018-03-26T02:53:37.000Z","volume":2000,"label":" ","price":5.32},{"type":"U","date":"2018-03-26T02:53:39.000Z","volume":1000,"label":"X","price":5.31},{"type":"U","date":"2018-03-26T02:53:39.000Z","volume":9000,"label":"X","price":5.31},{"type":"U","date":"2018-03-26T02:53:52.000Z","volume":4000,"label":" ","price":5.31},{"type":"U","date":"2018-03-26T02:53:52.000Z","volume":1000,"label":" ","price":5.31},{"type":"U","date":"2018-03-26T02:53:52.000Z","volume":3000,"label":" ","price":5.31},{"type":"B","date":"2018-03-26T02:53:58.000Z","volume":13000,"label":" ","price":5.31},{"type":"B","date":"2018-03-26T02:54:07.000Z","volume":61000,"label":"Y","price":5.31},{"type":"B","date":"2018-03-26T02:54:07.000Z","volume":9000,"label":" ","price":5.31},{"type":"A","date":"2018-03-26T02:54:07.000Z","volume":22000,"label":"Y","price":5.31},{"type":"U","date":"2018-03-26T02:54:08.000Z","volume":1000,"label":"X","price":5.305},{"type":"A","date":"2018-03-26T02:54:08.000Z","volume":9000,"label":" ","price":5.31},{"type":"U","date":"2018-03-26T02:54:10.000Z","volume":1000,"label":"X","price":5.31},{"type":"B","date":"2018-03-26T02:54:11.000Z","volume":176000,"label":" ","price":5.3},{"type":"B","date":"2018-03-26T02:54:13.000Z","volume":280000,"label":" ","price":5.3},{"type":"B","date":"2018-03-26T02:54:13.000Z","volume":259000,"label":" ","price":5.3},{"type":"A","date":"2018-03-26T02:54:13.000Z","volume":40000,"label":"Y","price":5.31},{"type":"A","date":"2018-03-26T02:54:25.000Z","volume":2000,"label":" ","price":5.31},{"type":"A","date":"2018-03-26T02:54:39.000Z","volume":5000,"label":" ","price":5.31},{"type":"A","date":"2018-03-26T02:54:45.000Z","volume":87000,"label":" ","price":5.31},{"type":"U","date":"2018-03-26T02:54:46.000Z","volume":1000,"label":"X","price":5.315},{"type":"B","date":"2018-03-26T02:54:58.000Z","volume":11000,"label":" ","price":5.31},{"type":"B","date":"2018-03-26T02:55:08.000Z","volume":2000,"label":" ","price":5.31},{"type":"B","date":"2018-03-26T02:55:14.000Z","volume":271000,"label":" ","price":5.31},{"type":"B","date":"2018-03-26T02:55:14.000Z","volume":1000,"label":" ","price":5.31},{"type":"B","date":"2018-03-26T02:55:14.000Z","volume":12000,"label":" ","price":5.31},{"type":"B","date":"2018-03-26T02:55:14.000Z","volume":1000,"label":" ","price":5.31},{"type":"B","date":"2018-03-26T02:55:14.000Z","volume":6000,"label":" ","price":5.31},{"type":"B","date":"2018-03-26T02:55:14.000Z","volume":9000,"label":" ","price":5.31},{"type":"B","date":"2018-03-26T02:55:14.000Z","volume":7000,"label":" ","price":5.31},{"type":"B","date":"2018-03-26T02:55:15.000Z","volume":17000,"label":" ","price":5.31},{"type":"B","date":"2018-03-26T02:55:15.000Z","volume":7000,"label":" ","price":5.31},{"type":"B","date":"2018-03-26T02:55:20.000Z","volume":1000,"label":" ","price":5.31},{"type":"B","date":"2018-03-26T02:55:58.000Z","volume":13000,"label":" ","price":5.31},{"type":"B","date":"2018-03-26T02:56:10.000Z","volume":2000,"label":" ","price":5.31},{"type":"B","date":"2018-03-26T02:56:18.000Z","volume":1000,"label":" ","price":5.31},{"type":"B","date":"2018-03-26T02:56:18.000Z","volume":1000,"label":" ","price":5.31},{"type":"B","date":"2018-03-26T02:56:18.000Z","volume":1000,"label":" ","price":5.31},{"type":"B","date":"2018-03-26T02:56:44.000Z","volume":11000,"label":" ","price":5.31},{"type":"B","date":"2018-03-26T02:56:44.000Z","volume":1000,"label":" ","price":5.31},{"type":"B","date":"2018-03-26T02:56:44.000Z","volume":8000,"label":" ","price":5.31},{"type":"B","date":"2018-03-26T02:56:44.000Z","volume":4000,"label":" ","price":5.31},{"type":"B","date":"2018-03-26T02:56:44.000Z","volume":4000,"label":" ","price":5.31},{"type":"B","date":"2018-03-26T02:56:44.000Z","volume":8000,"label":" ","price":5.31},{"type":"B","date":"2018-03-26T02:56:45.000Z","volume":1000,"label":" ","price":5.31},{"type":"B","date":"2018-03-26T02:56:58.000Z","volume":13000,"label":" ","price":5.31},{"type":"U","date":"2018-03-26T02:56:58.000Z","volume":1000,"label":"X","price":5.315},{"type":"B","date":"2018-03-26T02:57:12.000Z","volume":2000,"label":" ","price":5.31},{"type":"B","date":"2018-03-26T02:57:18.000Z","volume":1000,"label":" ","price":5.31},{"type":"B","date":"2018-03-26T02:57:23.000Z","volume":4000,"label":" ","price":5.31},{"type":"B","date":"2018-03-26T02:57:58.000Z","volume":5000,"label":"Y","price":5.31},{"type":"B","date":"2018-03-26T02:57:58.000Z","volume":8000,"label":" ","price":5.31},{"type":"B","date":"2018-03-26T02:57:59.000Z","volume":5000,"label":" ","price":5.31},{"type":"B","date":"2018-03-26T02:58:12.000Z","volume":3000,"label":" ","price":5.31},{"type":"B","date":"2018-03-26T02:58:12.000Z","volume":377000,"label":" ","price":5.31},{"type":"B","date":"2018-03-26T02:58:12.000Z","volume":643000,"label":" ","price":5.3},{"type":"A","date":"2018-03-26T02:58:13.000Z","volume":39000,"label":" ","price":5.31},{"type":"A","date":"2018-03-26T02:58:13.000Z","volume":2000,"label":" ","price":5.31},{"type":"B","date":"2018-03-26T02:58:14.000Z","volume":3000,"label":" ","price":5.3},{"type":"B","date":"2018-03-26T02:58:14.000Z","volume":19000,"label":" ","price":5.3},{"type":"B","date":"2018-03-26T02:58:14.000Z","volume":12000,"label":" ","price":5.3},{"type":"A","date":"2018-03-26T02:58:50.000Z","volume":7000,"label":" ","price":5.31},{"type":"B","date":"2018-03-26T02:58:58.000Z","volume":12000,"label":" ","price":5.3},{"type":"B","date":"2018-03-26T02:58:58.000Z","volume":1000,"label":" ","price":5.3},{"type":"B","date":"2018-03-26T02:59:13.000Z","volume":2000,"label":" ","price":5.3},{"type":"B","date":"2018-03-26T02:59:35.000Z","volume":1000,"label":" ","price":5.3},{"type":"A","date":"2018-03-26T02:59:42.000Z","volume":155000,"label":" ","price":5.31},{"type":"B","date":"2018-03-26T02:59:42.000Z","volume":1000,"label":" ","price":5.31},{"type":"B","date":"2018-03-26T02:59:43.000Z","volume":17000,"label":" ","price":5.31},{"type":"B","date":"2018-03-26T02:59:43.000Z","volume":5000,"label":" ","price":5.31},{"type":"B","date":"2018-03-26T02:59:43.000Z","volume":5000,"label":" ","price":5.31},{"type":"B","date":"2018-03-26T02:59:43.000Z","volume":1000,"label":" ","price":5.31},{"type":"B","date":"2018-03-26T02:59:43.000Z","volume":5000,"label":" ","price":5.31},{"type":"B","date":"2018-03-26T02:59:43.000Z","volume":1000,"label":" ","price":5.31},{"type":"B","date":"2018-03-26T02:59:43.000Z","volume":3000,"label":" ","price":5.31},{"type":"B","date":"2018-03-26T02:59:43.000Z","volume":2000,"label":" ","price":5.31},{"type":"B","date":"2018-03-26T02:59:43.000Z","volume":2000,"label":" ","price":5.31},{"type":"U","date":"2018-03-26T02:59:44.000Z","volume":1000,"label":"X","price":5.315},{"type":"U","date":"2018-03-26T02:59:47.000Z","volume":1000,"label":"X","price":5.315},{"type":"B","date":"2018-03-26T02:59:48.000Z","volume":1000,"label":" ","price":5.31},{"type":"A","date":"2018-03-26T02:59:50.000Z","volume":51000,"label":" ","price":5.32},{"type":"A","date":"2018-03-26T02:59:52.000Z","volume":7000,"label":"Y","price":5.32},{"type":"B","date":"2018-03-26T02:59:58.000Z","volume":11000,"label":" ","price":5.31},{"type":"B","date":"2018-03-26T03:00:15.000Z","volume":2000,"label":" ","price":5.31},{"type":"B","date":"2018-03-26T03:00:27.000Z","volume":1000,"label":" ","price":5.31},{"type":"B","date":"2018-03-26T03:00:30.000Z","volume":2000,"label":" ","price":5.31},{"type":"B","date":"2018-03-26T03:00:58.000Z","volume":8000,"label":"Y","price":5.31},{"type":"B","date":"2018-03-26T03:00:58.000Z","volume":5000,"label":" ","price":5.31},{"type":"B","date":"2018-03-26T03:01:00.000Z","volume":1000,"label":" ","price":5.31},{"type":"B","date":"2018-03-26T03:01:16.000Z","volume":2000,"label":" ","price":5.31},{"type":"B","date":"2018-03-26T03:01:42.000Z","volume":1000,"label":" ","price":5.31},{"type":"B","date":"2018-03-26T03:01:48.000Z","volume":1000,"label":" ","price":5.31},{"type":"B","date":"2018-03-26T03:01:48.000Z","volume":1000,"label":" ","price":5.31},{"type":"B","date":"2018-03-26T03:01:49.000Z","volume":1000,"label":" ","price":5.31},{"type":"B","date":"2018-03-26T03:01:57.000Z","volume":4000,"label":"Y","price":5.31},{"type":"B","date":"2018-03-26T03:01:57.000Z","volume":8000,"label":" ","price":5.31},{"type":"B","date":"2018-03-26T03:01:58.000Z","volume":1000,"label":" ","price":5.31},{"type":"B","date":"2018-03-26T03:02:03.000Z","volume":1000,"label":" ","price":5.31},{"type":"B","date":"2018-03-26T03:02:13.000Z","volume":1000,"label":" ","price":5.31},{"type":"B","date":"2018-03-26T03:02:17.000Z","volume":2000,"label":" ","price":5.31},{"type":"A","date":"2018-03-26T03:02:33.000Z","volume":79000,"label":" ","price":5.32},{"type":"B","date":"2018-03-26T03:02:34.000Z","volume":7000,"label":" ","price":5.32},{"type":"B","date":"2018-03-26T03:02:34.000Z","volume":3000,"label":" ","price":5.32},{"type":"B","date":"2018-03-26T03:02:34.000Z","volume":3000,"label":" ","price":5.32},{"type":"B","date":"2018-03-26T03:02:34.000Z","volume":3000,"label":" ","price":5.32},{"type":"B","date":"2018-03-26T03:02:34.000Z","volume":5000,"label":" ","price":5.32},{"type":"B","date":"2018-03-26T03:02:34.000Z","volume":2000,"label":" ","price":5.32},{"type":"B","date":"2018-03-26T03:02:57.000Z","volume":12000,"label":"Y","price":5.32},{"type":"B","date":"2018-03-26T03:02:57.000Z","volume":1000,"label":" ","price":5.32},{"type":"B","date":"2018-03-26T03:03:01.000Z","volume":1000,"label":" ","price":5.32},{"type":"B","date":"2018-03-26T03:03:19.000Z","volume":1000,"label":" ","price":5.32},{"type":"B","date":"2018-03-26T03:03:19.000Z","volume":3000,"label":" ","price":5.32},{"type":"B","date":"2018-03-26T03:03:33.000Z","volume":1000,"label":" ","price":5.32},{"type":"B","date":"2018-03-26T03:03:34.000Z","volume":54000,"label":" ","price":5.32},{"type":"A","date":"2018-03-26T03:03:35.000Z","volume":2000,"label":" ","price":5.32},{"type":"B","date":"2018-03-26T03:03:58.000Z","volume":11000,"label":" ","price":5.31},{"type":"B","date":"2018-03-26T03:04:00.000Z","volume":1000,"label":" ","price":5.31},{"type":"B","date":"2018-03-26T03:04:00.000Z","volume":2000,"label":" ","price":5.31},{"type":"B","date":"2018-03-26T03:04:03.000Z","volume":1000,"label":" ","price":5.31},{"type":"B","date":"2018-03-26T03:04:18.000Z","volume":1000,"label":" ","price":5.31},{"type":"B","date":"2018-03-26T03:04:20.000Z","volume":2000,"label":" ","price":5.31},{"type":"B","date":"2018-03-26T03:04:22.000Z","volume":1000,"label":" ","price":5.31},{"type":"B","date":"2018-03-26T03:04:31.000Z","volume":2000,"label":" ","price":5.31},{"type":"B","date":"2018-03-26T03:04:31.000Z","volume":10000,"label":" ","price":5.31},{"type":"B","date":"2018-03-26T03:04:31.000Z","volume":6000,"label":" ","price":5.31},{"type":"B","date":"2018-03-26T03:04:31.000Z","volume":6000,"label":" ","price":5.31},{"type":"B","date":"2018-03-26T03:04:31.000Z","volume":6000,"label":" ","price":5.31},{"type":"B","date":"2018-03-26T03:04:31.000Z","volume":6000,"label":" ","price":5.3},{"type":"U","date":"2018-03-26T03:04:31.000Z","volume":1000,"label":"X","price":5.31},{"type":"A","date":"2018-03-26T03:04:32.000Z","volume":2000,"label":" ","price":5.31},{"type":"A","date":"2018-03-26T03:04:42.000Z","volume":84000,"label":" ","price":5.31},{"type":"B","date":"2018-03-26T03:04:58.000Z","volume":12000,"label":" ","price":5.3},{"type":"B","date":"2018-03-26T03:05:01.000Z","volume":441000,"label":" ","price":5.3},{"type":"A","date":"2018-03-26T03:05:03.000Z","volume":45000,"label":" ","price":5.3},{"type":"A","date":"2018-03-26T03:05:04.000Z","volume":91000,"label":" ","price":5.3},{"type":"A","date":"2018-03-26T03:05:06.000Z","volume":20000,"label":" ","price":5.3},{"type":"B","date":"2018-03-26T03:05:22.000Z","volume":2000,"label":" ","price":5.29},{"type":"A","date":"2018-03-26T03:05:31.000Z","volume":5000,"label":"Y","price":5.3},{"type":"B","date":"2018-03-26T03:05:58.000Z","volume":12000,"label":" ","price":5.29},{"type":"A","date":"2018-03-26T03:06:02.000Z","volume":5000,"label":" ","price":5.3}