[{"type":"U","date":"2018-03-22T01:20:00.000Z","volume":10000,"label":"U","price":24},{"type":"B","date":"2018-03-22T01:30:02.000Z","volume":500,"label":" ","price":23.75},{"type":"B","date":"2018-03-22T01:30:02.000Z","volume":3500,"label":" ","price":23.75},{"type":"U","date":"2018-03-22T01:30:02.000Z","volume":95,"label":"D","price":24},{"type":"A","date":"2018-03-22T01:30:02.000Z","volume":500,"label":" ","price":23.95},{"type":"U","date":"2018-03-22T01:30:03.000Z","volume":500,"label":" ","price":23.75},{"type":"A","date":"2018-03-22T01:30:30.000Z","volume":3000,"label":" ","price":23.9},{"type":"B","date":"2018-03-22T01:30:30.000Z","volume":500,"label":" ","price":23.8},{"type":"A","date":"2018-03-22T01:30:30.000Z","volume":500,"label":" ","price":23.9},{"type":"A","date":"2018-03-22T01:30:30.000Z","volume":500,"label":" ","price":23.85},{"type":"B","date":"2018-03-22T01:30:31.000Z","volume":500,"label":" ","price":23.8},{"type":"A","date":"2018-03-22T01:30:31.000Z","volume":500,"label":" ","price":23.85},{"type":"B","date":"2018-03-22T01:30:31.000Z","volume":500,"label":" ","price":23.8},{"type":"B","date":"2018-03-22T01:30:33.000Z","volume":500,"label":" ","price":23.8},{"type":"A","date":"2018-03-22T01:30:52.000Z","volume":500,"label":" ","price":23.85},{"type":"A","date":"2018-03-22T01:32:32.000Z","volume":13000,"label":" ","price":23.85},{"type":"A","date":"2018-03-22T01:32:32.000Z","volume":500,"label":"Y","price":23.9},{"type":"A","date":"2018-03-22T01:32:32.000Z","volume":1000,"label":" ","price":23.9},{"type":"A","date":"2018-03-22T01:32:32.000Z","volume":500,"label":"Y","price":23.9},{"type":"A","date":"2018-03-22T01:32:32.000Z","volume":2000,"label":" ","price":23.9},{"type":"A","date":"2018-03-22T01:32:32.000Z","volume":500,"label":"Y","price":23.85},{"type":"A","date":"2018-03-22T01:32:32.000Z","volume":1000,"label":" ","price":23.9},{"type":"B","date":"2018-03-22T01:32:34.000Z","volume":500,"label":" ","price":23.85},{"type":"A","date":"2018-03-22T01:32:41.000Z","volume":1000,"label":" ","price":23.9},{"type":"A","date":"2018-03-22T01:32:41.000Z","volume":500,"label":" ","price":23.9},{"type":"A","date":"2018-03-22T01:32:41.000Z","volume":500,"label":" ","price":23.9},{"type":"A","date":"2018-03-22T01:32:41.000Z","volume":500,"label":" ","price":23.9},{"type":"A","date":"2018-03-22T01:32:41.000Z","volume":500,"label":" ","price":23.9},{"type":"B","date":"2018-03-22T01:32:42.000Z","volume":500,"label":" ","price":23.85},{"type":"A","date":"2018-03-22T01:32:51.000Z","volume":3000,"label":" ","price":23.9},{"type":"A","date":"2018-03-22T01:32:53.000Z","volume":500,"label":" ","price":23.95},{"type":"U","date":"2018-03-22T01:32:53.000Z","volume":500,"label":" ","price":23.9},{"type":"B","date":"2018-03-22T01:33:16.000Z","volume":5000,"label":" ","price":23.9},{"type":"B","date":"2018-03-22T01:33:16.000Z","volume":500,"label":" ","price":23.9},{"type":"B","date":"2018-03-22T01:33:18.000Z","volume":500,"label":" ","price":23.9},{"type":"A","date":"2018-03-22T01:34:10.000Z","volume":8000,"label":" ","price":23.95},{"type":"A","date":"2018-03-22T01:34:10.000Z","volume":1000,"label":" ","price":24},{"type":"A","date":"2018-03-22T01:34:11.000Z","volume":500,"label":"Y","price":24},{"type":"A","date":"2018-03-22T01:34:11.000Z","volume":16000,"label":" ","price":24},{"type":"B","date":"2018-03-22T01:34:12.000Z","volume":1500,"label":" ","price":23.9},{"type":"A","date":"2018-03-22T01:34:15.000Z","volume":3500,"label":" ","price":24.05},{"type":"A","date":"2018-03-22T01:34:15.000Z","volume":500,"label":"Y","price":24.05},{"type":"A","date":"2018-03-22T01:34:16.000Z","volume":500,"label":" ","price":24.05},{"type":"U","date":"2018-03-22T01:34:18.000Z","volume":500,"label":" ","price":24.15},{"type":"B","date":"2018-03-22T01:34:20.000Z","volume":5000,"label":" ","price":24.15},{"type":"B","date":"2018-03-22T01:34:24.000Z","volume":3500,"label":" ","price":24.15},{"type":"B","date":"2018-03-22T01:34:24.000Z","volume":2500,"label":" ","price":24.1},{"type":"B","date":"2018-03-22T01:34:26.000Z","volume":500,"label":" ","price":24.05},{"type":"A","date":"2018-03-22T01:34:32.000Z","volume":500,"label":"Y","price":24.15},{"type":"B","date":"2018-03-22T01:34:41.000Z","volume":2500,"label":" ","price":24.05},{"type":"B","date":"2018-03-22T01:34:41.000Z","volume":2000,"label":" ","price":24},{"type":"B","date":"2018-03-22T01:34:41.000Z","volume":500,"label":" ","price":23.95},{"type":"B","date":"2018-03-22T01:34:42.000Z","volume":500,"label":" ","price":23.95},{"type":"U","date":"2018-03-22T01:35:20.000Z","volume":1000,"label":"X","price":23.961},{"type":"B","date":"2018-03-22T01:35:33.000Z","volume":5000,"label":" ","price":24},{"type":"B","date":"2018-03-22T01:35:33.000Z","volume":1500,"label":" ","price":24},{"type":"B","date":"2018-03-22T01:35:35.000Z","volume":1000,"label":" ","price":23.95},{"type":"A","date":"2018-03-22T01:36:39.000Z","volume":9000,"label":" ","price":24.05},{"type":"A","date":"2018-03-22T01:36:39.000Z","volume":1000,"label":" ","price":24.1},{"type":"A","date":"2018-03-22T01:36:39.000Z","volume":500,"label":"Y","price":24.1},{"type":"A","date":"2018-03-22T01:36:39.000Z","volume":5000,"label":" ","price":24.1},{"type":"A","date":"2018-03-22T01:36:39.000Z","volume":500,"label":" ","price":24.05},{"type":"B","date":"2018-03-22T01:37:33.000Z","volume":2500,"label":" ","price":24.1},{"type":"A","date":"2018-03-22T01:37:37.000Z","volume":1000,"label":" ","price":24.15},{"type":"U","date":"2018-03-22T01:37:40.000Z","volume":2000,"label":" ","price":24.1},{"type":"B","date":"2018-03-22T01:37:41.000Z","volume":500,"label":" ","price":24.05},{"type":"A","date":"2018-03-22T01:38:34.000Z","volume":2500,"label":" ","price":24.15},{"type":"B","date":"2018-03-22T01:38:37.000Z","volume":3000,"label":" ","price":24.1},{"type":"B","date":"2018-03-22T01:38:37.000Z","volume":500,"label":" ","price":24.1},{"type":"A","date":"2018-03-22T01:39:35.000Z","volume":4000,"label":" ","price":24.15},{"type":"A","date":"2018-03-22T01:39:50.000Z","volume":2000,"label":" ","price":24.15},{"type":"A","date":"2018-03-22T01:40:24.000Z","volume":1500,"label":" ","price":24.15},{"type":"A","date":"2018-03-22T01:40:24.000Z","volume":2000,"label":" ","price":24.15},{"type":"B","date":"2018-03-22T01:40:24.000Z","volume":1500,"label":" ","price":24.1},{"type":"B","date":"2018-03-22T01:40:25.000Z","volume":500,"label":" ","price":24.1},{"type":"U","date":"2018-03-22T01:40:53.000Z","volume":1500,"label":" ","price":24.15},{"type":"B","date":"2018-03-22T01:40:54.000Z","volume":500,"label":" ","price":24.1},{"type":"A","date":"2018-03-22T01:41:40.000Z","volume":500,"label":" ","price":24.15},{"type":"A","date":"2018-03-22T01:41:49.000Z","volume":500,"label":" ","price":24.15},{"type":"B","date":"2018-03-22T01:42:00.000Z","volume":500,"label":" ","price":24.1},{"type":"A","date":"2018-03-22T01:42:05.000Z","volume":500,"label":" ","price":24.15},{"type":"A","date":"2018-03-22T01:42:32.000Z","volume":1000,"label":" ","price":24.15},{"type":"B","date":"2018-03-22T01:42:32.000Z","volume":5000,"label":" ","price":24.1},{"type":"B","date":"2018-03-22T01:42:34.000Z","volume":500,"label":" ","price":24.1},{"type":"A","date":"2018-03-22T01:42:34.000Z","volume":500,"label":" ","price":24.15},{"type":"B","date":"2018-03-22T01:42:34.000Z","volume":1000,"label":" ","price":24.1},{"type":"B","date":"2018-03-22T01:42:35.000Z","volume":6000,"label":" ","price":24.1},{"type":"B","date":"2018-03-22T01:42:36.000Z","volume":1000,"label":" ","price":24.05},{"type":"B","date":"2018-03-22T01:42:45.000Z","volume":500,"label":" ","price":24.05},{"type":"B","date":"2018-03-22T01:43:00.000Z","volume":6000,"label":" ","price":24.05},{"type":"B","date":"2018-03-22T01:43:00.000Z","volume":3000,"label":" ","price":24},{"type":"B","date":"2018-03-22T01:43:00.000Z","volume":2500,"label":" ","price":23.95},{"type":"B","date":"2018-03-22T01:43:00.000Z","volume":6000,"label":" ","price":24},{"type":"B","date":"2018-03-22T01:43:00.000Z","volume":2000,"label":" ","price":23.9},{"type":"B","date":"2018-03-22T01:43:00.000Z","volume":1500,"label":" ","price":23.9},{"type":"U","date":"2018-03-22T01:43:00.000Z","volume":500,"label":" ","price":23.95},{"type":"B","date":"2018-03-22T01:43:00.000Z","volume":5000,"label":" ","price":23.9},{"type":"A","date":"2018-03-22T01:43:01.000Z","volume":5500,"label":" ","price":24},{"type":"U","date":"2018-03-22T01:43:03.000Z","volume":3000,"label":" ","price":24},{"type":"A","date":"2018-03-22T01:43:15.000Z","volume":6500,"label":" ","price":24},{"type":"A","date":"2018-03-22T01:43:16.000Z","volume":3000,"label":" ","price":24},{"type":"U","date":"2018-03-22T01:43:17.000Z","volume":500,"label":" ","price":23.95},{"type":"A","date":"2018-03-22T01:44:47.000Z","volume":2000,"label":" ","price":24.05},{"type":"A","date":"2018-03-22T01:44:47.000Z","volume":1000,"label":" ","price":24.05},{"type":"B","date":"2018-03-22T01:45:15.000Z","volume":500,"label":"Y","price":24},{"type":"A","date":"2018-03-22T01:45:54.000Z","volume":5000,"label":" ","price":24.05},{"type":"A","date":"2018-03-22T01:45:56.000Z","volume":500,"label":" ","price":24.05},{"type":"A","date":"2018-03-22T01:45:56.000Z","volume":500,"label":" ","price":24.05},{"type":"A","date":"2018-03-22T01:45:56.000Z","volume":500,"label":" ","price":24.05},{"type":"A","date":"2018-03-22T01:45:56.000Z","volume":500,"label":" ","price":24.05},{"type":"A","date":"2018-03-22T01:45:56.000Z","volume":500,"label":" ","price":24.05},{"type":"A","date":"2018-03-22T01:45:56.000Z","volume":1000,"label":" ","price":24.05},{"type":"A","date":"2018-03-22T01:45:56.000Z","volume":500,"label":" ","price":24.05},{"type":"A","date":"2018-03-22T01:45:56.000Z","volume":500,"label":" ","price":24.05},{"type":"A","date":"2018-03-22T01:46:53.000Z","volume":500,"label":" ","price":24.05},{"type":"B","date":"2018-03-22T01:47:00.000Z","volume":6500,"label":" ","price":24},{"type":"B","date":"2018-03-22T01:47:03.000Z","volume":1500,"label":" ","price":24},{"type":"B","date":"2018-03-22T01:47:05.000Z","volume":1500,"label":" ","price":24},{"type":"A","date":"2018-03-22T01:47:08.000Z","volume":4000,"label":" ","price":24},{"type":"A","date":"2018-03-22T01:47:08.000Z","volume":3500,"label":" ","price":24},{"type":"A","date":"2018-03-22T01:47:10.000Z","volume":1500,"label":" ","price":24},{"type":"A","date":"2018-03-22T01:47:17.000Z","volume":1000,"label":" ","price":24},{"type":"A","date":"2018-03-22T01:47:17.000Z","volume":1000,"label":" ","price":24},{"type":"A","date":"2018-03-22T01:47:23.000Z","volume":500,"label":" ","price":24.05},{"type":"U","date":"2018-03-22T01:47:37.000Z","volume":500,"label":" ","price":24},{"type":"B","date":"2018-03-22T01:47:57.000Z","volume":500,"label":" ","price":23.95},{"type":"U","date":"2018-03-22T01:48:00.000Z","volume":500,"label":" ","price":24},{"type":"A","date":"2018-03-22T01:48:02.000Z","volume":500,"label":" ","price":24.05},{"type":"A","date":"2018-03-22T01:48:09.000Z","volume":18500,"label":" ","price":24.05},{"type":"A","date":"2018-03-22T01:48:09.000Z","volume":1500,"label":" ","price":24.05},{"type":"B","date":"2018-03-22T01:48:09.000Z","volume":500,"label":" ","price":24.05},{"type":"B","date":"2018-03-22T01:48:27.000Z","volume":500,"label":" ","price":23.95},{"type":"B","date":"2018-03-22T01:48:32.000Z","volume":500,"label":" ","price":23.95},{"type":"B","date":"2018-03-22T01:49:46.000Z","volume":500,"label":"Y","price":24},{"type":"B","date":"2018-03-22T01:49:46.000Z","volume":3000,"label":" ","price":24},{"type":"A","date":"2018-03-22T01:49:48.000Z","volume":500,"label":" ","price":24},{"type":"A","date":"2018-03-22T01:49:48.000Z","volume":1000,"label":" ","price":24},{"type":"A","date":"2018-03-22T01:49:48.000Z","volume":500,"label":" ","price":24},{"type":"A","date":"2018-03-22T01:49:48.000Z","volume":500,"label":" ","price":24},{"type":"A","date":"2018-03-22T01:49:48.000Z","volume":1000,"label":" ","price":24},{"type":"A","date":"2018-03-22T01:49:48.000Z","volume":500,"label":" ","price":24},{"type":"A","date":"2018-03-22T01:49:57.000Z","volume":1000,"label":" ","price":24},{"type":"B","date":"2018-03-22T01:51:01.000Z","volume":2000,"label":" ","price":24},{"type":"A","date":"2018-03-22T01:51:26.000Z","volume":500,"label":" ","price":24.05},{"type":"A","date":"2018-03-22T01:52:13.000Z","volume":2000,"label":" ","price":24.05},{"type":"A","date":"2018-03-22T01:52:29.000Z","volume":1000,"label":" ","price":24.05},{"type":"A","date":"2018-03-22T01:53:17.000Z","volume":500,"label":" ","price":24.05},{"type":"A","date":"2018-03-22T01:53:32.000Z","volume":500,"label":"Y","price":24.05},{"type":"B","date":"2018-03-22T01:53:35.000Z","volume":500,"label":"Y","price":24},{"type":"B","date":"2018-03-22T01:53:35.000Z","volume":500,"label":" ","price":24},{"type":"B","date":"2018-03-22T01:53:52.000Z","volume":6000,"label":" ","price":24},{"type":"B","date":"2018-03-22T01:53:52.000Z","volume":27000,"label":" ","price":24},{"type":"B","date":"2018-03-22T01:53:52.000Z","volume":9500,"label":" ","price":24},{"type":"B","date":"2018-03-22T01:53:52.000Z","volume":24500,"label":" ","price":24},{"type":"B","date":"2018-03-22T01:53:53.000Z","volume":6000,"label":" ","price":24},{"type":"U","date":"2018-03-22T01:53:53.000Z","volume":500,"label":" ","price":24},{"type":"B","date":"2018-03-22T01:53:53.000Z","volume":2000,"label":" ","price":23.95},{"type":"U","date":"2018-03-22T01:53:55.000Z","volume":500,"label":" ","price":23.95},{"type":"A","date":"2018-03-22T01:53:58.000Z","volume":1000,"label":"Y","price":24},{"type":"A","date":"2018-03-22T01:53:58.000Z","volume":2000,"label":" ","price":24},{"type":"A","date":"2018-03-22T01:54:00.000Z","volume":500,"label":" ","price":24},{"type":"A","date":"2018-03-22T01:54:00.000Z","volume":2500,"label":" ","price":24},{"type":"A","date":"2018-03-22T01:54:00.000Z","volume":500,"label":" ","price":24},{"type":"A","date":"2018-03-22T01:54:00.000Z","volume":500,"label":" ","price":24},{"type":"U","date":"2018-03-22T01:54:02.000Z","volume":500,"label":" ","price":23.95},{"type":"B","date":"2018-03-22T01:54:02.000Z","volume":500,"label":" ","price":23.95},{"type":"A","date":"2018-03-22T01:54:06.000Z","volume":1000,"label":"Y","price":24},{"type":"U","date":"2018-03-22T01:54:12.000Z","volume":500,"label":"X","price":24.001},{"type":"A","date":"2018-03-22T01:54:13.000Z","volume":500,"label":"Y","price":24},{"type":"B","date":"2018-03-22T01:54:20.000Z","volume":2500,"label":" ","price":23.95},{"type":"B","date":"2018-03-22T01:54:23.000Z","volume":1000,"label":"Y","price":23.95},{"type":"B","date":"2018-03-22T01:54:23.000Z","volume":1500,"label":" ","price":23.95},{"type":"B","date":"2018-03-22T01:54:24.000Z","volume":500,"label":" ","price":23.95},{"type":"A","date":"2018-03-22T01:54:59.000Z","volume":6500,"label":" ","price":23.95},{"type":"A","date":"2018-03-22T01:55:02.000Z","volume":500,"label":" ","price":23.95},{"type":"B","date":"2018-03-22T01:55:38.000Z","volume":6000,"label":" ","price":23.9},{"type":"B","date":"2018-03-22T01:55:38.000Z","volume":500,"label":" ","price":23.9},{"type":"B","date":"2018-03-22T01:55:38.000Z","volume":500,"label":" ","price":23.9},{"type":"B","date":"2018-03-22T01:56:29.000Z","volume":500,"label":" ","price":23.85},{"type":"A","date":"2018-03-22T01:56:31.000Z","volume":500,"label":" ","price":23.9},{"type":"B","date":"2018-03-22T01:56:38.000Z","volume":500,"label":" ","price":23.85},{"type":"B","date":"2018-03-22T01:56:48.000Z","volume":19500,"label":" ","price":23.85},{"type":"B","date":"2018-03-22T01:56:48.000Z","volume":4500,"label":" ","price":23.8},{"type":"U","date":"2018-03-22T01:56:49.000Z","volume":500,"label":" ","price":23.8},{"type":"U","date":"2018-03-22T01:56:50.000Z","volume":500,"label":" ","price":23.8},{"type":"B","date":"2018-03-22T01:57:29.000Z","volume":2500,"label":"Y","price":23.75},{"type":"B","date":"2018-03-22T01:57:29.000Z","volume":6500,"label":" ","price":23.75},{"type":"B","date":"2018-03-22T01:57:36.000Z","volume":3000,"label":" ","price":23.7},{"type":"B","date":"2018-03-22T01:57:36.000Z","volume":2000,"label":" ","price":23.7},{"type":"B","date":"2018-03-22T01:57:36.000Z","volume":500,"label":" ","price":23.7},{"type":"A","date":"2018-03-22T01:57:37.000Z","volume":4000,"label":" ","price":23.75},{"type":"A","date":"2018-03-22T01:57:39.000Z","volume":500,"label":" ","price":23.8},{"type":"A","date":"2018-03-22T01:57:39.000Z","volume":500,"label":" ","price":23.8},{"type":"B","date":"2018-03-22T01:57:41.000Z","volume":1000,"label":" ","price":23.75},{"type":"B","date":"2018-03-22T01:57:52.000Z","volume":4000,"label":" ","price":23.7},{"type":"B","date":"2018-03-22T01:57:52.000Z","volume":1000,"label":" ","price":23.7},{"type":"A","date":"2018-03-22T01:57:54.000Z","volume":500,"label":" ","price":23.7},{"type":"A","date":"2018-03-22T01:57:54.000Z","volume":1500,"label":" ","price":23.7},{"type":"U","date":"2018-03-22T01:57:58.000Z","volume":1000,"label":"X","price":23.7},{"type":"U","date":"2018-03-22T01:57:58.000Z","volume":1500,"label":"X","price":23.7},{"type":"U","date":"2018-03-22T01:57:58.000Z","volume":2500,"label":"X","price":23.7},{"type":"B","date":"2018-03-22T01:58:18.000Z","volume":1000,"label":" ","price":23.7},{"type":"A","date":"2018-03-22T01:58:33.000Z","volume":17000,"label":" ","price":23.7},{"type":"A","date":"2018-03-22T01:58:36.000Z","volume":2500,"label":" ","price":23.7},{"type":"A","date":"2018-03-22T01:58:36.000Z","volume":500,"label":" ","price":23.7},{"type":"A","date":"2018-03-22T01:58:44.000Z","volume":500,"label":" ","price":23.7},{"type":"A","date":"2018-03-22T01:58:51.000Z","volume":1500,"label":" ","price":23.7},{"type":"A","date":"2018-03-22T01:59:44.000Z","volume":2500,"label":" ","price":23.7},{"type":"A","date":"2018-03-22T01:59:44.000Z","volume":500,"label":" ","price":23.7},{"type":"A","date":"2018-03-22T01:59:51.000Z","volume":500,"label":" ","price":23.7},{"type":"A","date":"2018-03-22T01:59:54.000Z","volume":500,"label":" ","price":23.7},{"type":"A","date":"2018-03-22T02:00:33.000Z","volume":500,"label":" ","price":23.7},{"type":"A","date":"2018-03-22T02:01:03.000Z","volume":2000,"label":" ","price":23.7},{"type":"A","date":"2018-03-22T02:01:03.000Z","volume":500,"label":" ","price":23.7},{"type":"A","date":"2018-03-22T02:01:03.000Z","volume":500,"label":" ","price":23.7},{"type":"A","date":"2018-03-22T02:01:07.000Z","volume":500,"label":"Y","price":23.7},{"type":"A","date":"2018-03-22T02:01:42.000Z","volume":500,"label":" ","price":23.7},{"type":"A","date":"2018-03-22T02:01:45.000Z","volume":500,"label":" ","price":23.7},{"type":"B","date":"2018-03-22T02:01:52.000Z","volume":500,"label":" ","price":23.65},{"type":"B","date":"2018-03-22T02:02:07.000Z","volume":1500,"label":" ","price":23.65},{"type":"A","date":"2018-03-22T02:02:16.000Z","volume":500,"label":" ","price":23.7},{"type":"B","date":"2018-03-22T02:02:16.000Z","volume":1500,"label":" ","price":23.65},{"type":"A","date":"2018-03-22T02:02:22.000Z","volume":500,"label":" ","price":23.7},{"type":"B","date":"2018-03-22T02:02:24.000Z","volume":1500,"label":" ","price":23.65},{"type":"A","date":"2018-03-22T02:02:44.000Z","volume":500,"label":" ","price":23.7},{"type":"A","date":"2018-03-22T02:02:52.000Z","volume":500,"label":" ","price":23.7},{"type":"A","date":"2018-03-22T02:02:59.000Z","volume":500,"label":" ","price":23.7},{"type":"A","date":"2018-03-22T02:03:00.000Z","volume":500,"label":" ","price":23.7},{"type":"A","date":"2018-03-22T02:03:24.000Z","volume":500,"label":" ","price":23.7},{"type":"A","date":"2018-03-22T02:04:17.000Z","volume":500,"label":" ","price":23.7},{"type":"B","date":"2018-03-22T02:05:02.000Z","volume":500,"label":"Y","price":23.65},{"type":"A","date":"2018-03-22T02:05:02.000Z","volume":500,"label":" ","price":23.7},{"type":"B","date":"2018-03-22T02:05:02.000Z","volume":1500,"label":" ","price":23.65},{"type":"A","date":"2018-03-22T02:05:45.000Z","volume":500,"label":"Y","price":23.7},{"type":"A","date":"2018-03-22T02:05:45.000Z","volume":5500,"label":" ","price":23.7},{"type":"A","date":"2018-03-22T02:05:46.000Z","volume":1000,"label":" ","price":23.75},{"type":"A","date":"2018-03-22T02:05:52.000Z","volume":1000,"label":" ","price":23.75},{"type":"A","date":"2018-03-22T02:05:58.000Z","volume":500,"label":" ","price":23.75},{"type":"A","date":"2018-03-22T02:06:00.000Z","volume":500,"label":" ","price":23.75},{"type":"A","date":"2018-03-22T02:06:04.000Z","volume":500,"label":" ","price":23.75},{"type":"A","date":"2018-03-22T02:06:07.000Z","volume":500,"label":"Y","price":23.75},{"type":"A","date":"2018-03-22T02:06:17.000Z","volume":1000,"label":" ","price":23.75},{"type":"A","date":"2018-03-22T02:07:09.000Z","volume":500,"label":" ","price":23.75},{"type":"B","date":"2018-03-22T02:07:43.000Z","volume":500,"label":" ","price":23.7},{"type":"B","date":"2018-03-22T02:07:43.000Z","volume":1000,"label":" ","price":23.7},{"type":"A","date":"2018-03-22T02:07:44.000Z","volume":500,"label":" ","price":23.75},{"type":"A","date":"2018-03-22T02:07:57.000Z","volume":500,"label":" ","price":23.75},{"type":"A","date":"2018-03-22T02:08:08.000Z","volume":4000,"label":" ","price":23.75},{"type":"B","date":"2018-03-22T02:08:10.000Z","volume":500,"label":" ","price":23.75},{"type":"B","date":"2018-03-22T02:08:13.000Z","volume":1000,"label":" ","price":23.75},{"type":"U","date":"2018-03-22T02:08:14.000Z","volume":500,"label":" ","price":23.75},{"type":"A","date":"2018-03-22T02:09:39.000Z","volume":4000,"label":" ","price":23.75},{"type":"A","date":"2018-03-22T02:09:41.000Z","volume":3500,"label":" ","price":23.75},{"type":"A","date":"2018-03-22T02:09:41.000Z","volume":1000,"label":" ","price":23.75},{"type":"A","date":"2018-03-22T02:09:43.000Z","volume":2000,"label":" ","price":23.75},{"type":"A","date":"2018-03-22T02:10:00.000Z","volume":500,"label":" ","price":23.8},{"type":"U","date":"2018-03-22T02:10:09.000Z","volume":500,"label":" ","price":23.75},{"type":"B","date":"2018-03-22T02:10:25.000Z","volume":500,"label":" ","price":23.7},{"type":"U","date":"2018-03-22T02:10:49.000Z","volume":500,"label":" ","price":23.75},{"type":"U","date":"2018-03-22T02:11:38.000Z","volume":500,"label":" ","price":23.75},{"type":"U","date":"2018-03-22T02:11:40.000Z","volume":500,"label":" ","price":23.75},{"type":"U","date":"2018-03-22T02:11:40.000Z","volume":1000,"label":" ","price":23.75},{"type":"A","date":"2018-03-22T02:12:02.000Z","volume":6000,"label":" ","price":23.75},{"type":"A","date":"2018-03-22T02:12:04.000Z","volume":1000,"label":" ","price":23.75},{"type":"A","date":"2018-03-22T02:12:04.000Z","volume":4500,"label":" ","price":23.75},{"type":"A","date":"2018-03-22T02:12:36.000Z","volume":500,"label":" ","price":23.8},{"type":"A","date":"2018-03-22T02:12:41.000Z","volume":500,"label":" ","price":23.8},{"type":"B","date":"2018-03-22T02:12:49.000Z","volume":500,"label":" ","price":23.75},{"type":"B","date":"2018-03-22T02:13:03.000Z","volume":500,"label":"Y","price":23.75},{"type":"B","date":"2018-03-22T02:13:03.000Z","volume":1500,"label":" ","price":23.75},{"type":"B","date":"2018-03-22T02:13:03.000Z","volume":5000,"label":" ","price":23.75},{"type":"U","date":"2018-03-22T02:13:05.000Z","volume":500,"label":" ","price":23.75},{"type":"A","date":"2018-03-22T02:13:38.000Z","volume":500,"label":"Y","price":23.8},{"type":"A","date":"2018-03-22T02:13:38.000Z","volume":500,"label":" ","price":23.8},{"type":"A","date":"2018-03-22T02:13:46.000Z","volume":1000,"label":" ","price":23.8},{"type":"A","date":"2018-03-22T02:13:53.000Z","volume":500,"label":" ","price":23.8},{"type":"A","date":"2018-03-22T02:14:01.000Z","volume":500,"label":" ","price":23.8},{"type":"A","date":"2018-03-22T02:14:04.000Z","volume":500,"label":" ","price":23.8},{"type":"A","date":"2018-03-22T02:14:49.000Z","volume":1000,"label":" ","price":23.8},{"type":"B","date":"2018-03-22T02:15:00.000Z","volume":5500,"label":" ","price":23.75},{"type":"B","date":"2018-03-22T02:15:00.000Z","volume":1000,"label":" ","price":23.7},{"type":"A","date":"2018-03-22T02:15:01.000Z","volume":4500,"label":" ","price":23.75},{"type":"U","date":"2018-03-22T02:15:03.000Z","volume":1000,"label":" ","price":23.75},{"type":"A","date":"2018-03-22T02:15:13.000Z","volume":500,"label":"Y","price":23.8},{"type":"U","date":"2018-03-22T02:15:42.000Z","volume":500,"label":" ","price":23.75},{"type":"B","date":"2018-03-22T02:16:05.000Z","volume":500,"label":" ","price":23.75},{"type":"B","date":"2018-03-22T02:16:05.000Z","volume":1500,"label":"Y","price":23.75},{"type":"B","date":"2018-03-22T02:16:26.000Z","volume":1000,"label":" ","price":23.75},{"type":"B","date":"2018-03-22T02:16:26.000Z","volume":2500,"label":" ","price":23.75},{"type":"A","date":"2018-03-22T02:16:47.000Z","volume":24500,"label":" ","price":23.8},{"type":"A","date":"2018-03-22T02:16:47.000Z","volume":500,"label":" ","price":23.8},{"type":"A","date":"2018-03-22T02:16:53.000Z","volume":2000,"label":" ","price":23.85},{"type":"A","date":"2018-03-22T02:17:17.000Z","volume":500,"label":" ","price":23.85},{"type":"A","date":"2018-03-22T02:18:16.000Z","volume":3500,"label":" ","price":23.85},{"type":"A","date":"2018-03-22T02:18:21.000Z","volume":1500,"label":" ","price":23.85},{"type":"B","date":"2018-03-22T02:18:30.000Z","volume":1000,"label":" ","price":23.85},{"type":"A","date":"2018-03-22T02:18:54.000Z","volume":1000,"label":" ","price":23.9},{"type":"A","date":"2018-03-22T02:19:01.000Z","volume":500,"label":" ","price":23.9},{"type":"A","date":"2018-03-22T02:19:03.000Z","volume":500,"label":" ","price":23.9},{"type":"A","date":"2018-03-22T02:19:34.000Z","volume":500,"label":" ","price":23.9},{"type":"B","date":"2018-03-22T02:19:43.000Z","volume":6000,"label":" ","price":23.85},{"type":"B","date":"2018-03-22T02:19:43.000Z","volume":38000,"label":" ","price":23.8},{"type":"A","date":"2018-03-22T02:19:46.000Z","volume":4500,"label":" ","price":23.8},{"type":"A","date":"2018-03-22T02:19:46.000Z","volume":500,"label":"Y","price":23.8},{"type":"A","date":"2018-03-22T02:19:46.000Z","volume":1500,"label":" ","price":23.8},{"type":"A","date":"2018-03-22T02:19:49.000Z","volume":1000,"label":" ","price":23.8},{"type":"A","date":"2018-03-22T02:19:49.000Z","volume":500,"label":" ","price":23.8},{"type":"A","date":"2018-03-22T02:20:16.000Z","volume":500,"label":" ","price":23.85},{"type":"A","date":"2018-03-22T02:20:24.000Z","volume":1000,"label":" ","price":23.85},{"type":"A","date":"2018-03-22T02:20:31.000Z","volume":500,"label":" ","price":23.85},{"type":"A","date":"2018-03-22T02:20:33.000Z","volume":500,"label":" ","price":23.85},{"type":"A","date":"2018-03-22T02:20:39.000Z","volume":500,"label":"Y","price":23.85},{"type":"A","date":"2018-03-22T02:20:46.000Z","volume":500,"label":"Y","price":23.85},{"type":"A","date":"2018-03-22T02:20:54.000Z","volume":1000,"label":" ","price":23.85},{"type":"A","date":"2018-03-22T02:20:55.000Z","volume":3000,"label":" ","price":23.85},{"type":"B","date":"2018-03-22T02:20:55.000Z","volume":1500,"label":" ","price":23.85},{"type":"B","date":"2018-03-22T02:20:55.000Z","volume":500,"label":" ","price":23.85},{"type":"A","date":"2018-03-22T02:20:57.000Z","volume":1000,"label":" ","price":23.9},{"type":"A","date":"2018-03-22T02:21:01.000Z","volume":500,"label":" ","price":23.9},{"type":"B","date":"2018-03-22T02:21:04.000Z","volume":3000,"label":" ","price":23.85},{"type":"B","date":"2018-03-22T02:21:17.000Z","volume":500,"label":"Y","price":23.85},{"type":"B","date":"2018-03-22T02:21:18.000Z","volume":500,"label":" ","price":23.85},{"type":"B","date":"2018-03-22T02:21:18.000Z","volume":1000,"label":" ","price":23.85},{"type":"U","date":"2018-03-22T02:21:18.000Z","volume":500,"label":"Y","price":23.85},{"type":"B","date":"2018-03-22T02:22:36.000Z","volume":1500,"label":" ","price":23.85},{"type":"B","date":"2018-03-22T02:23:52.000Z","volume":1000,"label":" ","price":23.85},{"type":"B","date":"2018-03-22T02:24:06.000Z","volume":1000,"label":" ","price":23.8},{"type":"U","date":"2018-03-22T02:24:06.000Z","volume":1500,"label":"X","price":23.8},{"type":"B","date":"2018-03-22T02:24:07.000Z","volume":500,"label":" ","price":23.8},{"type":"B","date":"2018-03-22T02:24:07.000Z","volume":1500,"label":" ","price":23.75},{"type":"U","date":"2018-03-22T02:24:27.000Z","volume":4000,"label":" ","price":23.8},{"type":"A","date":"2018-03-22T02:24:54.000Z","volume":500,"label":"Y","price":23.85},{"type":"A","date":"2018-03-22T02:24:54.000Z","volume":5000,"label":" ","price":23.85},{"type":"A","date":"2018-03-22T02:25:02.000Z","volume":500,"label":" ","price":23.9},{"type":"B","date":"2018-03-22T02:25:51.000Z","volume":2500,"label":" ","price":23.85},{"type":"A","date":"2018-03-22T02:26:30.000Z","volume":500,"label":" ","price":23.9},{"type":"U","date":"2018-03-22T02:26:56.000Z","volume":1500,"label":"X","price":23.85},{"type":"B","date":"2018-03-22T02:26:56.000Z","volume":500,"label":"Y","price":23.85},{"type":"A","date":"2018-03-22T02:27:04.000Z","volume":1000,"label":" ","price":23.9},{"type":"B","date":"2018-03-22T02:27:12.000Z","volume":3000,"label":" ","price":23.85},{"type":"B","date":"2018-03-22T02:28:12.000Z","volume":3500,"label":" ","price":23.8},{"type":"A","date":"2018-03-22T02:28:12.000Z","volume":1000,"label":" ","price":23.85},{"type":"B","date":"2018-03-22T02:28:12.000Z","volume":1500,"label":" ","price":23.8},{"type":"B","date":"2018-03-22T02:28:12.000Z","volume":1000,"label":" ","price":23.8},{"type":"A","date":"2018-03-22T02:28:22.000Z","volume":3000,"label":" ","price":23.8},{"type":"A","date":"2018-03-22T02:28:22.000Z","volume":500,"label":" ","price":23.8},{"type":"U","date":"2018-03-22T02:29:26.000Z","volume":1500,"label":"X","price":23.7},{"type":"A","date":"2018-03-22T02:29:26.000Z","volume":500,"label":" ","price":23.8},{"type":"U","date":"2018-03-22T02:29:27.000Z","volume":2000,"label":" ","price":23.75},{"type":"B","date":"2018-03-22T02:29:39.000Z","volume":1000,"label":" ","price":23.7},{"type":"A","date":"2018-03-22T02:29:41.000Z","volume":6500,"label":" ","price":23.75},{"type":"A","date":"2018-03-22T02:29:42.000Z","volume":1500,"label":" ","price":23.8},{"type":"A","date":"2018-03-22T02:29:42.000Z","volume":500,"label":" ","price":23.8},{"type":"A","date":"2018-03-22T02:29:42.000Z","volume":500,"label":" ","price":23.8},{"type":"A","date":"2018-03-22T02:30:49.000Z","volume":500,"label":" ","price":23.8},{"type":"A","date":"2018-03-22T02:31:02.000Z","volume":500,"label":" ","price":23.8},{"type":"B","date":"2018-03-22T02:31:03.000Z","volume":11500,"label":" ","price":23.75},{"type":"B","date":"2018-03-22T02:31:03.000Z","volume":9000,"label":" ","price":23.7},{"type":"B","date":"2018-03-22T02:31:03.000Z","volume":1000,"label":"Y","price":23.65},{"type":"B","date":"2018-03-22T02:31:03.000Z","volume":500,"label":" ","price":23.55},{"type":"B","date":"2018-03-22T02:31:03.000Z","volume":25000,"label":" ","price":23.5},{"type":"B","date":"2018-03-22T02:31:03.000Z","volume":500,"label":" ","price":23.5},{"type":"B","date":"2018-03-22T02:31:03.000Z","volume":2500,"label":" ","price":23.5},{"type":"U","date":"2018-03-22T02:31:04.000Z","volume":2000,"label":" ","price":23.75},{"type":"A","date":"2018-03-22T02:31:05.000Z","volume":4000,"label":" ","price":23.65},{"type":"A","date":"2018-03-22T02:31:07.000Z","volume":2000,"label":" ","price":23.7},{"type":"A","date":"2018-03-22T02:31:08.000Z","volume":2500,"label":" ","price":23.75},{"type":"U","date":"2018-03-22T02:31:08.000Z","volume":1000,"label":" ","price":23.75},{"type":"A","date":"2018-03-22T02:31:10.000Z","volume":6000,"label":" ","price":23.8},{"type":"U","date":"2018-03-22T02:31:12.000Z","volume":500,"label":" ","price":23.75},{"type":"A","date":"2018-03-22T02:31:17.000Z","volume":500,"label":" ","price":23.8},{"type":"A","date":"2018-03-22T02:31:55.000Z","volume":6500,"label":" ","price":23.75},{"type":"A","date":"2018-03-22T02:31:55.000Z","volume":1000,"label":" ","price":23.8},{"type":"B","date":"2018-03-22T02:31:56.000Z","volume":1000,"label":" ","price":23.75},{"type":"A","date":"2018-03-22T02:32:02.000Z","volume":500,"label":" ","price":23.8},{"type":"B","date":"2018-03-22T02:32:04.000Z","volume":3000,"label":" ","price":23.7},{"type":"A","date":"2018-03-22T02:32:05.000Z","volume":4000,"label":" ","price":23.75},{"type":"U","date":"2018-03-22T02:32:08.000Z","volume":500,"label":" ","price":23.75},{"type":"A","date":"2018-03-22T02:32:10.000Z","volume":4000,"label":" ","price":23.75},{"type":"A","date":"2018-03-22T02:32:10.000Z","volume":500,"label":"Y","price":23.8},{"type":"B","date":"2018-03-22T02:32:12.000Z","volume":500,"label":" ","price":23.75},{"type":"B","date":"2018-03-22T02:32:19.000Z","volume":1500,"label":" ","price":23.75},{"type":"B","date":"2018-03-22T02:32:20.000Z","volume":500,"label":"Y","price":23.75},{"type":"B","date":"2018-03-22T02:32:20.000Z","volume":500,"label":" ","price":23.75},{"type":"A","date":"2018-03-22T02:32:22.000Z","volume":7500,"label":" ","price":23.75},{"type":"A","date":"2018-03-22T02:32:24.000Z","volume":1000,"label":" ","price":23.75},{"type":"A","date":"2018-03-22T02:32:24.000Z","volume":7000,"label":" ","price":23.75},{"type":"A","date":"2018-03-22T02:32:27.000Z","volume":1000,"label":" ","price":23.8},{"type":"B","date":"2018-03-22T02:32:31.000Z","volume":4000,"label":" ","price":23.75},{"type":"A","date":"2018-03-22T02:32:32.000Z","volume":3000,"label":" ","price":23.75},{"type":"A","date":"2018-03-22T02:33:10.000Z","volume":1000,"label":" ","price":23.8},{"type":"B","date":"2018-03-22T02:33:12.000Z","volume":500,"label":" ","price":23.75},{"type":"U","date":"2018-03-22T02:33:12.000Z","volume":500,"label":" ","price":23.75},{"type":"A","date":"2018-03-22T02:34:33.000Z","volume":12500,"label":" ","price":23.75},{"type":"A","date":"2018-03-22T02:34:36.000Z","volume":1500,"label":" ","price":23.8},{"type":"B","date":"2018-03-22T02:34:36.000Z","volume":500,"label":" ","price":23.75},{"type":"B","date":"2018-03-22T02:34:44.000Z","volume":500,"label":" ","price":23.75},{"type":"A","date":"2018-03-22T02:34:45.000Z","volume":7000,"label":" ","price":23.75},{"type":"A","date":"2018-03-22T02:34:47.000Z","volume":3500,"label":" ","price":23.75},{"type":"U","date":"2018-03-22T02:34:48.000Z","volume":1000,"label":" ","price":23.75},{"type":"A","date":"2018-03-22T02:35:03.000Z","volume":11500,"label":" ","price":23.8},{"type":"A","date":"2018-03-22T02:35:06.000Z","volume":1000,"label":" ","price":23.8},{"type":"A","date":"2018-03-22T02:35:25.000Z","volume":7500,"label":" ","price":23.8},{"type":"A","date":"2018-03-22T02:35:35.000Z","volume":2500,"label":" ","price":23.8},{"type":"B","date":"2018-03-22T02:35:50.000Z","volume":10000,"label":" ","price":23.75},{"type":"B","date":"2018-03-22T02:35:50.000Z","volume":1000,"label":" ","price":23.75},{"type":"B","date":"2018-03-22T02:35:51.000Z","volume":1000,"label":" ","price":23.75},{"type":"B","date":"2018-03-22T02:36:15.000Z","volume":1000,"label":" ","price":23.6},{"type":"A","date":"2018-03-22T02:36:55.000Z","volume":500,"label":" ","price":23.75},{"type":"B","date":"2018-03-22T02:36:55.000Z","volume":2000,"label":" ","price":23.65},{"type":"B","date":"2018-03-22T02:37:47.000Z","volume":500,"label":" ","price":23.5},{"type":"A","date":"2018-03-22T02:38:02.000Z","volume":500,"label":" ","price":23.65},{"type":"U","date":"2018-03-22T02:40:16.000Z","volume":1500,"label":"X","price":23.5},{"type":"B","date":"2018-03-22T02:40:16.000Z","volume":2500,"label":" ","price":23.5},{"type":"A","date":"2018-03-22T02:40:23.000Z","volume":500,"label":" ","price":23.6},{"type":"B","date":"2018-03-22T02:40:51.000Z","volume":1000,"label":" ","price":23.5},{"type":"A","date":"2018-03-22T02:40:55.000Z","volume":500,"label":" ","price":23.6},{"type":"A","date":"2018-03-22T02:40:55.000Z","volume":500,"label":" ","price":23.6},{"type":"B","date":"2018-03-22T02:41:16.000Z","volume":4000,"label":" ","price":23.5},{"type":"B","date":"2018-03-22T02:41:17.000Z","volume":500,"label":" ","price":23.45},{"type":"B","date":"2018-03-22T02:42:17.000Z","volume":500,"label":" ","price":23.45},{"type":"B","date":"2018-03-22T02:42:22.000Z","volume":2500,"label":" ","price":23.45},{"type":"B","date":"2018-03-22T02:42:36.000Z","volume":1000,"label":" ","price":23.4},{"type":"B","date":"2018-03-22T02:42:47.000Z","volume":3500,"label":" ","price":23.4},{"type":"B","date":"2018-03-22T02:43:09.000Z","volume":2000,"label":" ","price":23.35},{"type":"B","date":"2018-03-22T02:43:11.000Z","volume":500,"label":" ","price":23.35},{"type":"B","date":"2018-03-22T02:43:27.000Z","volume":500,"label":"Y","price":23.3},{"type":"B","date":"2018-03-22T02:43:28.000Z","volume":500,"label":" ","price":23.25},{"type":"U","date":"2018-03-22T02:43:28.000Z","volume":5000,"label":" ","price":23.3},{"type":"U","date":"2018-03-22T02:43:28.000Z","volume":500,"label":" ","price":23.3},{"type":"U","date":"2018-03-22T02:43:28.000Z","volume":2000,"label":"X","price":23.3},{"type":"B","date":"2018-03-22T02:43:28.000Z","volume":500,"label":" ","price":23.3},{"type":"B","date":"2018-03-22T02:43:28.000Z","volume":1500,"label":" ","price":23.3},{"type":"A","date":"2018-03-22T02:44:02.000Z","volume":500,"label":" ","price":23.4},{"type":"U","date":"2018-03-22T02:44:06.000Z","volume":1000,"label":" ","price":23.35},{"type":"A","date":"2018-03-22T02:44:14.000Z","volume":4000,"label":" ","price":23.35},{"type":"A","date":"2018-03-22T02:44:14.000Z","volume":17000,"label":" ","price":23.4},{"type":"A","date":"2018-03-22T02:44:17.000Z","volume":2500,"label":" ","price":23.45},{"type":"A","date":"2018-03-22T02:44:25.000Z","volume":500,"label":" ","price":23.5},{"type":"A","date":"2018-03-22T02:45:00.000Z","volume":4500,"label":" ","price":23.5},{"type":"A","date":"2018-03-22T02:45:00.000Z","volume":1000,"label":" ","price":23.5},{"type":"A","date":"2018-03-22T02:45:00.000Z","volume":1000,"label":" ","price":23.5},{"type":"B","date":"2018-03-22T02:45:59.000Z","volume":500,"label":"Y","price":23.4},{"type":"A","date":"2018-03-22T02:46:04.000Z","volume":500,"label":" ","price":23.55},{"type":"U","date":"2018-03-22T02:46:07.000Z","volume":1500,"label":"X","price":23.4},{"type":"B","date":"2018-03-22T02:46:07.000Z","volume":500,"label":"Y","price":23.4},{"type":"B","date":"2018-03-22T02:46:10.000Z","volume":500,"label":"Y","price":23.4},{"type":"B","date":"2018-03-22T02:46:10.000Z","volume":1000,"label":" ","price":23.4},{"type":"A","date":"2018-03-22T02:46:16.000Z","volume":1000,"label":" ","price":23.4},{"type":"U","date":"2018-03-22T02:47:07.000Z","volume":500,"label":"X","price":23.419},{"type":"B","date":"2018-03-22T02:48:10.000Z","volume":5500,"label":" ","price":23.35},{"type":"B","date":"2018-03-22T02:48:38.000Z","volume":500,"label":"Y","price":23.35},{"type":"B","date":"2018-03-22T02:48:38.000Z","volume":2000,"label":" ","price":23.35},{"type":"B","date":"2018-03-22T02:48:38.000Z","volume":500,"label":"Y","price":23.35},{"type":"B","date":"2018-03-22T02:48:38.000Z","volume":500,"label":" ","price":23.35},{"type":"B","date":"2018-03-22T02:51:01.000Z","volume":500,"label":" ","price":23.3},{"type":"A","date":"2018-03-22T02:51:25.000Z","volume":500,"label":"Y","price":23.4},{"type":"B","date":"2018-03-22T02:51:47.000Z","volume":2000,"label":" ","price":23.3},{"type":"A","date":"2018-03-22T02:51:49.000Z","volume":500,"label":" ","price":23.4},{"type":"U","date":"2018-03-22T02:52:11.000Z","volume":500,"label":"X","price":23.375},{"type":"A","date":"2018-03-22T02:52:12.000Z","volume":1500,"label":" ","price":23.4},{"type":"A","date":"2018-03-22T02:52:40.000Z","volume":17500,"label":" ","price":23.4},{"type":"A","date":"2018-03-22T02:52:43.000Z","volume":2000,"label":" ","price":23.45},{"type":"A","date":"2018-03-22T02:52:43.000Z","volume":1000,"label":" ","price":23.45},{"type":"A","date":"2018-03-22T02:52:44.000Z","volume":500,"label":" ","price":23.5},{"type":"A","date":"2018-03-22T02:52:44.000Z","volume":3000,"label":" ","price":23.5},{"type":"A","date":"2018-03-22T02:52:46.000Z","volume":500,"label":" ","price":23.5},{"type":"B","date":"2018-03-22T02:52:48.000Z","volume":500,"label":" ","price":23.45},{"type":"A","date":"2018-03-22T02:54:30.000Z","volume":1000,"label":" ","price":23.5},{"type":"B","date":"2018-03-22T02:54:30.000Z","volume":1000,"label":" ","price":23.5},{"type":"A","date":"2018-03-22T02:54:30.000Z","volume":500,"label":" ","price":23.55},{"type":"A","date":"2018-03-22T02:54:32.000Z","volume":500,"label":" ","price":23.6},{"type":"B","date":"2018-03-22T02:55:14.000Z","volume":3000,"label":" ","price":23.55},{"type":"A","date":"2018-03-22T02:55:55.000Z","volume":500,"label":" ","price":23.6},{"type":"A","date":"2018-03-22T02:56:02.000Z","volume":500,"label":" ","price":23.6},{"type":"A","date":"2018-03-22T02:56:04.000Z","volume":500,"label":" ","price":23.6},{"type":"A","date":"2018-03-22T02:56:10.000Z","volume":1000,"label":" ","price":23.6},{"type":"B","date":"2018-03-22T02:56:13.000Z","volume":1000,"label":" ","price":23.55},{"type":"B","date":"2018-03-22T02:56:13.000Z","volume":500,"label":" ","price":23.55},{"type":"B","date":"2018-03-22T02:56:40.000Z","volume":500,"label":"Y","price":23.55},{"type":"B","date":"2018-03-22T02:56:43.000Z","volume":1000,"label":"Y","price":23.55},{"type":"B","date":"2018-03-22T02:56:43.000Z","volume":500,"label":" ","price":23.55},{"type":"A","date":"2018-03-22T02:56:46.000Z","volume":500,"label":" ","price":23.55},{"type":"B","date":"2018-03-22T02:56:54.000Z","volume":500,"label":"Y","price":23.5},{"type":"B","date":"2018-03-22T02:56:54.000Z","volume":2000,"label":" ","price":23.5},{"type":"B","date":"2018-03-22T02:57:14.000Z","volume":500,"label":"Y","price":23.45},{"type":"B","date":"2018-03-22T02:57:14.000Z","volume":1500,"label":" ","price":23.45},{"type":"B","date":"2018-03-22T02:57:15.000Z","volume":500,"label":" ","price":23.4},{"type":"A","date":"2018-03-22T02:57:17.000Z","volume":500,"label":" ","price":23.5},{"type":"A","date":"2018-03-22T02:58:05.000Z","volume":1000,"label":" ","price":23.5},{"type":"A","date":"2018-03-22T02:59:11.000Z","volume":500,"label":" ","price":23.45},{"type":"B","date":"2018-03-22T02:59:20.000Z","volume":500,"label":" ","price":23.4},{"type":"B","date":"2018-03-22T02:59:23.000Z","volume":1000,"label":" ","price":23.4},{"type":"B","date":"2018-03-22T02:59:30.000Z","volume":500,"label":" ","price":23.35},{"type":"B","date":"2018-03-22T03:00:04.000Z","volume":500,"label":" ","price":23.35},{"type":"A","date":"2018-03-22T03:00:07.000Z","volume":500,"label":" ","price":23.45},{"type":"A","date":"2018-03-22T03:00:08.000Z","volume":4000,"label":" ","price":23.45},{"type":"B","date":"2018-03-22T03:00:19.000Z","volume":500,"label":"Y","price":23.4},{"type":"B","date":"2018-03-22T03:00:19.000Z","volume":1000,"label":" ","price":23.4},{"type":"A","date":"2018-03-22T03:00:21.000Z","volume":500,"label":" ","price":23.5},{"type":"A","date":"2018-03-22T03:00:28.000Z","volume":4500,"label":" ","price":23.5},{"type":"A","date":"2018-03-22T03:00:30.000Z","volume":500,"label":" ","price":23.5},{"type":"A","date":"2018-03-22T03:00:59.000Z","volume":500,"label":" ","price":23.6},{"type":"B","date":"2018-03-22T03:02:32.000Z","volume":500,"label":"Y","price":23.45},{"type":"A","date":"2018-03-22T03:02:38.000Z","volume":3500,"label":" ","price":23.55},{"type":"B","date":"2018-03-22T03:02:47.000Z","volume":500,"label":" ","price":23.5},{"type":"B","date":"2018-03-22T03:02:58.000Z","volume":1000,"label":" ","price":23.5},{"type":"B","date":"2018-03-22T03:02:59.000Z","volume":500,"label":" ","price":23.5},{"type":"B","date":"2018-03-22T03:03:02.000Z","volume":1000,"label":" ","price":23.5},{"type":"B","date":"2018-03-22T03:04:14.000Z","volume":500,"label":" ","price":23.45},{"type":"B","date":"2018-03-22T03:04:14.000Z","volume":1500,"label":" ","price":23.45},{"type":"A","date":"2018-03-22T03:04:48.000Z","volume":500,"label":" ","price":23.5},{"type":"B","date":"2018-03-22T03:05:22.000Z","volume":1000,"label":" ","price":23.4},{"type":"B","date":"2018-03-22T03:06:46.000Z","volume":5000,"label":" ","price":23.4},{"type":"B","date":"2018-03-22T03:06:46.000Z","volume":2500,"label":" ","price":23.35},{"type":"A","date":"2018-03-22T03:07:03.000Z","volume":500,"label":" ","price":23.5},{"type":"U","date":"2018-03-22T03:08:10.000Z","volume":500,"label":" ","price":23.4},{"type":"A","date":"2018-03-22T03:08:30.000Z","volume":1500,"label":" ","price":23.5},{"type":"B","date":"2018-03-22T03:09:04.000Z","volume":500,"label":"Y","price":23.45},{"type":"B","date":"2018-03-22T03:09:04.000Z","volume":500,"label":" ","price":23.45},{"type":"B","date":"2018-03-22T03:09:04.000Z","volume":1500,"label":" ","price":23.4},{"type":"A","date":"2018-03-22T03:09:08.000Z","volume":500,"label":" ","price":23.5},{"type":"B","date":"2018-03-22T03:09:42.000Z","volume":1000,"label":" ","price":23.45},{"type":"U","date":"2018-03-22T03:09:42.000Z","volume":500,"label":" ","price":23.45},{"type":"A","date":"2018-03-22T03:10:07.000Z","volume":500,"label":" ","price":23.5},{"type":"A","date":"2018-03-22T03:11:31.000Z","volume":3500,"label":" ","price":23.5},{"type":"B","date":"2018-03-22T03:11:31.000Z","volume":500,"label":" ","price":23.4},{"type":"A","date":"2018-03-22T03:11:33.000Z","volume":500,"label":" ","price":23.5},{"type":"B","date":"2018-03-22T03:11:35.000Z","volume":1000,"label":" ","price":23.45},{"type":"B","date":"2018-03-22T03:14:36.000Z","volume":500,"label":" ","price":23.4},{"type":"A","date":"2018-03-22T03:15:12.000Z","volume":1000,"label":" ","price":23.45},{"type":"A","date":"2018-03-22T03:15:13.000Z","volume":1500,"label":" ","price":23.45},{"type":"A","date":"2018-03-22T03:15:15.000Z","volume":500,"label":" ","price":23.45},{"type":"A","date":"2018-03-22T03:15:20.000Z","volume":500,"label":"Y","price":23.45},{"type":"A","date":"2018-03-22T03:15:23.000Z","volume":1000,"label":" ","price":23.45},{"type":"A","date":"2018-03-22T03:16:11.000Z","volume":3500,"label":" ","price":23.45},{"type":"A","date":"2018-03-22T03:16:13.000Z","volume":500,"label":" ","price":23.45},{"type":"B","date":"2018-03-22T03:16:21.000Z","volume":500,"label":" ","price":23.4},{"type":"B","date":"2018-03-22T03:17:37.000Z","volume":500,"label":" ","price":23.4},{"type":"A","date":"2018-03-22T03:18:31.000Z","volume":500,"label":"Y","price":23.5},{"type":"U","date":"2018-03-22T03:19:07.000Z","volume":500,"label":"X","price":23.5},{"type":"B","date":"2018-03-22T03:19:44.000Z","volume":500,"label":" ","price":23.4},{"type":"A","date":"2018-03-22T03:20:23.000Z","volume":3500,"label":" ","price":23.5},{"type":"A","date":"2018-03-22T03:20:25.000Z","volume":1000,"label":" ","price":23.5},{"type":"B","date":"2018-03-22T03:21:41.000Z","volume":18000,"label":" ","price":23.45},{"type":"B","date":"2018-03-22T03:21:41.000Z","volume":500,"label":"Y","price":23.45},{"type":"B","date":"2018-03-22T03:21:48.000Z","volume":1000,"label":"Y","price":23.45},{"type":"B","date":"2018-03-22T03:22:47.000Z","volume":2500,"label":"Y","price":23.45},{"type":"B","date":"2018-03-22T03:22:47.000Z","volume":500,"label":" ","price":23.45},{"type":"B","date":"2018-03-22T03:22:47.000Z","volume":500,"label":"Y","price":23.45},{"type":"A","date":"2018-03-22T03:22:49.000Z","volume":500,"label":" ","price":23.5},{"type":"B","date":"2018-03-22T03:23:07.000Z","volume":500,"label":" ","price":23.45},{"type":"B","date":"2018-03-22T03:24:10.000Z","volume":1000,"label":" ","price":23.45},{"type":"A","date":"2018-03-22T03:24:14.000Z","volume":500,"label":" ","price":23.45},{"type":"A","date":"2018-03-22T03:24:14.000Z","volume":500,"label":" ","price":23.45},{"type":"A","date":"2018-03-22T03:24:14.000Z","volume":1000,"label":" ","price":23.45},{"type":"A","date":"2018-03-22T03:24:14.000Z","volume":500,"label":" ","price":23.45},{"type":"A","date":"2018-03-22T03:24:17.000Z","volume":500,"label":" ","price":23.45},{"type":"B","date":"2018-03-22T03:24:45.000Z","volume":4500,"label":" ","price":23.4},{"type":"A","date":"2018-03-22T03:24:48.000Z","volume":500,"label":" ","price":23.45},{"type":"B","date":"2018-03-22T03:25:33.000Z","volume":2500,"label":" ","price":23.4},{"type":"A","date":"2018-03-22T03:25:40.000Z","volume":500,"label":" ","price":23.45},{"type":"A","date":"2018-03-22T03:25:55.000Z","volume":500,"label":" ","price":23.45},{"type":"A","date":"2018-03-22T03:25:58.000Z","volume":500,"label":" ","price":23.45},{"type":"B","date":"2018-03-22T03:27:24.000Z","volume":1000,"label":" ","price":23.4},{"type":"A","date":"2018-03-22T03:27:24.000Z","volume":4500,"label":" ","price":23.45},{"type":"A","date":"2018-03-22T03:27:24.000Z","volume":7500,"label":" ","price":23.45},{"type":"U","date":"2018-03-22T03:27:24.000Z","volume":500,"label":" ","price":23.45},{"type":"A","date":"2018-03-22T03:27:26.000Z","volume":1500,"label":" ","price":23.5},{"type":"A","date":"2018-03-22T03:27:26.000Z","volume":14500,"label":" ","price":23.5},{"type":"U","date":"2018-03-22T03:27:27.000Z","volume":500,"label":"X","price":23.469},{"type":"A","date":"2018-03-22T03:27:29.000Z","volume":1500,"label":" ","price":23.55},{"type":"B","date":"2018-03-22T03:27:30.000Z","volume":1000,"label":"Y","price":23.5},{"type":"A","date":"2018-03-22T03:27:40.000Z","volume":500,"label":" ","price":23.6},{"type":"A","date":"2018-03-22T03:27:48.000Z","volume":1000,"label":" ","price":23.6},{"type":"U","date":"2018-03-22T03:27:52.000Z","volume":500,"label":"X","price":23.5},{"type":"A","date":"2018-03-22T03:27:55.000Z","volume":2000,"label":" ","price":23.6},{"type":"A","date":"2018-03-22T03:27:57.000Z","volume":500,"label":" ","price":23.6},{"type":"B","date":"2018-03-22T03:28:02.000Z","volume":2500,"label":" ","price":23.55},{"type":"B","date":"2018-03-22T03:28:02.000Z","volume":1000,"label":" ","price":23.5},{"type":"A","date":"2018-03-22T03:28:05.000Z","volume":500,"label":" ","price":23.55},{"type":"A","date":"2018-03-22T03:28:10.000Z","volume":500,"label":" ","price":23.55},{"type":"U","date":"2018-03-22T03:28:23.000Z","volume":1000,"label":"X","price":23.5},{"type":"B","date":"2018-03-22T03:28:23.000Z","volume":500,"label":"Y","price":23.5},{"type":"B","date":"2018-03-22T03:28:23.000Z","volume":1000,"label":" ","price":23.5},{"type":"B","date":"2018-03-22T03:28:25.000Z","volume":1000,"label":" ","price":23.5},{"type":"B","date":"2018-03-22T03:28:30.000Z","volume":500,"label":" ","price":23.5},{"type":"A","date":"2018-03-22T03:29:21.000Z","volume":500,"label":" ","price":23.55},{"type":"U","date":"2018-03-22T03:29:27.000Z","volume":500,"label":"X","price":23.55},{"type":"B","date":"2018-03-22T03:29:37.000Z","volume":500,"label":"Y","price":23.5},{"type":"B","date":"2018-03-22T03:29:37.000Z","volume":5000,"label":" ","price":23.5},{"type":"A","date":"2018-03-22T03:29:40.000Z","volume":500,"label":" ","price":23.55},{"type":"A","date":"2018-03-22T03:30:07.000Z","volume":500,"label":" ","price":23.55},{"type":"A","date":"2018-03-22T03:30:07.000Z","volume":1000,"label":" ","price":23.55},{"type":"A","date":"2018-03-22T03:30:07.000Z","volume":3500,"label":" ","price":23.55},{"type":"A","date":"2018-03-22T03:30:10.000Z","volume":500,"label":" ","price":23.55},{"type":"A","date":"2018-03-22T03:30:10.000Z","volume":500,"label":" ","price":23.55},{"type":"B","date":"2018-03-22T03:30:12.000Z","volume":500,"label":"Y","price":23.5},{"type":"B","date":"2018-03-22T03:30:13.000Z","volume":500,"label":" ","price":23.5},{"type":"A","date":"2018-03-22T03:30:13.000Z","volume":1000,"label":" ","price":23.5},{"type":"A","date":"2018-03-22T03:30:37.000Z","volume":500,"label":" ","price":23.55},{"type":"A","date":"2018-03-22T03:30:55.000Z","volume":500,"label":" ","price":23.55},{"type":"B","date":"2018-03-22T03:31:02.000Z","volume":500,"label":" ","price":23.45},{"type":"A","date":"2018-03-22T03:31:05.000Z","volume":500,"label":" ","price":23.55},{"type":"A","date":"2018-03-22T03:31:47.000Z","volume":500,"label":" ","price":23.55},{"type":"A","date":"2018-03-22T03:32:17.000Z","volume":500,"label":" ","price":23.55},{"type":"A","date":"2018-03-22T03:32:17.000Z","volume":500,"label":" ","price":23.55},{"type":"A","date":"2018-03-22T03:32:57.000Z","volume":500,"label":" ","price":23.55},{"type":"A","date":"2018-03-22T03:33:37.000Z","volume":500,"label":" ","price":23.55},{"type":"A","date":"2018-03-22T03:34:07.000Z","volume":500,"label":" ","price":23.55},{"type":"A","date":"2018-03-22T03:34:47.000Z","volume":500,"label":" ","price":23.55},{"type":"A","date":"2018-03-22T03:35:18.000Z","volume":500,"label":" ","price":23.55},{"type":"B","date":"2018-03-22T03:35:26.000Z","volume":500,"label":" ","price":23.45},{"type":"A","date":"2018-03-22T03:35:58.000Z","volume":500,"label":" ","price":23.55},{"type":"A","date":"2018-03-22T03:36:38.000Z","volume":500,"label":" ","price":23.55},{"type":"A","date":"2018-03-22T03:37:18.000Z","volume":500,"label":" ","price":23.55},{"type":"A","date":"2018-03-22T03:37:57.000Z","volume":500,"label":" ","price":23.55},{"type":"A","date":"2018-03-22T03:37:58.000Z","volume":500,"label":" ","price":23.55},{"type":"A","date":"2018-03-22T03:38:03.000Z","volume":1000,"label":" ","price":23.55},{"type":"B","date":"2018-03-22T03:38:03.000Z","volume":500,"label":" ","price":23.5},{"type":"A","date":"2018-03-22T03:38:38.000Z","volume":500,"label":" ","price":23.55},{"type":"A","date":"2018-03-22T03:39:18.000Z","volume":500,"label":" ","price":23.55},{"type":"B","date":"2018-03-22T03:39:42.000Z","volume":500,"label":"Y","price":23.5},{"type":"A","date":"2018-03-22T03:39:58.000Z","volume":500,"label":" ","price":23.55},{"type":"B","date":"2018-03-22T03:40:47.000Z","volume":1000,"label":" ","price":23.5},{"type":"A","date":"2018-03-22T03:40:48.000Z","volume":500,"label":" ","price":23.55},{"type":"A","date":"2018-03-22T03:40:49.000Z","volume":500,"label":" ","price":23.55},{"type":"A","date":"2018-03-22T03:41:29.000Z","volume":500,"label":" ","price":23.55},{"type":"A","date":"2018-03-22T03:42:19.000Z","volume":500,"label":" ","price":23.55},{"type":"B","date":"2018-03-22T03:42:20.000Z","volume":500,"label":" ","price":23.5},{"type":"B","date":"2018-03-22T03:43:39.000Z","volume":500,"label":" ","price":23.5},{"type":"A","date":"2018-03-22T03:44:03.000Z","volume":500,"label":" ","price":23.55},{"type":"A","date":"2018-03-22T03:44:31.000Z","volume":500,"label":" ","price":23.55},{"type":"A","date":"2018-03-22T03:44:40.000Z","volume":500,"label":" ","price":23.55},{"type":"A","date":"2018-03-22T03:45:30.000Z","volume":500,"label":" ","price":23.55},{"type":"B","date":"2018-03-22T03:45:30.000Z","volume":500,"label":" ","price":23.5},{"type":"A","date":"2018-03-22T03:46:30.000Z","volume":500,"label":" ","price":23.55},{"type":"A","date":"2018-03-22T03:47:03.000Z","volume":500,"label":" ","price":23.55},{"type":"A","date":"2018-03-22T03:47:20.000Z","volume":500,"label":" ","price":23.55},{"type":"A","date":"2018-03-22T03:48:20.000Z","volume":500,"label":" ","price":23.55},{"type":"A","date":"2018-03-22T03:48:45.000Z","volume":500,"label":" ","price":23.55},{"type":"A","date":"2018-03-22T03:48:48.000Z","volume":500,"label":" ","price":23.55},{"type":"A","date":"2018-03-22T03:48:48.000Z","volume":500,"label":" ","price":23.55},{"type":"A","date":"2018-03-22T03:49:10.000Z","volume":500,"label":" ","price":23.55},{"type":"B","date":"2018-03-22T03:49:14.000Z","volume":500,"label":"Y","price":23.5},{"type":"B","date":"2018-03-22T03:49:30.000Z","volume":6000,"label":" ","price":23.5},{"type":"B","date":"2018-03-22T03:49:30.000Z","volume":7500,"label":" ","price":23.5},{"type":"B","date":"2018-03-22T03:49:30.000Z","volume":2000,"label":" ","price":23.5},{"type":"U","date":"2018-03-22T03:49:30.000Z","volume":500,"label":" ","price":23.5},{"type":"A","date":"2018-03-22T03:49:33.000Z","volume":500,"label":" ","price":23.55},{"type":"A","date":"2018-03-22T03:49:54.000Z","volume":5000,"label":" ","price":23.55},{"type":"B","date":"2018-03-22T03:50:18.000Z","volume":2500,"label":" ","price":23.45},{"type":"A","date":"2018-03-22T03:50:25.000Z","volume":500,"label":" ","price":23.55},{"type":"A","date":"2018-03-22T03:50:33.000Z","volume":500,"label":" ","price":23.55},{"type":"A","date":"2018-03-22T03:52:51.000Z","volume":500,"label":" ","price":23.5},{"type":"B","date":"2018-03-22T03:53:12.000Z","volume":2000,"label":" ","price":23.45},{"type":"A","date":"2018-03-22T03:53:40.000Z","volume":500,"label":" ","price":23.5},{"type":"A","date":"2018-03-22T03:53:41.000Z","volume":500,"label":" ","price":23.5},{"type":"A","date":"2018-03-22T03:53:55.000Z","volume":500,"label":" ","price":23.5},{"type":"A","date":"2018-03-22T03:54:03.000Z","volume":1500,"label":" ","price":23.5},{"type":"A","date":"2018-03-22T03:54:10.000Z","volume":500,"label":"Y","price":23.5},{"type":"B","date":"2018-03-22T03:54:29.000Z","volume":5500,"label":" ","price":23.45},{"type":"A","date":"2018-03-22T03:55:22.000Z","volume":500,"label":" ","price":23.45},{"type":"A","date":"2018-03-22T03:56:12.000Z","volume":500,"label":" ","price":23.45},{"type":"B","date":"2018-03-22T03:56:12.000Z","volume":1000,"label":" ","price":23.4},{"type":"A","date":"2018-03-22T03:56:15.000Z","volume":500,"label":" ","price":23.45},{"type":"U","date":"2018-03-22T03:56:27.000Z","volume":500,"label":"X","price":23.425},{"type":"A","date":"2018-03-22T03:56:52.000Z","volume":500,"label":" ","price":23.45},{"type":"A","date":"2018-03-22T03:57:42.000Z","volume":500,"label":" ","price":23.45},{"type":"A","date":"2018-03-22T03:58:22.000Z","volume":500,"label":" ","price":23.45},{"type":"B","date":"2018-03-22T03:58:32.000Z","volume":500,"label":" ","price":23.4},{"type":"A","date":"2018-03-22T03:58:58.000Z","volume":500,"label":" ","price":23.45},{"type":"A","date":"2018-03-22T03:59:02.000Z","volume":500,"label":" ","price":23.45},{"type":"A","date":"2018-03-22T03:59:21.000Z","volume":500,"label":" ","price":23.45},{"type":"A","date":"2018-03-22T03:59:42.000Z","volume":500,"label":" ","price":23.45},{"type":"A","date":"2018-03-22T03:59:45.000Z","volume":500,"label":" ","price":23.45},{"type":"A","date":"2018-03-22T03:59:51.000Z","volume":500,"label":"Y","price":23.45},{"type":"A","date":"2018-03-22T05:00:02.000Z","volume":500,"label":" ","price":23.45},{"type":"B","date":"2018-03-22T05:00:27.000Z","volume":2500,"label":" ","price":23.4},{"type":"B","date":"2018-03-22T05:00:59.000Z","volume":1500,"label":" ","price":23.4},{"type":"A","date":"2018-03-22T05:01:02.000Z","volume":500,"label":" ","price":23.45},{"type":"A","date":"2018-03-22T05:01:02.000Z","volume":500,"label":"Y","price":23.45},{"type":"A","date":"2018-03-22T05:02:17.000Z","volume":1000,"label":" ","price":23.45},{"type":"A","date":"2018-03-22T05:02:41.000Z","volume":500,"label":"Y","price":23.45},{"type":"A","date":"2018-03-22T05:02:41.000Z","volume":1500,"label":" ","price":23.45},{"type":"A","date":"2018-03-22T05:02:41.000Z","volume":8500,"label":" ","price":23.45},{"type":"A","date":"2018-03-22T05:02:43.000Z","volume":1500,"label":" ","price":23.5},{"type":"A","date":"2018-03-22T05:03:59.000Z","volume":500,"label":" ","price":23.5},{"type":"B","date":"2018-03-22T05:03:59.000Z","volume":500,"label":" ","price":23.45},{"type":"U","date":"2018-03-22T05:04:45.000Z","volume":500,"label":"X","price":23.45},{"type":"A","date":"2018-03-22T05:06:25.000Z","volume":1000,"label":" ","price":23.5},{"type":"U","date":"2018-03-22T05:07:48.000Z","volume":500,"label":"X","price":23.45},{"type":"B","date":"2018-03-22T05:08:05.000Z","volume":2000,"label":" ","price":23.45},{"type":"B","date":"2018-03-22T05:08:35.000Z","volume":500,"label":" ","price":23.45},{"type":"A","date":"2018-03-22T05:08:59.000Z","volume":500,"label":" ","price":23.5},{"type":"U","date":"2018-03-22T05:10:11.000Z","volume":166,"label":"D","price":23.25},{"type":"A","date":"2018-03-22T05:10:15.000Z","volume":1500,"label":" ","price":23.5},{"type":"A","date":"2018-03-22T05:10:15.000Z","volume":500,"label":" ","price":23.5},{"type":"A","date":"2018-03-22T05:10:15.000Z","volume":2500,"label":" ","price":23.5},{"type":"B","date":"2018-03-22T05:10:15.000Z","volume":500,"label":" ","price":23.45},{"type":"A","date":"2018-03-22T05:10:17.000Z","volume":1000,"label":" ","price":23.5},{"type":"B","date":"2018-03-22T05:11:02.000Z","volume":500,"label":" ","price":23.45},{"type":"A","date":"2018-03-22T05:11:09.000Z","volume":3000,"label":" ","price":23.5},{"type":"A","date":"2018-03-22T05:11:17.000Z","volume":500,"label":" ","price":23.5},{"type":"A","date":"2018-03-22T05:12:59.000Z","volume":500,"label":" ","price":23.5},{"type":"B","date":"2018-03-22T05:14:00.000Z","volume":500,"label":" ","price":23.45},{"type":"A","date":"2018-03-22T05:14:02.000Z","volume":500,"label":" ","price":23.5},{"type":"B","date":"2018-03-22T05:14:18.000Z","volume":500,"label":" ","price":23.45},{"type":"A","date":"2018-03-22T05:15:51.000Z","volume":500,"label":" ","price":23.5},{"type":"B","date":"2018-03-22T05:15:52.000Z","volume":500,"label":" ","price":23.45},{"type":"A","date":"2018-03-22T05:15:55.000Z","volume":4500,"label":" ","price":23.5},{"type":"A","date":"2018-03-22T05:15:59.000Z","volume":1500,"label":" ","price":23.5},{"type":"A","date":"2018-03-22T05:15:59.000Z","volume":500,"label":" ","price":23.5},{"type":"B","date":"2018-03-22T05:16:47.000Z","volume":500,"label":" ","price":23.45},{"type":"B","date":"2018-03-22T05:16:47.000Z","volume":500,"label":" ","price":23.45},{"type":"A","date":"2018-03-22T05:16:51.000Z","volume":500,"label":"Y","price":23.5},{"type":"A","date":"2018-03-22T05:16:54.000Z","volume":500,"label":" ","price":23.5},{"type":"B","date":"2018-03-22T05:17:11.000Z","volume":500,"label":" ","price":23.45},{"type":"A","date":"2018-03-22T05:17:59.000Z","volume":500,"label":" ","price":23.5},{"type":"B","date":"2018-03-22T05:19:18.000Z","volume":500,"label":" ","price":23.45},{"type":"A","date":"2018-03-22T05:19:46.000Z","volume":500,"label":" ","price":23.5},{"type":"A","date":"2018-03-22T05:19:46.000Z","volume":500,"label":" ","price":23.5},{"type":"A","date":"2018-03-22T05:20:56.000Z","volume":1000,"label":" ","price":23.5},{"type":"U","date":"2018-03-22T05:20:56.000Z","volume":500,"label":"X","price":23.5},{"type":"A","date":"2018-03-22T05:21:47.000Z","volume":4500,"label":" ","price":23.5},{"type":"A","date":"2018-03-22T05:21:49.000Z","volume":1000,"label":" ","price":23.5},{"type":"A","date":"2018-03-22T05:21:52.000Z","volume":1000,"label":" ","price":23.5},{"type":"B","date":"2018-03-22T05:21:57.000Z","volume":500,"label":" ","price":23.45},{"type":"A","date":"2018-03-22T05:22:26.000Z","volume":1500,"label":" ","price":23.5},{"type":"B","date":"2018-03-22T05:23:50.000Z","volume":1500,"label":" ","price":23.45},{"type":"B","date":"2018-03-22T05:24:32.000Z","volume":500,"label":" ","price":23.45},{"type":"A","date":"2018-03-22T05:25:12.000Z","volume":500,"label":" ","price":23.5},{"type":"B","date":"2018-03-22T05:25:12.000Z","volume":500,"label":" ","price":23.45},{"type":"A","date":"2018-03-22T05:25:14.000Z","volume":500,"label":" ","price":23.5},{"type":"A","date":"2018-03-22T05:25:56.000Z","volume":1000,"label":" ","price":23.5},{"type":"A","date":"2018-03-22T05:26:26.000Z","volume":1500,"label":" ","price":23.5},{"type":"A","date":"2018-03-22T05:26:26.000Z","volume":11500,"label":" ","price":23.5},{"type":"A","date":"2018-03-22T05:26:28.000Z","volume":1500,"label":" ","price":23.55},{"type":"A","date":"2018-03-22T05:26:59.000Z","volume":500,"label":" ","price":23.55},{"type":"A","date":"2018-03-22T05:27:14.000Z","volume":500,"label":" ","price":23.55},{"type":"A","date":"2018-03-22T05:27:22.000Z","volume":500,"label":" ","price":23.55},{"type":"A","date":"2018-03-22T05:27:37.000Z","volume":500,"label":" ","price":23.55},{"type":"B","date":"2018-03-22T05:27:37.000Z","volume":500,"label":"Y","price":23.5},{"type":"A","date":"2018-03-22T05:27:59.000Z","volume":500,"label":" ","price":23.55},{"type":"A","date":"2018-03-22T05:28:01.000Z","volume":4500,"label":" ","price":23.55},{"type":"A","date":"2018-03-22T05:28:03.000Z","volume":1000,"label":" ","price":23.55},{"type":"A","date":"2018-03-22T05:28:03.000Z","volume":500,"label":"Y","price":23.55},{"type":"A","date":"2018-03-22T05:28:04.000Z","volume":1000,"label":" ","price":23.55},{"type":"B","date":"2018-03-22T05:28:06.000Z","volume":500,"label":"Y","price":23.5},{"type":"A","date":"2018-03-22T05:28:07.000Z","volume":500,"label":"Y","price":23.55},{"type":"A","date":"2018-03-22T05:28:14.000Z","volume":12500,"label":" ","price":23.55},{"type":"A","date":"2018-03-22T05:28:16.000Z","volume":1500,"label":" ","price":23.6},{"type":"A","date":"2018-03-22T05:28:16.000Z","volume":6500,"label":" ","price":23.6},{"type":"A","date":"2018-03-22T05:28:18.000Z","volume":1000,"label":" ","price":23.65},{"type":"A","date":"2018-03-22T05:28:22.000Z","volume":1500,"label":"Y","price":23.65},{"type":"A","date":"2018-03-22T05:28:27.000Z","volume":500,"label":" ","price":23.65},{"type":"U","date":"2018-03-22T05:28:54.000Z","volume":1500,"label":"X","price":23.6},{"type":"B","date":"2018-03-22T05:28:54.000Z","volume":1000,"label":"Y","price":23.6},{"type":"B","date":"2018-03-22T05:28:54.000Z","volume":2500,"label":" ","price":23.6},{"type":"B","date":"2018-03-22T05:29:02.000Z","volume":5500,"label":" ","price":23.6},{"type":"A","date":"2018-03-22T05:29:02.000Z","volume":1500,"label":" ","price":23.6},{"type":"A","date":"2018-03-22T05:29:04.000Z","volume":500,"label":" ","price":23.6},{"type":"B","date":"2018-03-22T05:29:36.000Z","volume":500,"label":" ","price":23.55},{"type":"B","date":"2018-03-22T05:29:51.000Z","volume":500,"label":" ","price":23.55},{"type":"A","date":"2018-03-22T05:29:52.000Z","volume":500,"label":" ","price":23.6},{"type":"A","date":"2018-03-22T05:29:59.000Z","volume":1000,"label":" ","price":23.6},{"type":"B","date":"2018-03-22T05:31:11.000Z","volume":500,"label":" ","price":23.55},{"type":"A","date":"2018-03-22T05:31:13.000Z","volume":500,"label":" ","price":23.6},{"type":"B","date":"2018-03-22T05:31:13.000Z","volume":500,"label":" ","price":23.55},{"type":"B","date":"2018-03-22T05:31:42.000Z","volume":2500,"label":" ","price":23.55},{"type":"A","date":"2018-03-22T05:32:44.000Z","volume":500,"label":" ","price":23.6},{"type":"B","date":"2018-03-22T05:32:51.000Z","volume":500,"label":"Y","price":23.55},{"type":"B","date":"2018-03-22T05:33:02.000Z","volume":500,"label":" ","price":23.55},{"type":"B","date":"2018-03-22T05:33:28.000Z","volume":3000,"label":" ","price":23.55},{"type":"B","date":"2018-03-22T05:34:25.000Z","volume":1000,"label":" ","price":23.5},{"type":"A","date":"2018-03-22T05:35:00.000Z","volume":500,"label":" ","price":23.55},{"type":"A","date":"2018-03-22T05:36:03.000Z","volume":500,"label":" ","price":23.55},{"type":"A","date":"2018-03-22T05:36:03.000Z","volume":2500,"label":" ","price":23.55},{"type":"B","date":"2018-03-22T05:36:03.000Z","volume":1000,"label":" ","price":23.5},{"type":"A","date":"2018-03-22T05:36:06.000Z","volume":1000,"label":" ","price":23.55},{"type":"A","date":"2018-03-22T05:36:08.000Z","volume":14500,"label":" ","price":23.55},{"type":"A","date":"2018-03-22T05:36:08.000Z","volume":14500,"label":" ","price":23.55},{"type":"A","date":"2018-03-22T05:36:10.000Z","volume":3000,"label":" ","price":23.6},{"type":"A","date":"2018-03-22T05:36:10.000Z","volume":1500,"label":" ","price":23.6},{"type":"A","date":"2018-03-22T05:36:27.000Z","volume":1000,"label":" ","price":23.6},{"type":"A","date":"2018-03-22T05:36:54.000Z","volume":500,"label":" ","price":23.6},{"type":"A","date":"2018-03-22T05:36:54.000Z","volume":500,"label":" ","price":23.6},{"type":"A","date":"2018-03-22T05:36:54.000Z","volume":1000,"label":" ","price":23.6},{"type":"A","date":"2018-03-22T05:36:54.000Z","volume":500,"label":" ","price":23.6},{"type":"A","date":"2018-03-22T05:36:56.000Z","volume":500,"label":" ","price":23.6},{"type":"A","date":"2018-03-22T05:37:11.000Z","volume":500,"label":" ","price":23.6},{"type":"A","date":"2018-03-22T05:37:45.000Z","volume":1000,"label":" ","price":23.6},{"type":"B","date":"2018-03-22T05:37:51.000Z","volume":1000,"label":"Y","price":23.55},{"type":"A","date":"2018-03-22T05:37:52.000Z","volume":2500,"label":" ","price":23.6},{"type":"A","date":"2018-03-22T05:37:54.000Z","volume":500,"label":" ","price":23.6},{"type":"B","date":"2018-03-22T05:37:58.000Z","volume":500,"label":"Y","price":23.55},{"type":"A","date":"2018-03-22T05:38:00.000Z","volume":2500,"label":"Y","price":23.6},{"type":"A","date":"2018-03-22T05:38:02.000Z","volume":500,"label":" ","price":23.6},{"type":"B","date":"2018-03-22T05:38:06.000Z","volume":500,"label":"Y","price":23.55},{"type":"A","date":"2018-03-22T05:38:15.000Z","volume":1000,"label":" ","price":23.6},{"type":"A","date":"2018-03-22T05:38:15.000Z","volume":1500,"label":" ","price":23.6},{"type":"A","date":"2018-03-22T05:38:18.000Z","volume":500,"label":" ","price":23.6},{"type":"A","date":"2018-03-22T05:39:02.000Z","volume":1500,"label":" ","price":23.6},{"type":"A","date":"2018-03-22T05:39:05.000Z","volume":500,"label":" ","price":23.65},{"type":"A","date":"2018-03-22T05:41:44.000Z","volume":500,"label":"Y","price":23.65},{"type":"A","date":"2018-03-22T05:42:21.000Z","volume":1000,"label":" ","price":23.65},{"type":"B","date":"2018-03-22T05:42:24.000Z","volume":1000,"label":"Y","price":23.6},{"type":"B","date":"2018-03-22T05:42:24.000Z","volume":2500,"label":" ","price":23.6},{"type":"A","date":"2018-03-22T05:42:26.000Z","volume":500,"label":" ","price":23.65},{"type":"B","date":"2018-03-22T05:43:59.000Z","volume":500,"label":" ","price":23.6},{"type":"A","date":"2018-03-22T05:44:04.000Z","volume":1000,"label":" ","price":23.65},{"type":"B","date":"2018-03-22T05:44:38.000Z","volume":500,"label":" ","price":23.6},{"type":"A","date":"2018-03-22T05:44:42.000Z","volume":4000,"label":" ","price":23.65},{"type":"A","date":"2018-03-22T05:44:44.000Z","volume":1000,"label":" ","price":23.65},{"type":"A","date":"2018-03-22T05:44:49.000Z","volume":1000,"label":" ","price":23.65},{"type":"A","date":"2018-03-22T05:44:49.000Z","volume":2000,"label":" ","price":23.65},{"type":"A","date":"2018-03-22T05:44:55.000Z","volume":500,"label":" ","price":23.65},{"type":"B","date":"2018-03-22T05:45:25.000Z","volume":500,"label":" ","price":23.6},{"type":"B","date":"2018-03-22T05:46:36.000Z","volume":2000,"label":" ","price":23.6},{"type":"B","date":"2018-03-22T05:46:37.000Z","volume":500,"label":" ","price":23.6},{"type":"B","date":"2018-03-22T05:46:54.000Z","volume":1000,"label":" ","price":23.6},{"type":"A","date":"2018-03-22T05:47:11.000Z","volume":500,"label":" ","price":23.65},{"type":"A","date":"2018-03-22T05:47:45.000Z","volume":500,"label":"Y","price":23.65},{"type":"A","date":"2018-03-22T05:48:00.000Z","volume":500,"label":"Y","price":23.65},{"type":"A","date":"2018-03-22T05:48:23.000Z","volume":500,"label":" ","price":23.65},{"type":"B","date":"2018-03-22T05:48:45.000Z","volume":2000,"label":"Y","price":23.6},{"type":"B","date":"2018-03-22T05:48:45.000Z","volume":8000,"label":" ","price":23.6},{"type":"B","date":"2018-03-22T05:48:48.000Z","volume":500,"label":" ","price":23.6},{"type":"B","date":"2018-03-22T05:48:49.000Z","volume":1500,"label":" ","price":23.6},{"type":"A","date":"2018-03-22T05:48:51.000Z","volume":500,"label":" ","price":23.65},{"type":"B","date":"2018-03-22T05:48:51.000Z","volume":500,"label":" ","price":23.6},{"type":"A","date":"2018-03-22T05:49:00.000Z","volume":500,"label":" ","price":23.65},{"type":"B","date":"2018-03-22T05:49:41.000Z","volume":1000,"label":" ","price":23.6},{"type":"B","date":"2018-03-22T05:49:51.000Z","volume":500,"label":" ","price":23.6},{"type":"A","date":"2018-03-22T05:50:22.000Z","volume":4000,"label":" ","price":23.65},{"type":"A","date":"2018-03-22T05:50:22.000Z","volume":500,"label":" ","price":23.65},{"type":"B","date":"2018-03-22T05:50:23.000Z","volume":500,"label":"Y","price":23.6},{"type":"B","date":"2018-03-22T05:50:23.000Z","volume":1000,"label":" ","price":23.6},{"type":"A","date":"2018-03-22T05:50:24.000Z","volume":1000,"label":" ","price":23.65},{"type":"B","date":"2018-03-22T05:50:40.000Z","volume":5000,"label":" ","price":23.6},{"type":"B","date":"2018-03-22T05:50:40.000Z","volume":500,"label":"Y","price":23.6},{"type":"A","date":"2018-03-22T05:52:46.000Z","volume":500,"label":"Y","price":23.65},{"type":"B","date":"2018-03-22T05:52:46.000Z","volume":500,"label":" ","price":23.6},{"type":"B","date":"2018-03-22T05:53:19.000Z","volume":500,"label":"Y","price":23.6},{"type":"B","date":"2018-03-22T05:53:19.000Z","volume":1500,"label":" ","price":23.6},{"type":"A","date":"2018-03-22T05:54:30.000Z","volume":3000,"label":" ","price":23.65},{"type":"A","date":"2018-03-22T05:54:32.000Z","volume":500,"label":" ","price":23.65},{"type":"U","date":"2018-03-22T05:54:36.000Z","volume":500,"label":"X","price":23.6},{"type":"A","date":"2018-03-22T05:55:00.000Z","volume":1500,"label":" ","price":23.65},{"type":"B","date":"2018-03-22T05:55:32.000Z","volume":500,"label":" ","price":23.6},{"type":"A","date":"2018-03-22T05:55:32.000Z","volume":500,"label":" ","price":23.65},{"type":"A","date":"2018-03-22T05:55:34.000Z","volume":500,"label":" ","price":23.65},{"type":"B","date":"2018-03-22T05:55:49.000Z","volume":7000,"label":" ","price":23.6},{"type":"B","date":"2018-03-22T05:55:56.000Z","volume":1500,"label":"Y","price":23.6},{"type":"B","date":"2018-03-22T05:55:56.000Z","volume":1000,"label":" ","price":23.6},{"type":"A","date":"2018-03-22T05:55:58.000Z","volume":500,"label":" ","price":23.65},{"type":"A","date":"2018-03-22T05:56:37.000Z","volume":500,"label":" ","price":23.65},{"type":"B","date":"2018-03-22T05:57:51.000Z","volume":500,"label":" ","price":23.6},{"type":"B","date":"2018-03-22T05:57:51.000Z","volume":500,"label":" ","price":23.6},{"type":"A","date":"2018-03-22T05:58:01.000Z","volume":500,"label":" ","price":23.65},{"type":"B","date":"2018-03-22T05:59:02.000Z","volume":500,"label":" ","price":23.6},{"type":"A","date":"2018-03-22T05:59:54.000Z","volume":500,"label":" ","price":23.65},{"type":"A","date":"2018-03-22T05:59:54.000Z","volume":500,"label":" ","price":23.65},{"type":"A","date":"2018-03-22T05:59:54.000Z","volume":3500,"label":" ","price":23.65},{"type":"A","date":"2018-03-22T05:59:56.000Z","volume":1000,"label":" ","price":23.65},{"type":"B","date":"2018-03-22T06:00:36.000Z","volume":500,"label":" ","price":23.6},{"type":"B","date":"2018-03-22T06:00:44.000Z","volume":500,"label":" ","price":23.6},{"type":"A","date":"2018-03-22T06:01:03.000Z","volume":500,"label":" ","price":23.65},{"type":"A","date":"2018-03-22T06:01:19.000Z","volume":3000,"label":" ","price":23.65},{"type":"A","date":"2018-03-22T06:02:20.000Z","volume":500,"label":" ","price":23.65},{"type":"A","date":"2018-03-22T06:02:25.000Z","volume":2000,"label":" ","price":23.65},{"type":"A","date":"2018-03-22T06:02:27.000Z","volume":500,"label":" ","price":23.65},{"type":"A","date":"2018-03-22T06:02:53.000Z","volume":1500,"label":" ","price":23.65},{"type":"A","date":"2018-03-22T06:02:53.000Z","volume":500,"label":" ","price":23.65},{"type":"B","date":"2018-03-22T06:02:59.000Z","volume":500,"label":" ","price":23.6},{"type":"A","date":"2018-03-22T06:03:01.000Z","volume":1500,"label":" ","price":23.65},{"type":"B","date":"2018-03-22T06:03:19.000Z","volume":500,"label":"Y","price":23.6},{"type":"A","date":"2018-03-22T06:03:34.000Z","volume":1500,"label":" ","price":23.65},{"type":"A","date":"2018-03-22T06:04:00.000Z","volume":1000,"label":" ","price":23.65},{"type":"A","date":"2018-03-22T06:04:00.000Z","volume":500,"label":"Y","price":23.65},{"type":"A","date":"2018-03-22T06:04:00.000Z","volume":500,"label":" ","price":23.65},{"type":"A","date":"2018-03-22T06:04:00.000Z","volume":1000,"label":" ","price":23.65},{"type":"A","date":"2018-03-22T06:04:00.000Z","volume":500,"label":" ","price":23.65},{"type":"A","date":"2018-03-22T06:04:02.000Z","volume":500,"label":" ","price":23.65},{"type":"A","date":"2018-03-22T06:04:02.000Z","volume":1000,"label":" ","price":23.65},{"type":"A","date":"2018-03-22T06:04:06.000Z","volume":1000,"label":" ","price":23.65},{"type":"A","date":"2018-03-22T06:04:06.000Z","volume":500,"label":" ","price":23.65},{"type":"A","date":"2018-03-22T06:04:06.000Z","volume":1000,"label":" ","price":23.65},{"type":"A","date":"2018-03-22T06:04:06.000Z","volume":500,"label":" ","price":23.65},{"type":"A","date":"2018-03-22T06:04:06.000Z","volume":1000,"label":" ","price":23.65},{"type":"A","date":"2018-03-22T06:04:08.000Z","volume":500,"label":" ","price":23.65},{"type":"A","date":"2018-03-22T06:04:23.000Z","volume":500,"label":" ","price":23.65},{"type":"B","date":"2018-03-22T06:04:28.000Z","volume":1500,"label":" ","price":23.6},{"type":"A","date":"2018-03-22T06:04:53.000Z","volume":500,"label":" ","price":23.65},{"type":"A","date":"2018-03-22T06:05:01.000Z","volume":500,"label":" ","price":23.65},{"type":"A","date":"2018-03-22T06:05:36.000Z","volume":2000,"label":" ","price":23.65},{"type":"A","date":"2018-03-22T06:05:37.000Z","volume":500,"label":" ","price":23.65},{"type":"A","date":"2018-03-22T06:06:32.000Z","volume":500,"label":" ","price":23.65},{"type":"A","date":"2018-03-22T06:06:41.000Z","volume":2000,"label":" ","price":23.65},{"type":"A","date":"2018-03-22T06:08:00.000Z","volume":500,"label":"Y","price":23.65},{"type":"A","date":"2018-03-22T06:08:00.000Z","volume":500,"label":" ","price":23.65},{"type":"A","date":"2018-03-22T06:08:00.000Z","volume":1000,"label":" ","price":23.65},{"type":"U","date":"2018-03-22T06:08:00.000Z","volume":1000,"label":"X","price":23.6},{"type":"A","date":"2018-03-22T06:08:02.000Z","volume":500,"label":" ","price":23.65},{"type":"B","date":"2018-03-22T06:08:42.000Z","volume":500,"label":" ","price":23.6},{"type":"A","date":"2018-03-22T06:08:46.000Z","volume":2000,"label":" ","price":23.65},{"type":"A","date":"2018-03-22T06:08:47.000Z","volume":1500,"label":" ","price":23.65},{"type":"A","date":"2018-03-22T06:08:47.000Z","volume":500,"label":" ","price":23.65},{"type":"A","date":"2018-03-22T06:08:47.000Z","volume":500,"label":" ","price":23.65},{"type":"A","date":"2018-03-22T06:08:49.000Z","volume":500,"label":" ","price":23.65},{"type":"A","date":"2018-03-22T06:09:05.000Z","volume":500,"label":"Y","price":23.65},{"type":"A","date":"2018-03-22T06:09:45.000Z","volume":1000,"label":" ","price":23.65},{"type":"A","date":"2018-03-22T06:10:34.000Z","volume":500,"label":" ","price":23.65},{"type":"A","date":"2018-03-22T06:10:40.000Z","volume":1500,"label":" ","price":23.65},{"type":"A","date":"2018-03-22T06:10:41.000Z","volume":500,"label":" ","price":23.65},{"type":"A","date":"2018-03-22T06:10:46.000Z","volume":500,"label":" ","price":23.65},{"type":"A","date":"2018-03-22T06:10:54.000Z","volume":1000,"label":" ","price":23.65},{"type":"A","date":"2018-03-22T06:11:01.000Z","volume":500,"label":" ","price":23.65},{"type":"A","date":"2018-03-22T06:11:13.000Z","volume":2500,"label":" ","price":23.65},{"type":"B","date":"2018-03-22T06:11:15.000Z","volume":500,"label":" ","price":23.6},{"type":"A","date":"2018-03-22T06:11:15.000Z","volume":500,"label":" ","price":23.65},{"type":"A","date":"2018-03-22T06:11:16.000Z","volume":500,"label":" ","price":23.65},{"type":"A","date":"2018-03-22T06:11:18.000Z","volume":500,"label":" ","price":23.65},{"type":"A","date":"2018-03-22T06:11:18.000Z","volume":1500,"label":" ","price":23.65},{"type":"A","date":"2018-03-22T06:11:18.000Z","volume":1000,"label":" ","price":23.65},{"type":"A","date":"2018-03-22T06:11:20.000Z","volume":500,"label":" ","price":23.65},{"type":"B","date":"2018-03-22T06:11:44.000Z","volume":500,"label":" ","price":23.6},{"type":"A","date":"2018-03-22T06:11:45.000Z","volume":1000,"label":" ","price":23.65},{"type":"A","date":"2018-03-22T06:11:45.000Z","volume":1000,"label":" ","price":23.65},{"type":"A","date":"2018-03-22T06:11:46.000Z","volume":500,"label":"Y","price":23.65},{"type":"A","date":"2018-03-22T06:12:40.000Z","volume":1000,"label":"Y","price":23.65},{"type":"A","date":"2018-03-22T06:12:40.000Z","volume":500,"label":" ","price":23.65},{"type":"A","date":"2018-03-22T06:12:40.000Z","volume":500,"label":" ","price":23.65},{"type":"A","date":"2018-03-22T06:12:41.000Z","volume":500,"label":" ","price":23.65},{"type":"A","date":"2018-03-22T06:13:05.000Z","volume":2000,"label":" ","price":23.65},{"type":"A","date":"2018-03-22T06:13:05.000Z","volume":3500,"label":"Y","price":23.65},{"type":"A","date":"2018-03-22T06:13:05.000Z","volume":2000,"label":" ","price":23.65},{"type":"A","date":"2018-03-22T06:13:08.000Z","volume":1000,"label":" ","price":23.7},{"type":"A","date":"2018-03-22T06:13:08.000Z","volume":1500,"label":" ","price":23.7},{"type":"A","date":"2018-03-22T06:14:09.000Z","volume":500,"label":" ","price":23.7},{"type":"B","date":"2018-03-22T06:14:25.000Z","volume":1000,"label":" ","price":23.65},{"type":"A","date":"2018-03-22T06:14:30.000Z","volume":500,"label":" ","price":23.7},{"type":"A","date":"2018-03-22T06:15:15.000Z","volume":1500,"label":" ","price":23.7},{"type":"A","date":"2018-03-22T06:15:15.000Z","volume":1000,"label":" ","price":23.7},{"type":"A","date":"2018-03-22T06:15:18.000Z","volume":500,"label":" ","price":23.7},{"type":"B","date":"2018-03-22T06:15:20.000Z","volume":500,"label":"Y","price":23.65},{"type":"B","date":"2018-03-22T06:15:20.000Z","volume":1000,"label":" ","price":23.65},{"type":"B","date":"2018-03-22T06:15:20.000Z","volume":11500,"label":" ","price":23.65},{"type":"B","date":"2018-03-22T06:15:20.000Z","volume":2000,"label":" ","price":23.65},{"type":"B","date":"2018-03-22T06:15:20.000Z","volume":1000,"label":" ","price":23.65},{"type":"B","date":"2018-03-22T06:15:20.000Z","volume":1000,"label":" ","price":23.65},{"type":"B","date":"2018-03-22T06:15:20.000Z","volume":500,"label":" ","price":23.65},{"type":"B","date":"2018-03-22T06:15:20.000Z","volume":500,"label":" ","price":23.65},{"type":"B","date":"2018-03-22T06:15:20.000Z","volume":500,"label":" ","price":23.65},{"type":"B","date":"2018-03-22T06:15:21.000Z","volume":1500,"label":" ","price":23.65},{"type":"U","date":"2018-03-22T06:15:21.000Z","volume":1000,"label":" ","price":23.65},{"type":"U","date":"2018-03-22T06:15:21.000Z","volume":2000,"label":" ","price":23.65},{"type":"U","date":"2018-03-22T06:15:21.000Z","volume":500,"label":" ","price":23.65},{"type":"U","date":"2018-03-22T06:15:21.000Z","volume":1000,"label":" ","price":23.65},{"type":"U","date":"2018-03-22T06:15:21.000Z","volume":500,"label":" ","price":23.65},{"type":"U","date":"2018-03-22T06:15:21.000Z","volume":1000,"label":" ","price":23.65},{"type":"B","date":"2018-03-22T06:16:01.000Z","volume":4000,"label":" ","price":23.6},{"type":"B","date":"2018-03-22T06:16:10.000Z","volume":1500,"label":"Y","price":23.6},{"type":"B","date":"2018-03-22T06:16:10.000Z","volume":3500,"label":" ","price":23.6},{"type":"B","date":"2018-03-22T06:16:10.000Z","volume":5000,"label":" ","price":23.6},{"type":"B","date":"2018-03-22T06:16:15.000Z","volume":1000,"label":" ","price":23.55},{"type":"B","date":"2018-03-22T06:16:30.000Z","volume":500,"label":" ","price":23.55},{"type":"A","date":"2018-03-22T06:16:47.000Z","volume":500,"label":" ","price":23.65},{"type":"A","date":"2018-03-22T06:16:54.000Z","volume":500,"label":" ","price":23.65},{"type":"A","date":"2018-03-22T06:17:02.000Z","volume":500,"label":" ","price":23.65},{"type":"B","date":"2018-03-22T06:17:39.000Z","volume":3000,"label":" ","price":23.55},{"type":"A","date":"2018-03-22T06:17:39.000Z","volume":500,"label":" ","price":23.55},{"type":"A","date":"2018-03-22T06:17:42.000Z","volume":1000,"label":" ","price":23.55},{"type":"A","date":"2018-03-22T06:17:43.000Z","volume":500,"label":" ","price":23.55},{"type":"A","date":"2018-03-22T06:19:54.000Z","volume":2500,"label":" ","price":23.55},{"type":"B","date":"2018-03-22T06:20:00.000Z","volume":500,"label":" ","price":23.5},{"type":"A","date":"2018-03-22T06:20:02.000Z","volume":500,"label":" ","price":23.55},{"type":"A","date":"2018-03-22T06:20:18.000Z","volume":500,"label":" ","price":23.55},{"type":"A","date":"2018-03-22T06:20:29.000Z","volume":3000,"label":" ","price":23.55},{"type":"A","date":"2018-03-22T06:20:29.000Z","volume":6500,"label":" ","price":23.55},{"type":"A","date":"2018-03-22T06:20:29.000Z","volume":500,"label":" ","price":23.55},{"type":"A","date":"2018-03-22T06:20:31.000Z","volume":1500,"label":" ","price":23.6},{"type":"A","date":"2018-03-22T06:20:32.000Z","volume":500,"label":"Y","price":23.6},{"type":"A","date":"2018-03-22T06:21:39.000Z","volume":500,"label":" ","price":23.6},{"type":"A","date":"2018-03-22T06:21:54.000Z","volume":500,"label":" ","price":23.6},{"type":"A","date":"2018-03-22T06:22:46.000Z","volume":500,"label":" ","price":23.6},{"type":"B","date":"2018-03-22T06:22:46.000Z","volume":500,"label":" ","price":23.55},{"type":"B","date":"2018-03-22T06:25:36.000Z","volume":500,"label":"Y","price":23.55},{"type":"A","date":"2018-03-22T06:26:12.000Z","volume":500,"label":" ","price":23.6},{"type":"A","date":"2018-03-22T06:26:31.000Z","volume":2500,"label":" ","price":23.6},{"type":"A","date":"2018-03-22T06:26:32.000Z","volume":500,"label":" ","price":23.6},{"type":"A","date":"2018-03-22T06:26:37.000Z","volume":1000,"label":" ","price":23.6},{"type":"A","date":"2018-03-22T06:26:37.000Z","volume":1000,"label":" ","price":23.6},{"type":"A","date":"2018-03-22T06:26:37.000Z","volume":1000,"label":" ","price":23.6},{"type":"A","date":"2018-03-22T06:26:37.000Z","volume":1000,"label":" ","price":23.6},{"type":"A","date":"2018-03-22T06:26:39.000Z","volume":500,"label":" ","price":23.6},{"type":"A","date":"2018-03-22T06:26:45.000Z","volume":1000,"label":" ","price":23.6},{"type":"A","date":"2018-03-22T06:26:45.000Z","volume":1000,"label":" ","price":23.6},{"type":"A","date":"2018-03-22T06:26:45.000Z","volume":1500,"label":" ","price":23.6},{"type":"A","date":"2018-03-22T06:26:45.000Z","volume":500,"label":" ","price":23.6},{"type":"A","date":"2018-03-22T06:26:47.000Z","volume":500,"label":" ","price":23.65},{"type":"A","date":"2018-03-22T06:27:32.000Z","volume":500,"label":"Y","price":23.65},{"type":"A","date":"2018-03-22T06:27:41.000Z","volume":2000,"label":" ","price":23.65},{"type":"A","date":"2018-03-22T06:27:47.000Z","volume":1000,"label":"Y","price":23.65},{"type":"B","date":"2018-03-22T06:28:06.000Z","volume":5000,"label":" ","price":23.6},{"type":"A","date":"2018-03-22T06:28:08.000Z","volume":1000,"label":" ","price":23.65},{"type":"A","date":"2018-03-22T06:28:10.000Z","volume":500,"label":"Y","price":23.65},{"type":"A","date":"2018-03-22T06:28:10.000Z","volume":500,"label":" ","price":23.65},{"type":"A","date":"2018-03-22T06:28:43.000Z","volume":500,"label":" ","price":23.65},{"type":"B","date":"2018-03-22T06:28:43.000Z","volume":500,"label":" ","price":23.6},{"type":"U","date":"2018-03-22T06:30:01.000Z","volume":1000,"label":"X","price":23.6},{"type":"A","date":"2018-03-22T06:30:50.000Z","volume":3500,"label":" ","price":23.65},{"type":"A","date":"2018-03-22T06:30:51.000Z","volume":500,"label":" ","price":23.65},{"type":"A","date":"2018-03-22T06:30:55.000Z","volume":500,"label":" ","price":23.65},{"type":"U","date":"2018-03-22T06:30:56.000Z","volume":500,"label":"X","price":23.6},{"type":"A","date":"2018-03-22T06:30:58.000Z","volume":1000,"label":" ","price":23.65},{"type":"A","date":"2018-03-22T06:30:58.000Z","volume":500,"label":" ","price":23.65},{"type":"A","date":"2018-03-22T06:30:58.000Z","volume":500,"label":" ","price":23.65},{"type":"A","date":"2018-03-22T06:30:58.000Z","volume":500,"label":" ","price":23.65},{"type":"A","date":"2018-03-22T06:30:58.000Z","volume":1000,"label":" ","price":23.65},{"type":"A","date":"2018-03-22T06:31:00.000Z","volume":500,"label":" ","price":23.65},{"type":"A","date":"2018-03-22T06:31:03.000Z","volume":1000,"label":"Y","price":23.65},{"type":"A","date":"2018-03-22T06:31:03.000Z","volume":500,"label":" ","price":23.65},{"type":"B","date":"2018-03-22T06:31:08.000Z","volume":500,"label":" ","price":23.6},{"type":"A","date":"2018-03-22T06:32:00.000Z","volume":1000,"label":"Y","price":23.65},{"type":"A","date":"2018-03-22T06:32:00.000Z","volume":1000,"label":" ","price":23.65},{"type":"A","date":"2018-03-22T06:32:00.000Z","volume":500,"label":" ","price":23.65},{"type":"A","date":"2018-03-22T06:32:02.000Z","volume":500,"label":" ","price":23.65},{"type":"B","date":"2018-03-22T06:32:08.000Z","volume":1000,"label":" ","price":23.6},{"type":"A","date":"2018-03-22T06:33:05.000Z","volume":1500,"label":"Y","price":23.65},{"type":"A","date":"2018-03-22T06:33:55.000Z","volume":500,"label":"Y","price":23.65},{"type":"A","date":"2018-03-22T06:33:55.000Z","volume":1000,"label":" ","price":23.65},{"type":"B","date":"2018-03-22T06:33:55.000Z","volume":500,"label":" ","price":23.6},{"type":"A","date":"2018-03-22T06:33:55.000Z","volume":500,"label":" ","price":23.65},{"type":"A","date":"2018-03-22T06:33:57.000Z","volume":500,"label":" ","price":23.65},{"type":"A","date":"2018-03-22T06:33:59.000Z","volume":1000,"label":" ","price":23.65},{"type":"A","date":"2018-03-22T06:34:00.000Z","volume":1000,"label":" ","price":23.65},{"type":"A","date":"2018-03-22T06:34:00.000Z","volume":1000,"label":" ","price":23.65},{"type":"A","date":"2018-03-22T06:34:00.000Z","volume":500,"label":" ","price":23.65},{"type":"A","date":"2018-03-22T06:34:03.000Z","volume":1000,"label":" ","price":23.65},{"type":"B","date":"2018-03-22T06:34:04.000Z","volume":500,"label":" ","price":23.6},{"type":"A","date":"2018-03-22T06:34:05.000Z","volume":500,"label":" ","price":23.65},{"type":"A","date":"2018-03-22T06:34:18.000Z","volume":500,"label":" ","price":23.65},{"type":"A","date":"2018-03-22T06:34:40.000Z","volume":500,"label":"Y","price":23.65},{"type":"B","date":"2018-03-22T06:34:56.000Z","volume":500,"label":"Y","price":23.6},{"type":"B","date":"2018-03-22T06:34:56.000Z","volume":1000,"label":" ","price":23.6},{"type":"A","date":"2018-03-22T06:35:03.000Z","volume":1000,"label":" ","price":23.65},{"type":"A","date":"2018-03-22T06:35:05.000Z","volume":500,"label":" ","price":23.65},{"type":"A","date":"2018-03-22T06:35:55.000Z","volume":1500,"label":"Y","price":23.65},{"type":"A","date":"2018-03-22T06:35:55.000Z","volume":500,"label":" ","price":23.65},{"type":"A","date":"2018-03-22T06:35:55.000Z","volume":500,"label":"Y","price":23.65},{"type":"B","date":"2018-03-22T06:35:57.000Z","volume":500,"label":"Y","price":23.6},{"type":"A","date":"2018-03-22T06:36:15.000Z","volume":1000,"label":" ","price":23.65},{"type":"A","date":"2018-03-22T06:36:15.000Z","volume":1000,"label":" ","price":23.65},{"type":"A","date":"2018-03-22T06:36:17.000Z","volume":500,"label":" ","price":23.65},{"type":"A","date":"2018-03-22T06:36:20.000Z","volume":500,"label":" ","price":23.65},{"type":"B","date":"2018-03-22T06:36:50.000Z","volume":1000,"label":" ","price":23.6},{"type":"A","date":"2018-03-22T06:36:54.000Z","volume":2000,"label":" ","price":23.65},{"type":"A","date":"2018-03-22T06:37:14.000Z","volume":500,"label":" ","price":23.65},{"type":"A","date":"2018-03-22T06:37:31.000Z","volume":2000,"label":" ","price":23.65},{"type":"A","date":"2018-03-22T06:37:31.000Z","volume":500,"label":" ","price":23.65},{"type":"B","date":"2018-03-22T06:37:55.000Z","volume":7000,"label":" ","price":23.6},{"type":"B","date":"2018-03-22T06:37:55.000Z","volume":8500,"label":" ","price":23.6},{"type":"B","date":"2018-03-22T06:37:55.000Z","volume":2000,"label":" ","price":23.6},{"type":"B","date":"2018-03-22T06:37:55.000Z","volume":1500,"label":" ","price":23.6},{"type":"A","date":"2018-03-22T06:37:55.000Z","volume":500,"label":"Y","price":23.6},{"type":"A","date":"2018-03-22T06:37:55.000Z","volume":1000,"label":" ","price":23.6},{"type":"A","date":"2018-03-22T06:38:26.000Z","volume":1000,"label":" ","price":23.6},{"type":"A","date":"2018-03-22T06:38:33.000Z","volume":1000,"label":" ","price":23.6},{"type":"A","date":"2018-03-22T06:38:35.000Z","volume":500,"label":" ","price":23.6},{"type":"A","date":"2018-03-22T06:38:41.000Z","volume":500,"label":"Y","price":23.6},{"type":"A","date":"2018-03-22T06:38:48.000Z","volume":500,"label":"Y","price":23.6},{"type":"A","date":"2018-03-22T06:38:56.000Z","volume":500,"label":"Y","price":23.6},{"type":"A","date":"2018-03-22T06:38:56.000Z","volume":500,"label":" ","price":23.6},{"type":"A","date":"2018-03-22T06:39:08.000Z","volume":3500,"label":"Y","price":23.6},{"type":"A","date":"2018-03-22T06:39:08.000Z","volume":4000,"label":" ","price":23.6},{"type":"A","date":"2018-03-22T06:39:09.000Z","volume":1000,"label":" ","price":23.6},{"type":"A","date":"2018-03-22T06:39:12.000Z","volume":2500,"label":" ","price":23.6},{"type":"A","date":"2018-03-22T06:39:12.000Z","volume":500,"label":" ","price":23.6},{"type":"A","date":"2018-03-22T06:39:12.000Z","volume":500,"label":" ","price":23.6},{"type":"B","date":"2018-03-22T06:39:22.000Z","volume":9500,"label":" ","price":23.55},{"type":"A","date":"2018-03-22T06:39:22.000Z","volume":2000,"label":" ","price":23.55},{"type":"A","date":"2018-03-22T06:39:22.000Z","volume":500,"label":" ","price":23.55},{"type":"A","date":"2018-03-22T06:39:25.000Z","volume":500,"label":" ","price":23.55},{"type":"A","date":"2018-03-22T06:40:00.000Z","volume":1000,"label":" ","price":23.55},{"type":"B","date":"2018-03-22T06:40:52.000Z","volume":500,"label":" ","price":23.55},{"type":"A","date":"2018-03-22T06:41:15.000Z","volume":1500,"label":" ","price":23.6},{"type":"A","date":"2018-03-22T06:41:17.000Z","volume":500,"label":" ","price":23.6},{"type":"B","date":"2018-03-22T06:41:59.000Z","volume":500,"label":" ","price":23.55},{"type":"A","date":"2018-03-22T06:42:55.000Z","volume":500,"label":"Y","price":23.6},{"type":"A","date":"2018-03-22T06:42:56.000Z","volume":1000,"label":"Y","price":23.6},{"type":"A","date":"2018-03-22T06:42:56.000Z","volume":500,"label":" ","price":23.6},{"type":"A","date":"2018-03-22T06:43:49.000Z","volume":500,"label":" ","price":23.6},{"type":"A","date":"2018-03-22T06:43:56.000Z","volume":500,"label":" ","price":23.6},{"type":"A","date":"2018-03-22T06:44:25.000Z","volume":3000,"label":"Y","price":23.6},{"type":"A","date":"2018-03-22T06:44:25.000Z","volume":7500,"label":" ","price":23.6},{"type":"A","date":"2018-03-22T06:44:25.000Z","volume":2500,"label":" ","price":23.6},{"type":"A","date":"2018-03-22T06:44:26.000Z","volume":2000,"label":" ","price":23.65},{"type":"B","date":"2018-03-22T06:44:31.000Z","volume":8500,"label":" ","price":23.6},{"type":"U","date":"2018-03-22T06:44:31.000Z","volume":1500,"label":"X","price":23.6},{"type":"B","date":"2018-03-22T06:44:31.000Z","volume":5000,"label":" ","price":23.55},{"type":"A","date":"2018-03-22T06:44:31.000Z","volume":1000,"label":" ","price":23.6},{"type":"A","date":"2018-03-22T06:44:31.000Z","volume":500,"label":" ","price":23.6},{"type":"B","date":"2018-03-22T06:44:35.000Z","volume":1000,"label":"Y","price":23.55},{"type":"A","date":"2018-03-22T06:46:29.000Z","volume":500,"label":" ","price":23.6},{"type":"B","date":"2018-03-22T06:46:45.000Z","volume":500,"label":" ","price":23.55},{"type":"B","date":"2018-03-22T06:46:59.000Z","volume":7000,"label":" ","price":23.55},{"type":"B","date":"2018-03-22T06:47:35.000Z","volume":1000,"label":" ","price":23.55},{"type":"A","date":"2018-03-22T06:48:39.000Z","volume":500,"label":"Y","price":23.6},{"type":"A","date":"2018-03-22T06:49:02.000Z","volume":500,"label":" ","price":23.6},{"type":"A","date":"2018-03-22T06:49:15.000Z","volume":2500,"label":" ","price":23.6},{"type":"B","date":"2018-03-22T06:50:49.000Z","volume":1000,"label":"Y","price":23.55},{"type":"A","date":"2018-03-22T06:51:34.000Z","volume":500,"label":"Y","price":23.6},{"type":"A","date":"2018-03-22T06:51:50.000Z","volume":500,"label":" ","price":23.6},{"type":"A","date":"2018-03-22T06:52:30.000Z","volume":1000,"label":" ","price":23.6},{"type":"A","date":"2018-03-22T06:52:30.000Z","volume":1000,"label":" ","price":23.6},{"type":"A","date":"2018-03-22T06:52:32.000Z","volume":500,"label":" ","price":23.6},{"type":"A","date":"2018-03-22T06:52:58.000Z","volume":3500,"label":" ","price":23.6},{"type":"A","date":"2018-03-22T06:52:59.000Z","volume":500,"label":" ","price":23.6},{"type":"B","date":"2018-03-22T06:53:25.000Z","volume":500,"label":" ","price":23.55},{"type":"A","date":"2018-03-22T06:53:50.000Z","volume":500,"label":"Y","price":23.6},{"type":"A","date":"2018-03-22T06:53:52.000Z","volume":2000,"label":" ","price":23.6},{"type":"A","date":"2018-03-22T06:53:56.000Z","volume":2500,"label":" ","price":23.6},{"type":"A","date":"2018-03-22T06:53:56.000Z","volume":500,"label":" ","price":23.6},{"type":"A","date":"2018-03-22T06:53:57.000Z","volume":1000,"label":" ","price":23.6},{"type":"A","date":"2018-03-22T06:54:20.000Z","volume":500,"label":" ","price":23.6},{"type":"A","date":"2018-03-22T06:54:37.000Z","volume":500,"label":" ","price":23.6},{"type":"A","date":"2018-03-22T06:54:48.000Z","volume":4500,"label":" ","price":23.6},{"type":"A","date":"2018-03-22T06:54:48.000Z","volume":6000,"label":" ","price":23.6},{"type":"A","date":"2018-03-22T06:54:48.000Z","volume":500,"label":" ","price":23.6},{"type":"A","date":"2018-03-22T06:54:50.000Z","volume":1000,"label":"Y","price":23.65},{"type":"A","date":"2018-03-22T06:54:50.000Z","volume":1500,"label":" ","price":23.65},{"type":"B","date":"2018-03-22T06:54:52.000Z","volume":1500,"label":" ","price":23.6},{"type":"A","date":"2018-03-22T06:54:57.000Z","volume":500,"label":"Y","price":23.65},{"type":"A","date":"2018-03-22T06:55:05.000Z","volume":500,"label":"Y","price":23.65},{"type":"A","date":"2018-03-22T06:55:07.000Z","volume":500,"label":" ","price":23.65},{"type":"A","date":"2018-03-22T06:55:12.000Z","volume":500,"label":"Y","price":23.65},{"type":"B","date":"2018-03-22T06:55:21.000Z","volume":500,"label":" ","price":23.6},{"type":"A","date":"2018-03-22T06:55:27.000Z","volume":500,"label":"Y","price":23.65},{"type":"A","date":"2018-03-22T06:55:30.000Z","volume":1000,"label":" ","price":23.65},{"type":"A","date":"2018-03-22T06:55:30.000Z","volume":1000,"label":" ","price":23.65},{"type":"A","date":"2018-03-22T06:55:35.000Z","volume":500,"label":"Y","price":23.65},{"type":"A","date":"2018-03-22T06:55:42.000Z","volume":500,"label":"Y","price":23.65},{"type":"A","date":"2018-03-22T06:55:44.000Z","volume":500,"label":" ","price":23.65},{"type":"A","date":"2018-03-22T06:55:50.000Z","volume":500,"label":" ","price":23.65},{"type":"B","date":"2018-03-22T06:56:05.000Z","volume":500,"label":" ","price":23.6},{"type":"A","date":"2018-03-22T06:56:05.000Z","volume":500,"label":" ","price":23.65},{"type":"A","date":"2018-03-22T06:56:12.000Z","volume":500,"label":" ","price":23.65},{"type":"A","date":"2018-03-22T06:56:36.000Z","volume":1500,"label":" ","price":23.65},{"type":"A","date":"2018-03-22T06:56:36.000Z","volume":1000,"label":" ","price":23.65},{"type":"A","date":"2018-03-22T06:56:38.000Z","volume":500,"label":" ","price":23.65},{"type":"A","date":"2018-03-22T06:56:42.000Z","volume":500,"label":" ","price":23.65},{"type":"A","date":"2018-03-22T06:56:44.000Z","volume":2500,"label":" ","price":23.65},{"type":"B","date":"2018-03-22T06:56:44.000Z","volume":500,"label":"Y","price":23.6},{"type":"B","date":"2018-03-22T06:56:48.000Z","volume":1000,"label":" ","price":23.6},{"type":"A","date":"2018-03-22T06:57:53.000Z","volume":2000,"label":" ","price":23.65},{"type":"B","date":"2018-03-22T06:57:53.000Z","volume":1000,"label":"Y","price":23.6},{"type":"B","date":"2018-03-22T06:57:53.000Z","volume":1500,"label":" ","price":23.6},{"type":"B","date":"2018-03-22T06:57:59.000Z","volume":500,"label":" ","price":23.6},{"type":"A","date":"2018-03-22T06:58:00.000Z","volume":1000,"label":" ","price":23.65},{"type":"A","date":"2018-03-22T06:58:00.000Z","volume":1000,"label":" ","price":23.65},{"type":"A","date":"2018-03-22T06:58:43.000Z","volume":1500,"label":" ","price":23.65},{"type":"B","date":"2018-03-22T06:58:50.000Z","volume":500,"label":" ","price":23.6}