[{"type":"A","date":"2018-03-20T07:32:51.000Z","volume":10000,"price":9.59,"category":"ubbull"},{"type":"A","date":"2018-03-20T05:55:48.000Z","volume":28000,"price":9.6,"category":"ubbull"},{"type":"A","date":"2018-03-20T05:55:48.000Z","volume":13000,"price":9.59,"category":"ubbull"},{"type":"A","date":"2018-03-20T05:52:24.000Z","volume":20000,"price":9.58,"category":"ubbull"},{"type":"A","date":"2018-03-20T05:41:01.000Z","volume":10000,"price":9.6,"category":"ubbull"},{"type":"A","date":"2018-03-20T05:40:05.000Z","volume":10000,"price":9.6,"category":"ubbull"},{"type":"A","date":"2018-03-20T03:35:27.000Z","volume":23000,"price":9.56,"category":"ubbull"},{"type":"A","date":"2018-03-20T01:53:52.000Z","volume":14000,"price":9.6,"category":"ubbull"},{"type":"A","date":"2018-03-20T01:39:10.000Z","volume":17000,"price":9.59,"category":"ubbull"},{"type":"A","date":"2018-03-20T01:38:14.000Z","volume":10000,"price":9.59,"category":"ubbull"},{"type":"A","date":"2018-03-20T07:46:06.000Z","volume":8000,"price":9.62,"category":"bbull"},{"type":"A","date":"2018-03-20T07:41:01.000Z","volume":8000,"price":9.6,"category":"bbull"},{"type":"A","date":"2018-03-20T05:50:41.000Z","volume":4000,"price":9.58,"category":"bbull"},{"type":"A","date":"2018-03-20T05:39:42.000Z","volume":6000,"price":9.58,"category":"bbull"},{"type":"A","date":"2018-03-20T02:40:11.000Z","volume":6000,"price":9.6,"category":"bbull"},{"type":"A","date":"2018-03-20T01:30:03.000Z","volume":5000,"price":9.6,"category":"bbull"},{"type":"A","date":"2018-03-20T07:59:21.000Z","volume":1000,"price":9.6,"category":"rbull"},{"type":"A","date":"2018-03-20T07:58:46.000Z","volume":1000,"price":9.58,"category":"rbull"},{"type":"A","date":"2018-03-20T07:54:32.000Z","volume":1000,"price":9.6,"category":"rbull"},{"type":"A","date":"2018-03-20T07:28:29.000Z","volume":1000,"price":9.6,"category":"rbull"},{"type":"A","date":"2018-03-20T06:45:05.000Z","volume":1000,"price":9.6,"category":"rbull"},{"type":"A","date":"2018-03-20T06:33:18.000Z","volume":1000,"price":9.6,"category":"rbull"},{"type":"A","date":"2018-03-20T06:19:22.000Z","volume":1000,"price":9.61,"category":"rbull"},{"type":"A","date":"2018-03-20T05:55:49.000Z","volume":1000,"price":9.61,"category":"rbull"},{"type":"A","date":"2018-03-20T05:53:06.000Z","volume":1000,"price":9.59,"category":"rbull"},{"type":"A","date":"2018-03-20T05:40:08.000Z","volume":1000,"price":9.6,"category":"rbull"},{"type":"A","date":"2018-03-20T05:35:16.000Z","volume":1000,"price":9.58,"category":"rbull"},{"type":"A","date":"2018-03-20T05:11:52.000Z","volume":1000,"price":9.53,"category":"rbull"},{"type":"A","date":"2018-03-20T05:00:32.000Z","volume":1000,"price":9.6,"category":"rbull"},{"type":"A","date":"2018-03-20T05:00:01.000Z","volume":1000,"price":9.59,"category":"rbull"},{"type":"A","date":"2018-03-20T03:35:28.000Z","volume":1000,"price":9.59,"category":"rbull"},{"type":"A","date":"2018-03-20T03:35:27.000Z","volume":1000,"price":9.57,"category":"rbull"},{"type":"A","date":"2018-03-20T03:12:18.000Z","volume":1000,"price":9.56,"category":"rbull"},{"type":"A","date":"2018-03-20T02:51:27.000Z","volume":1000,"price":9.56,"category":"rbull"},{"type":"A","date":"2018-03-20T02:51:22.000Z","volume":1000,"price":9.56,"category":"rbull"},{"type":"A","date":"2018-03-20T02:49:44.000Z","volume":1000,"price":9.56,"category":"rbull"},{"type":"A","date":"2018-03-20T02:49:17.000Z","volume":1000,"price":9.56,"category":"rbull"},{"type":"A","date":"2018-03-20T02:49:17.000Z","volume":1000,"price":9.56,"category":"rbull"},{"type":"A","date":"2018-03-20T02:46:35.000Z","volume":1000,"price":9.56,"category":"rbull"},{"type":"A","date":"2018-03-20T02:29:58.000Z","volume":1000,"price":9.6,"category":"rbull"},{"type":"A","date":"2018-03-20T02:15:00.000Z","volume":1000,"price":9.64,"category":"rbull"},{"type":"A","date":"2018-03-20T02:02:35.000Z","volume":1000,"price":9.66,"category":"rbull"},{"type":"A","date":"2018-03-20T01:53:58.000Z","volume":1000,"price":9.66,"category":"rbull"},{"type":"B","date":"2018-03-20T07:59:55.000Z","volume":1000,"price":9.55,"category":"rbear"},{"type":"B","date":"2018-03-20T07:59:50.000Z","volume":1000,"price":9.55,"category":"rbear"},{"type":"B","date":"2018-03-20T07:59:30.000Z","volume":1000,"price":9.55,"category":"rbear"},{"type":"B","date":"2018-03-20T07:59:12.000Z","volume":1000,"price":9.55,"category":"rbear"},{"type":"B","date":"2018-03-20T07:58:41.000Z","volume":1000,"price":9.58,"category":"rbear"},{"type":"B","date":"2018-03-20T07:55:31.000Z","volume":1000,"price":9.57,"category":"rbear"},{"type":"B","date":"2018-03-20T07:55:28.000Z","volume":1000,"price":9.55,"category":"rbear"},{"type":"B","date":"2018-03-20T07:53:42.000Z","volume":1000,"price":9.57,"category":"rbear"},{"type":"B","date":"2018-03-20T07:53:36.000Z","volume":1000,"price":9.6,"category":"rbear"},{"type":"B","date":"2018-03-20T07:50:57.000Z","volume":1000,"price":9.61,"category":"rbear"},{"type":"B","date":"2018-03-20T07:50:54.000Z","volume":1000,"price":9.61,"category":"rbear"},{"type":"B","date":"2018-03-20T07:21:53.000Z","volume":1000,"price":9.56,"category":"rbear"},{"type":"B","date":"2018-03-20T07:18:40.000Z","volume":1000,"price":9.56,"category":"rbear"},{"type":"B","date":"2018-03-20T07:10:22.000Z","volume":1000,"price":9.55,"category":"rbear"},{"type":"B","date":"2018-03-20T06:55:12.000Z","volume":1000,"price":9.55,"category":"rbear"},{"type":"B","date":"2018-03-20T06:54:16.000Z","volume":1000,"price":9.55,"category":"rbear"},{"type":"B","date":"2018-03-20T06:53:42.000Z","volume":1000,"price":9.55,"category":"rbear"},{"type":"B","date":"2018-03-20T06:47:20.000Z","volume":1000,"price":9.56,"category":"rbear"},{"type":"B","date":"2018-03-20T06:46:41.000Z","volume":1000,"price":9.56,"category":"rbear"},{"type":"B","date":"2018-03-20T06:39:36.000Z","volume":1000,"price":9.58,"category":"rbear"},{"type":"B","date":"2018-03-20T06:35:39.000Z","volume":1000,"price":9.59,"category":"rbear"},{"type":"B","date":"2018-03-20T06:34:07.000Z","volume":1000,"price":9.59,"category":"rbear"},{"type":"B","date":"2018-03-20T06:28:12.000Z","volume":1000,"price":9.58,"category":"rbear"},{"type":"B","date":"2018-03-20T06:27:42.000Z","volume":1000,"price":9.58,"category":"rbear"},{"type":"B","date":"2018-03-20T06:24:42.000Z","volume":1000,"price":9.58,"category":"rbear"},{"type":"B","date":"2018-03-20T06:24:20.000Z","volume":1000,"price":9.58,"category":"rbear"},{"type":"B","date":"2018-03-20T06:24:13.000Z","volume":1000,"price":9.58,"category":"rbear"},{"type":"B","date":"2018-03-20T06:24:12.000Z","volume":1000,"price":9.58,"category":"rbear"},{"type":"B","date":"2018-03-20T06:23:12.000Z","volume":1000,"price":9.58,"category":"rbear"},{"type":"B","date":"2018-03-20T06:22:12.000Z","volume":1000,"price":9.58,"category":"rbear"},{"type":"B","date":"2018-03-20T06:21:12.000Z","volume":1000,"price":9.58,"category":"rbear"},{"type":"B","date":"2018-03-20T06:17:11.000Z","volume":1000,"price":9.59,"category":"rbear"},{"type":"B","date":"2018-03-20T06:15:13.000Z","volume":1000,"price":9.6,"category":"rbear"},{"type":"B","date":"2018-03-20T06:00:12.000Z","volume":1000,"price":9.6,"category":"rbear"},{"type":"B","date":"2018-03-20T05:56:54.000Z","volume":1000,"price":9.6,"category":"rbear"},{"type":"B","date":"2018-03-20T05:52:16.000Z","volume":1000,"price":9.55,"category":"rbear"},{"type":"B","date":"2018-03-20T05:51:46.000Z","volume":1000,"price":9.55,"category":"rbear"},{"type":"B","date":"2018-03-20T05:50:46.000Z","volume":1000,"price":9.55,"category":"rbear"},{"type":"B","date":"2018-03-20T05:49:16.000Z","volume":1000,"price":9.58,"category":"rbear"},{"type":"B","date":"2018-03-20T05:48:16.000Z","volume":1000,"price":9.58,"category":"rbear"},{"type":"B","date":"2018-03-20T05:37:46.000Z","volume":1000,"price":9.58,"category":"rbear"},{"type":"B","date":"2018-03-20T05:33:18.000Z","volume":1000,"price":9.54,"category":"rbear"},{"type":"B","date":"2018-03-20T05:26:39.000Z","volume":1000,"price":9.53,"category":"rbear"},{"type":"B","date":"2018-03-20T05:22:08.000Z","volume":1000,"price":9.53,"category":"rbear"},{"type":"B","date":"2018-03-20T05:21:38.000Z","volume":1000,"price":9.52,"category":"rbear"},{"type":"B","date":"2018-03-20T05:19:48.000Z","volume":1000,"price":9.52,"category":"rbear"},{"type":"B","date":"2018-03-20T05:17:37.000Z","volume":1000,"price":9.55,"category":"rbear"},{"type":"B","date":"2018-03-20T05:17:07.000Z","volume":1000,"price":9.52,"category":"rbear"},{"type":"B","date":"2018-03-20T05:14:37.000Z","volume":1000,"price":9.52,"category":"rbear"},{"type":"B","date":"2018-03-20T05:12:37.000Z","volume":1000,"price":9.52,"category":"rbear"},{"type":"B","date":"2018-03-20T05:10:36.000Z","volume":1000,"price":9.53,"category":"rbear"},{"type":"B","date":"2018-03-20T05:09:36.000Z","volume":1000,"price":9.53,"category":"rbear"},{"type":"B","date":"2018-03-20T05:08:06.000Z","volume":1000,"price":9.53,"category":"rbear"},{"type":"B","date":"2018-03-20T05:07:05.000Z","volume":1000,"price":9.54,"category":"rbear"},{"type":"B","date":"2018-03-20T03:44:19.000Z","volume":1000,"price":9.54,"category":"rbear"},{"type":"B","date":"2018-03-20T03:30:10.000Z","volume":1000,"price":9.55,"category":"rbear"},{"type":"B","date":"2018-03-20T03:18:47.000Z","volume":1000,"price":9.51,"category":"rbear"},{"type":"B","date":"2018-03-20T03:08:18.000Z","volume":1000,"price":9.51,"category":"rbear"},{"type":"B","date":"2018-03-20T03:07:48.000Z","volume":1000,"price":9.51,"category":"rbear"},{"type":"B","date":"2018-03-20T03:07:18.000Z","volume":1000,"price":9.51,"category":"rbear"},{"type":"B","date":"2018-03-20T03:06:18.000Z","volume":1000,"price":9.51,"category":"rbear"},{"type":"B","date":"2018-03-20T03:05:18.000Z","volume":1000,"price":9.51,"category":"rbear"},{"type":"B","date":"2018-03-20T03:04:18.000Z","volume":1000,"price":9.51,"category":"rbear"},{"type":"B","date":"2018-03-20T03:03:48.000Z","volume":1000,"price":9.51,"category":"rbear"},{"type":"B","date":"2018-03-20T03:02:48.000Z","volume":1000,"price":9.51,"category":"rbear"},{"type":"B","date":"2018-03-20T03:01:18.000Z","volume":1000,"price":9.51,"category":"rbear"},{"type":"B","date":"2018-03-20T03:00:48.000Z","volume":1000,"price":9.51,"category":"rbear"},{"type":"B","date":"2018-03-20T03:00:18.000Z","volume":1000,"price":9.51,"category":"rbear"},{"type":"B","date":"2018-03-20T02:59:18.000Z","volume":1000,"price":9.51,"category":"rbear"},{"type":"B","date":"2018-03-20T02:58:48.000Z","volume":1000,"price":9.51,"category":"rbear"},{"type":"B","date":"2018-03-20T02:58:18.000Z","volume":1000,"price":9.51,"category":"rbear"},{"type":"B","date":"2018-03-20T02:57:48.000Z","volume":1000,"price":9.51,"category":"rbear"},{"type":"B","date":"2018-03-20T02:56:48.000Z","volume":1000,"price":9.51,"category":"rbear"},{"type":"B","date":"2018-03-20T02:56:18.000Z","volume":1000,"price":9.51,"category":"rbear"},{"type":"B","date":"2018-03-20T02:55:48.000Z","volume":1000,"price":9.51,"category":"rbear"},{"type":"B","date":"2018-03-20T02:54:48.000Z","volume":1000,"price":9.51,"category":"rbear"},{"type":"B","date":"2018-03-20T02:49:46.000Z","volume":1000,"price":9.54,"category":"rbear"},{"type":"B","date":"2018-03-20T02:48:10.000Z","volume":1000,"price":9.55,"category":"rbear"},{"type":"B","date":"2018-03-20T02:41:30.000Z","volume":1000,"price":9.56,"category":"rbear"},{"type":"B","date":"2018-03-20T02:40:30.000Z","volume":1000,"price":9.57,"category":"rbear"},{"type":"B","date":"2018-03-20T02:30:30.000Z","volume":1000,"price":9.57,"category":"rbear"},{"type":"B","date":"2018-03-20T02:23:19.000Z","volume":1000,"price":9.57,"category":"rbear"},{"type":"B","date":"2018-03-20T02:17:30.000Z","volume":1000,"price":9.57,"category":"rbear"},{"type":"B","date":"2018-03-20T02:17:29.000Z","volume":1000,"price":9.58,"category":"rbear"},{"type":"B","date":"2018-03-20T02:16:59.000Z","volume":1000,"price":9.58,"category":"rbear"},{"type":"B","date":"2018-03-20T02:15:02.000Z","volume":1000,"price":9.61,"category":"rbear"},{"type":"B","date":"2018-03-20T02:09:27.000Z","volume":1000,"price":9.6,"category":"rbear"},{"type":"B","date":"2018-03-20T02:07:27.000Z","volume":1000,"price":9.6,"category":"rbear"},{"type":"B","date":"2018-03-20T02:06:27.000Z","volume":1000,"price":9.59,"category":"rbear"},{"type":"B","date":"2018-03-20T02:05:26.000Z","volume":1000,"price":9.63,"category":"rbear"},{"type":"B","date":"2018-03-20T02:00:10.000Z","volume":1000,"price":9.63,"category":"rbear"},{"type":"B","date":"2018-03-20T01:55:04.000Z","volume":1000,"price":9.6,"category":"rbear"},{"type":"B","date":"2018-03-20T01:53:40.000Z","volume":1000,"price":9.6,"category":"rbear"},{"type":"B","date":"2018-03-20T01:53:40.000Z","volume":1000,"price":9.6,"category":"rbear"},{"type":"B","date":"2018-03-20T01:53:34.000Z","volume":1000,"price":9.6,"category":"rbear"},{"type":"B","date":"2018-03-20T01:53:04.000Z","volume":1000,"price":9.6,"category":"rbear"},{"type":"B","date":"2018-03-20T01:49:47.000Z","volume":1000,"price":9.6,"category":"rbear"},{"type":"B","date":"2018-03-20T01:40:04.000Z","volume":1000,"price":9.6,"category":"rbear"},{"type":"B","date":"2018-03-20T01:33:13.000Z","volume":1000,"price":9.59,"category":"rbear"},{"type":"B","date":"2018-03-20T07:55:28.000Z","volume":8000,"price":9.56,"category":"bbear"},{"type":"B","date":"2018-03-20T06:26:41.000Z","volume":5000,"price":9.58,"category":"bbear"},{"type":"B","date":"2018-03-20T06:15:13.000Z","volume":7000,"price":9.6,"category":"bbear"},{"type":"B","date":"2018-03-20T05:38:06.000Z","volume":7000,"price":9.58,"category":"bbear"},{"type":"B","date":"2018-03-20T05:07:05.000Z","volume":4000,"price":9.54,"category":"bbear"},{"type":"B","date":"2018-03-20T05:00:27.000Z","volume":5000,"price":9.54,"category":"bbear"},{"type":"B","date":"2018-03-20T03:36:14.000Z","volume":4000,"price":9.55,"category":"bbear"},{"type":"B","date":"2018-03-20T02:51:22.000Z","volume":6000,"price":9.53,"category":"bbear"},{"type":"B","date":"2018-03-20T02:51:09.000Z","volume":5000,"price":9.53,"category":"bbear"},{"type":"B","date":"2018-03-20T02:49:42.000Z","volume":7000,"price":9.54,"category":"bbear"},{"type":"B","date":"2018-03-20T02:45:41.000Z","volume":7000,"price":9.56,"category":"bbear"},{"type":"B","date":"2018-03-20T02:41:24.000Z","volume":5000,"price":9.57,"category":"bbear"},{"type":"B","date":"2018-03-20T02:14:54.000Z","volume":5000,"price":9.59,"category":"bbear"},{"type":"B","date":"2018-03-20T02:02:24.000Z","volume":7000,"price":9.6,"category":"bbear"},{"type":"B","date":"2018-03-20T02:00:42.000Z","volume":5000,"price":9.6,"category":"bbear"},{"type":"B","date":"2018-03-20T01:53:04.000Z","volume":4000,"price":9.6,"category":"bbear"},{"type":"B","date":"2018-03-20T07:55:28.000Z","volume":19000,"price":9.55,"category":"ubbear"},{"type":"B","date":"2018-03-20T07:53:40.000Z","volume":10000,"price":9.59,"category":"ubbear"},{"type":"B","date":"2018-03-20T05:53:01.000Z","volume":50000,"price":9.58,"category":"ubbear"},{"type":"B","date":"2018-03-20T05:50:39.000Z","volume":96000,"price":9.58,"category":"ubbear"},{"type":"B","date":"2018-03-20T05:11:52.000Z","volume":9000,"price":9.53,"category":"ubbear"},{"type":"B","date":"2018-03-20T02:51:22.000Z","volume":22000,"price":9.5,"category":"ubbear"},{"type":"B","date":"2018-03-20T02:51:22.000Z","volume":10000,"price":9.51,"category":"ubbear"},{"type":"B","date":"2018-03-20T02:49:44.000Z","volume":13000,"price":9.54,"category":"ubbear"},{"type":"B","date":"2018-03-20T02:49:17.000Z","volume":17000,"price":9.55,"category":"ubbear"},{"type":"B","date":"2018-03-20T02:29:54.000Z","volume":12000,"price":9.58,"category":"ubbear"},{"type":"B","date":"2018-03-20T02:14:54.000Z","volume":17000,"price":9.59,"category":"ubbear"},{"type":"B","date":"2018-03-20T02:02:24.000Z","volume":10000,"price":9.6,"category":"ubbear"},{"type":"B","date":"2018-03-20T01:53:30.000Z","volume":9000,"price":9.6,"category":"ubbear"}]