[{"type":"A","date":"2018-03-19T07:58:17.000Z","volume":10000,"price":72.65,"category":"ubbull"},{"type":"A","date":"2018-03-19T07:57:53.000Z","volume":10000,"price":72.65,"category":"ubbull"},{"type":"A","date":"2018-03-19T07:56:12.000Z","volume":34000,"price":72.65,"category":"ubbull"},{"type":"A","date":"2018-03-19T07:54:48.000Z","volume":20000,"price":72.65,"category":"ubbull"},{"type":"A","date":"2018-03-19T07:54:44.000Z","volume":12000,"price":72.65,"category":"ubbull"},{"type":"A","date":"2018-03-19T07:53:04.000Z","volume":20000,"price":72.65,"category":"ubbull"},{"type":"A","date":"2018-03-19T07:48:16.000Z","volume":8500,"price":72.65,"category":"ubbull"},{"type":"A","date":"2018-03-19T07:48:16.000Z","volume":12000,"price":72.65,"category":"ubbull"},{"type":"A","date":"2018-03-19T07:48:16.000Z","volume":21500,"price":72.65,"category":"ubbull"},{"type":"A","date":"2018-03-19T07:48:16.000Z","volume":50000,"price":72.65,"category":"ubbull"},{"type":"A","date":"2018-03-19T07:38:33.000Z","volume":23500,"price":72.75,"category":"ubbull"},{"type":"A","date":"2018-03-19T07:38:31.000Z","volume":14500,"price":72.7,"category":"ubbull"},{"type":"A","date":"2018-03-19T07:38:31.000Z","volume":139000,"price":72.65,"category":"ubbull"},{"type":"A","date":"2018-03-19T07:38:31.000Z","volume":44500,"price":72.65,"category":"ubbull"},{"type":"A","date":"2018-03-19T07:36:12.000Z","volume":10000,"price":72.65,"category":"ubbull"},{"type":"A","date":"2018-03-19T07:34:17.000Z","volume":40000,"price":72.65,"category":"ubbull"},{"type":"A","date":"2018-03-19T07:34:13.000Z","volume":14500,"price":72.65,"category":"ubbull"},{"type":"A","date":"2018-03-19T07:23:12.000Z","volume":41500,"price":72.65,"category":"ubbull"},{"type":"A","date":"2018-03-19T07:18:42.000Z","volume":10500,"price":72.7,"category":"ubbull"},{"type":"A","date":"2018-03-19T07:18:41.000Z","volume":17500,"price":72.7,"category":"ubbull"},{"type":"A","date":"2018-03-19T07:18:41.000Z","volume":83000,"price":72.65,"category":"ubbull"},{"type":"A","date":"2018-03-19T07:18:38.000Z","volume":11000,"price":72.65,"category":"ubbull"},{"type":"A","date":"2018-03-19T07:18:36.000Z","volume":22000,"price":72.65,"category":"ubbull"},{"type":"A","date":"2018-03-19T06:31:40.000Z","volume":24000,"price":72.9,"category":"ubbull"},{"type":"A","date":"2018-03-19T06:31:36.000Z","volume":10000,"price":72.9,"category":"ubbull"},{"type":"A","date":"2018-03-19T06:29:25.000Z","volume":10000,"price":72.9,"category":"ubbull"},{"type":"A","date":"2018-03-19T06:24:47.000Z","volume":10000,"price":72.9,"category":"ubbull"},{"type":"A","date":"2018-03-19T06:22:46.000Z","volume":15500,"price":72.85,"category":"ubbull"},{"type":"A","date":"2018-03-19T06:11:00.000Z","volume":20000,"price":72.8,"category":"ubbull"},{"type":"A","date":"2018-03-19T06:09:45.000Z","volume":17000,"price":72.8,"category":"ubbull"},{"type":"A","date":"2018-03-19T05:53:08.000Z","volume":10000,"price":72.8,"category":"ubbull"},{"type":"A","date":"2018-03-19T05:31:38.000Z","volume":19000,"price":72.8,"category":"ubbull"},{"type":"A","date":"2018-03-19T05:17:26.000Z","volume":18000,"price":72.7,"category":"ubbull"},{"type":"A","date":"2018-03-19T05:17:26.000Z","volume":10000,"price":72.7,"category":"ubbull"},{"type":"A","date":"2018-03-19T05:10:01.000Z","volume":24000,"price":72.7,"category":"ubbull"},{"type":"A","date":"2018-03-19T05:09:56.000Z","volume":11500,"price":72.65,"category":"ubbull"},{"type":"A","date":"2018-03-19T05:09:54.000Z","volume":8000,"price":72.6,"category":"ubbull"},{"type":"A","date":"2018-03-19T05:09:52.000Z","volume":21500,"price":72.65,"category":"ubbull"},{"type":"A","date":"2018-03-19T05:06:58.000Z","volume":9500,"price":72.75,"category":"ubbull"},{"type":"A","date":"2018-03-19T05:00:29.000Z","volume":8000,"price":72.75,"category":"ubbull"},{"type":"A","date":"2018-03-19T05:00:03.000Z","volume":30000,"price":72.9,"category":"ubbull"},{"type":"A","date":"2018-03-19T05:00:01.000Z","volume":8000,"price":72.9,"category":"ubbull"},{"type":"A","date":"2018-03-19T03:47:56.000Z","volume":24000,"price":72.85,"category":"ubbull"},{"type":"A","date":"2018-03-19T03:47:56.000Z","volume":16000,"price":72.85,"category":"ubbull"},{"type":"A","date":"2018-03-19T03:31:51.000Z","volume":47500,"price":72.8,"category":"ubbull"},{"type":"A","date":"2018-03-19T03:10:47.000Z","volume":8000,"price":72.9,"category":"ubbull"},{"type":"A","date":"2018-03-19T03:10:11.000Z","volume":36500,"price":72.85,"category":"ubbull"},{"type":"A","date":"2018-03-19T03:08:18.000Z","volume":20000,"price":72.8,"category":"ubbull"},{"type":"A","date":"2018-03-19T03:00:35.000Z","volume":19500,"price":72.8,"category":"ubbull"},{"type":"A","date":"2018-03-19T02:57:07.000Z","volume":10000,"price":72.8,"category":"ubbull"},{"type":"A","date":"2018-03-19T02:52:00.000Z","volume":10000,"price":72.8,"category":"ubbull"},{"type":"A","date":"2018-03-19T02:51:11.000Z","volume":9500,"price":72.8,"category":"ubbull"},{"type":"A","date":"2018-03-19T02:51:10.000Z","volume":28500,"price":72.75,"category":"ubbull"},{"type":"A","date":"2018-03-19T02:51:07.000Z","volume":61500,"price":72.7,"category":"ubbull"},{"type":"A","date":"2018-03-19T02:43:04.000Z","volume":16500,"price":72.65,"category":"ubbull"},{"type":"A","date":"2018-03-19T02:42:40.000Z","volume":10000,"price":72.65,"category":"ubbull"},{"type":"A","date":"2018-03-19T02:38:34.000Z","volume":9500,"price":72.7,"category":"ubbull"},{"type":"A","date":"2018-03-19T02:29:01.000Z","volume":25500,"price":72.65,"category":"ubbull"},{"type":"A","date":"2018-03-19T02:27:06.000Z","volume":8000,"price":72.55,"category":"ubbull"},{"type":"A","date":"2018-03-19T02:21:58.000Z","volume":9500,"price":72.55,"category":"ubbull"},{"type":"A","date":"2018-03-19T02:20:12.000Z","volume":9500,"price":72.5,"category":"ubbull"},{"type":"A","date":"2018-03-19T02:20:09.000Z","volume":50000,"price":72.45,"category":"ubbull"},{"type":"A","date":"2018-03-19T02:17:32.000Z","volume":10500,"price":72.55,"category":"ubbull"},{"type":"A","date":"2018-03-19T02:13:45.000Z","volume":10500,"price":72.6,"category":"ubbull"},{"type":"A","date":"2018-03-19T02:10:56.000Z","volume":17000,"price":72.55,"category":"ubbull"},{"type":"A","date":"2018-03-19T02:08:10.000Z","volume":24500,"price":72.5,"category":"ubbull"},{"type":"A","date":"2018-03-19T02:08:10.000Z","volume":10000,"price":72.5,"category":"ubbull"},{"type":"A","date":"2018-03-19T02:05:02.000Z","volume":8000,"price":72.6,"category":"ubbull"},{"type":"A","date":"2018-03-19T02:01:41.000Z","volume":24000,"price":72.5,"category":"ubbull"},{"type":"A","date":"2018-03-19T01:59:04.000Z","volume":16000,"price":72.4,"category":"ubbull"},{"type":"A","date":"2018-03-19T01:53:40.000Z","volume":13000,"price":72.4,"category":"ubbull"},{"type":"A","date":"2018-03-19T01:52:55.000Z","volume":8000,"price":72.35,"category":"ubbull"},{"type":"A","date":"2018-03-19T01:52:19.000Z","volume":13500,"price":72.3,"category":"ubbull"},{"type":"A","date":"2018-03-19T01:48:29.000Z","volume":9500,"price":72.4,"category":"ubbull"},{"type":"A","date":"2018-03-19T01:48:15.000Z","volume":10000,"price":72.4,"category":"ubbull"},{"type":"A","date":"2018-03-19T01:41:55.000Z","volume":8000,"price":72.15,"category":"ubbull"},{"type":"A","date":"2018-03-19T01:38:20.000Z","volume":11500,"price":71.95,"category":"ubbull"},{"type":"A","date":"2018-03-19T01:36:56.000Z","volume":9500,"price":71.95,"category":"ubbull"},{"type":"A","date":"2018-03-19T01:36:26.000Z","volume":19500,"price":71.9,"category":"ubbull"},{"type":"A","date":"2018-03-19T01:36:00.000Z","volume":17000,"price":71.95,"category":"ubbull"},{"type":"A","date":"2018-03-19T01:33:11.000Z","volume":10500,"price":71.8,"category":"ubbull"},{"type":"A","date":"2018-03-19T01:31:19.000Z","volume":10000,"price":72,"category":"ubbull"},{"type":"A","date":"2018-03-19T01:30:42.000Z","volume":63500,"price":71.75,"category":"ubbull"},{"type":"A","date":"2018-03-19T01:30:32.000Z","volume":25000,"price":71.75,"category":"ubbull"},{"type":"A","date":"2018-03-19T01:30:21.000Z","volume":22500,"price":71.7,"category":"ubbull"},{"type":"A","date":"2018-03-19T07:59:51.000Z","volume":3500,"price":72.7,"category":"bbull"},{"type":"A","date":"2018-03-19T07:59:46.000Z","volume":4500,"price":72.7,"category":"bbull"},{"type":"A","date":"2018-03-19T07:59:41.000Z","volume":4500,"price":72.7,"category":"bbull"},{"type":"A","date":"2018-03-19T07:59:37.000Z","volume":3000,"price":72.7,"category":"bbull"},{"type":"A","date":"2018-03-19T07:59:36.000Z","volume":4000,"price":72.7,"category":"bbull"},{"type":"A","date":"2018-03-19T07:59:31.000Z","volume":5000,"price":72.7,"category":"bbull"},{"type":"A","date":"2018-03-19T07:59:29.000Z","volume":3500,"price":72.65,"category":"bbull"},{"type":"A","date":"2018-03-19T07:59:26.000Z","volume":4500,"price":72.65,"category":"bbull"},{"type":"A","date":"2018-03-19T07:56:16.000Z","volume":4000,"price":72.65,"category":"bbull"},{"type":"A","date":"2018-03-19T07:56:13.000Z","volume":3500,"price":72.65,"category":"bbull"},{"type":"A","date":"2018-03-19T07:54:41.000Z","volume":5500,"price":72.65,"category":"bbull"},{"type":"A","date":"2018-03-19T07:48:19.000Z","volume":3500,"price":72.65,"category":"bbull"},{"type":"A","date":"2018-03-19T07:47:32.000Z","volume":3000,"price":72.65,"category":"bbull"},{"type":"A","date":"2018-03-19T07:47:24.000Z","volume":3500,"price":72.65,"category":"bbull"},{"type":"A","date":"2018-03-19T07:38:42.000Z","volume":4000,"price":72.75,"category":"bbull"},{"type":"A","date":"2018-03-19T07:38:41.000Z","volume":4500,"price":72.75,"category":"bbull"},{"type":"A","date":"2018-03-19T07:38:37.000Z","volume":7500,"price":72.75,"category":"bbull"},{"type":"A","date":"2018-03-19T07:38:31.000Z","volume":5500,"price":72.65,"category":"bbull"},{"type":"A","date":"2018-03-19T07:34:21.000Z","volume":3500,"price":72.65,"category":"bbull"},{"type":"A","date":"2018-03-19T07:30:40.000Z","volume":3500,"price":72.65,"category":"bbull"},{"type":"A","date":"2018-03-19T07:24:43.000Z","volume":3500,"price":72.65,"category":"bbull"},{"type":"A","date":"2018-03-19T07:23:12.000Z","volume":6000,"price":72.65,"category":"bbull"},{"type":"A","date":"2018-03-19T07:23:12.000Z","volume":5000,"price":72.65,"category":"bbull"},{"type":"A","date":"2018-03-19T07:18:47.000Z","volume":4000,"price":72.7,"category":"bbull"},{"type":"A","date":"2018-03-19T07:18:32.000Z","volume":5000,"price":72.8,"category":"bbull"},{"type":"A","date":"2018-03-19T07:12:22.000Z","volume":4000,"price":72.9,"category":"bbull"},{"type":"A","date":"2018-03-19T07:10:13.000Z","volume":3500,"price":72.9,"category":"bbull"},{"type":"A","date":"2018-03-19T06:59:18.000Z","volume":5500,"price":72.9,"category":"bbull"},{"type":"A","date":"2018-03-19T06:53:42.000Z","volume":3000,"price":72.9,"category":"bbull"},{"type":"A","date":"2018-03-19T06:47:54.000Z","volume":6500,"price":72.9,"category":"bbull"},{"type":"A","date":"2018-03-19T06:45:08.000Z","volume":5500,"price":72.9,"category":"bbull"},{"type":"A","date":"2018-03-19T06:44:58.000Z","volume":4500,"price":72.9,"category":"bbull"},{"type":"A","date":"2018-03-19T06:41:49.000Z","volume":5000,"price":72.9,"category":"bbull"},{"type":"A","date":"2018-03-19T06:41:28.000Z","volume":3500,"price":72.9,"category":"bbull"},{"type":"A","date":"2018-03-19T06:31:40.000Z","volume":3000,"price":72.95,"category":"bbull"},{"type":"A","date":"2018-03-19T06:31:36.000Z","volume":4000,"price":72.9,"category":"bbull"},{"type":"A","date":"2018-03-19T06:30:19.000Z","volume":3000,"price":72.9,"category":"bbull"},{"type":"A","date":"2018-03-19T06:25:33.000Z","volume":3000,"price":72.9,"category":"bbull"},{"type":"A","date":"2018-03-19T06:22:46.000Z","volume":4500,"price":72.85,"category":"bbull"},{"type":"A","date":"2018-03-19T06:22:19.000Z","volume":4500,"price":72.85,"category":"bbull"},{"type":"A","date":"2018-03-19T06:13:15.000Z","volume":3500,"price":72.85,"category":"bbull"},{"type":"A","date":"2018-03-19T06:12:52.000Z","volume":6000,"price":72.85,"category":"bbull"},{"type":"A","date":"2018-03-19T06:11:00.000Z","volume":4500,"price":72.8,"category":"bbull"},{"type":"A","date":"2018-03-19T06:10:13.000Z","volume":7000,"price":72.8,"category":"bbull"},{"type":"A","date":"2018-03-19T06:09:45.000Z","volume":3500,"price":72.8,"category":"bbull"},{"type":"A","date":"2018-03-19T06:09:45.000Z","volume":3000,"price":72.8,"category":"bbull"},{"type":"A","date":"2018-03-19T05:31:39.000Z","volume":4000,"price":72.85,"category":"bbull"},{"type":"A","date":"2018-03-19T05:31:38.000Z","volume":3000,"price":72.8,"category":"bbull"},{"type":"A","date":"2018-03-19T05:29:18.000Z","volume":4500,"price":72.8,"category":"bbull"},{"type":"A","date":"2018-03-19T05:25:41.000Z","volume":5500,"price":72.8,"category":"bbull"},{"type":"A","date":"2018-03-19T05:22:48.000Z","volume":5000,"price":72.75,"category":"bbull"},{"type":"A","date":"2018-03-19T05:17:41.000Z","volume":4000,"price":72.75,"category":"bbull"},{"type":"A","date":"2018-03-19T05:17:26.000Z","volume":3000,"price":72.75,"category":"bbull"},{"type":"A","date":"2018-03-19T05:10:33.000Z","volume":4500,"price":72.7,"category":"bbull"},{"type":"A","date":"2018-03-19T05:10:06.000Z","volume":6500,"price":72.75,"category":"bbull"},{"type":"A","date":"2018-03-19T05:10:01.000Z","volume":3000,"price":72.75,"category":"bbull"},{"type":"A","date":"2018-03-19T05:10:01.000Z","volume":5500,"price":72.7,"category":"bbull"},{"type":"A","date":"2018-03-19T05:09:58.000Z","volume":4000,"price":72.7,"category":"bbull"},{"type":"A","date":"2018-03-19T05:09:57.000Z","volume":4000,"price":72.65,"category":"bbull"},{"type":"A","date":"2018-03-19T05:09:53.000Z","volume":3000,"price":72.6,"category":"bbull"},{"type":"A","date":"2018-03-19T05:09:03.000Z","volume":3000,"price":72.8,"category":"bbull"},{"type":"A","date":"2018-03-19T05:04:25.000Z","volume":3500,"price":72.8,"category":"bbull"},{"type":"A","date":"2018-03-19T05:00:04.000Z","volume":4000,"price":72.9,"category":"bbull"},{"type":"A","date":"2018-03-19T05:00:01.000Z","volume":3000,"price":72.85,"category":"bbull"},{"type":"A","date":"2018-03-19T05:00:01.000Z","volume":3000,"price":72.85,"category":"bbull"},{"type":"A","date":"2018-03-19T03:48:54.000Z","volume":4500,"price":72.85,"category":"bbull"},{"type":"A","date":"2018-03-19T03:48:41.000Z","volume":5000,"price":72.85,"category":"bbull"},{"type":"A","date":"2018-03-19T03:47:58.000Z","volume":4500,"price":72.85,"category":"bbull"},{"type":"A","date":"2018-03-19T03:47:57.000Z","volume":3000,"price":72.85,"category":"bbull"},{"type":"A","date":"2018-03-19T03:47:43.000Z","volume":5000,"price":72.9,"category":"bbull"},{"type":"A","date":"2018-03-19T03:37:43.000Z","volume":3000,"price":72.9,"category":"bbull"},{"type":"A","date":"2018-03-19T03:37:23.000Z","volume":3500,"price":72.9,"category":"bbull"},{"type":"A","date":"2018-03-19T03:37:10.000Z","volume":5500,"price":72.9,"category":"bbull"},{"type":"A","date":"2018-03-19T03:32:22.000Z","volume":4000,"price":72.85,"category":"bbull"},{"type":"A","date":"2018-03-19T03:31:51.000Z","volume":5500,"price":72.85,"category":"bbull"},{"type":"A","date":"2018-03-19T03:10:48.000Z","volume":3500,"price":72.9,"category":"bbull"},{"type":"A","date":"2018-03-19T03:08:47.000Z","volume":4000,"price":72.85,"category":"bbull"},{"type":"A","date":"2018-03-19T03:02:47.000Z","volume":3000,"price":72.85,"category":"bbull"},{"type":"A","date":"2018-03-19T03:01:40.000Z","volume":3000,"price":72.85,"category":"bbull"},{"type":"A","date":"2018-03-19T02:56:26.000Z","volume":4500,"price":72.85,"category":"bbull"},{"type":"A","date":"2018-03-19T02:56:22.000Z","volume":3000,"price":72.8,"category":"bbull"},{"type":"A","date":"2018-03-19T02:56:22.000Z","volume":4000,"price":72.8,"category":"bbull"},{"type":"A","date":"2018-03-19T02:53:02.000Z","volume":4500,"price":72.85,"category":"bbull"},{"type":"A","date":"2018-03-19T02:52:02.000Z","volume":6500,"price":72.8,"category":"bbull"},{"type":"A","date":"2018-03-19T02:51:49.000Z","volume":3000,"price":72.8,"category":"bbull"},{"type":"A","date":"2018-03-19T02:51:26.000Z","volume":3500,"price":72.8,"category":"bbull"},{"type":"A","date":"2018-03-19T02:51:16.000Z","volume":3500,"price":72.8,"category":"bbull"},{"type":"A","date":"2018-03-19T02:51:16.000Z","volume":3000,"price":72.8,"category":"bbull"},{"type":"A","date":"2018-03-19T02:51:08.000Z","volume":7000,"price":72.75,"category":"bbull"},{"type":"A","date":"2018-03-19T02:50:10.000Z","volume":3000,"price":72.7,"category":"bbull"},{"type":"A","date":"2018-03-19T02:46:03.000Z","volume":5000,"price":72.7,"category":"bbull"},{"type":"A","date":"2018-03-19T02:36:36.000Z","volume":3000,"price":72.65,"category":"bbull"},{"type":"A","date":"2018-03-19T02:36:28.000Z","volume":3000,"price":72.65,"category":"bbull"},{"type":"A","date":"2018-03-19T02:33:06.000Z","volume":4500,"price":72.65,"category":"bbull"},{"type":"A","date":"2018-03-19T02:32:41.000Z","volume":4000,"price":72.65,"category":"bbull"},{"type":"A","date":"2018-03-19T02:28:59.000Z","volume":5500,"price":72.6,"category":"bbull"},{"type":"A","date":"2018-03-19T02:28:59.000Z","volume":7500,"price":72.6,"category":"bbull"},{"type":"A","date":"2018-03-19T02:28:58.000Z","volume":7500,"price":72.6,"category":"bbull"},{"type":"A","date":"2018-03-19T02:28:58.000Z","volume":7500,"price":72.6,"category":"bbull"},{"type":"A","date":"2018-03-19T02:27:23.000Z","volume":4500,"price":72.55,"category":"bbull"},{"type":"A","date":"2018-03-19T02:27:04.000Z","volume":6000,"price":72.55,"category":"bbull"},{"type":"A","date":"2018-03-19T02:24:44.000Z","volume":3000,"price":72.6,"category":"bbull"},{"type":"A","date":"2018-03-19T02:22:21.000Z","volume":3500,"price":72.55,"category":"bbull"},{"type":"A","date":"2018-03-19T02:21:14.000Z","volume":6000,"price":72.55,"category":"bbull"},{"type":"A","date":"2018-03-19T02:20:09.000Z","volume":7000,"price":72.5,"category":"bbull"},{"type":"A","date":"2018-03-19T02:20:09.000Z","volume":4000,"price":72.45,"category":"bbull"},{"type":"A","date":"2018-03-19T02:19:21.000Z","volume":5500,"price":72.45,"category":"bbull"},{"type":"A","date":"2018-03-19T02:11:59.000Z","volume":4500,"price":72.6,"category":"bbull"},{"type":"A","date":"2018-03-19T02:10:56.000Z","volume":6000,"price":72.55,"category":"bbull"},{"type":"A","date":"2018-03-19T02:10:53.000Z","volume":5500,"price":72.55,"category":"bbull"},{"type":"A","date":"2018-03-19T02:08:10.000Z","volume":6000,"price":72.5,"category":"bbull"},{"type":"A","date":"2018-03-19T02:07:54.000Z","volume":3000,"price":72.5,"category":"bbull"},{"type":"A","date":"2018-03-19T02:07:37.000Z","volume":4000,"price":72.55,"category":"bbull"},{"type":"A","date":"2018-03-19T02:04:58.000Z","volume":5500,"price":72.6,"category":"bbull"},{"type":"A","date":"2018-03-19T02:04:51.000Z","volume":3500,"price":72.55,"category":"bbull"},{"type":"A","date":"2018-03-19T02:03:35.000Z","volume":4000,"price":72.55,"category":"bbull"},{"type":"A","date":"2018-03-19T02:02:52.000Z","volume":5000,"price":72.55,"category":"bbull"},{"type":"A","date":"2018-03-19T02:02:04.000Z","volume":6000,"price":72.55,"category":"bbull"},{"type":"A","date":"2018-03-19T02:01:42.000Z","volume":5500,"price":72.55,"category":"bbull"},{"type":"A","date":"2018-03-19T01:58:02.000Z","volume":6000,"price":72.5,"category":"bbull"},{"type":"A","date":"2018-03-19T01:56:35.000Z","volume":6500,"price":72.45,"category":"bbull"},{"type":"A","date":"2018-03-19T01:56:35.000Z","volume":7500,"price":72.45,"category":"bbull"},{"type":"A","date":"2018-03-19T01:54:58.000Z","volume":7500,"price":72.45,"category":"bbull"},{"type":"A","date":"2018-03-19T01:54:16.000Z","volume":4000,"price":72.4,"category":"bbull"},{"type":"A","date":"2018-03-19T01:52:36.000Z","volume":6000,"price":72.3,"category":"bbull"},{"type":"A","date":"2018-03-19T01:52:30.000Z","volume":7500,"price":72.3,"category":"bbull"},{"type":"A","date":"2018-03-19T01:51:54.000Z","volume":4000,"price":72.3,"category":"bbull"},{"type":"A","date":"2018-03-19T01:48:33.000Z","volume":4500,"price":72.45,"category":"bbull"},{"type":"A","date":"2018-03-19T01:46:09.000Z","volume":4500,"price":72.45,"category":"bbull"},{"type":"A","date":"2018-03-19T01:46:09.000Z","volume":4500,"price":72.45,"category":"bbull"},{"type":"A","date":"2018-03-19T01:45:49.000Z","volume":4000,"price":72.35,"category":"bbull"},{"type":"A","date":"2018-03-19T01:45:25.000Z","volume":6000,"price":72.3,"category":"bbull"},{"type":"A","date":"2018-03-19T01:44:38.000Z","volume":6500,"price":72.25,"category":"bbull"},{"type":"A","date":"2018-03-19T01:43:40.000Z","volume":3000,"price":72.2,"category":"bbull"},{"type":"A","date":"2018-03-19T01:43:40.000Z","volume":5000,"price":72.2,"category":"bbull"},{"type":"A","date":"2018-03-19T01:40:31.000Z","volume":5500,"price":72.15,"category":"bbull"},{"type":"A","date":"2018-03-19T01:40:13.000Z","volume":4000,"price":72.15,"category":"bbull"},{"type":"A","date":"2018-03-19T01:39:02.000Z","volume":4000,"price":72,"category":"bbull"},{"type":"A","date":"2018-03-19T01:38:31.000Z","volume":7000,"price":72,"category":"bbull"},{"type":"A","date":"2018-03-19T01:38:20.000Z","volume":7500,"price":71.95,"category":"bbull"},{"type":"A","date":"2018-03-19T01:38:20.000Z","volume":5000,"price":71.95,"category":"bbull"},{"type":"A","date":"2018-03-19T01:37:36.000Z","volume":6000,"price":71.95,"category":"bbull"},{"type":"A","date":"2018-03-19T01:37:10.000Z","volume":3500,"price":71.95,"category":"bbull"},{"type":"A","date":"2018-03-19T01:36:56.000Z","volume":3500,"price":71.95,"category":"bbull"},{"type":"A","date":"2018-03-19T01:36:31.000Z","volume":3000,"price":71.9,"category":"bbull"},{"type":"A","date":"2018-03-19T01:36:16.000Z","volume":4500,"price":71.9,"category":"bbull"},{"type":"A","date":"2018-03-19T01:36:12.000Z","volume":4000,"price":71.95,"category":"bbull"},{"type":"A","date":"2018-03-19T01:36:01.000Z","volume":3000,"price":71.95,"category":"bbull"},{"type":"A","date":"2018-03-19T01:35:18.000Z","volume":5500,"price":71.9,"category":"bbull"},{"type":"A","date":"2018-03-19T01:35:17.000Z","volume":3500,"price":71.9,"category":"bbull"},{"type":"A","date":"2018-03-19T01:35:06.000Z","volume":4000,"price":71.9,"category":"bbull"},{"type":"A","date":"2018-03-19T01:34:55.000Z","volume":5000,"price":71.85,"category":"bbull"},{"type":"A","date":"2018-03-19T01:34:00.000Z","volume":4500,"price":71.8,"category":"bbull"},{"type":"A","date":"2018-03-19T01:33:06.000Z","volume":3000,"price":71.8,"category":"bbull"},{"type":"A","date":"2018-03-19T01:32:28.000Z","volume":5000,"price":71.9,"category":"bbull"},{"type":"A","date":"2018-03-19T01:31:55.000Z","volume":4000,"price":71.9,"category":"bbull"},{"type":"A","date":"2018-03-19T01:31:10.000Z","volume":6000,"price":72,"category":"bbull"},{"type":"A","date":"2018-03-19T01:31:05.000Z","volume":7000,"price":72,"category":"bbull"},{"type":"A","date":"2018-03-19T01:31:03.000Z","volume":3500,"price":71.95,"category":"bbull"},{"type":"A","date":"2018-03-19T01:30:48.000Z","volume":7500,"price":71.95,"category":"bbull"},{"type":"A","date":"2018-03-19T01:30:45.000Z","volume":3000,"price":71.85,"category":"bbull"},{"type":"A","date":"2018-03-19T01:30:45.000Z","volume":7000,"price":71.8,"category":"bbull"},{"type":"A","date":"2018-03-19T01:30:35.000Z","volume":7000,"price":71.75,"category":"bbull"},{"type":"A","date":"2018-03-19T01:30:34.000Z","volume":5000,"price":71.75,"category":"bbull"},{"type":"A","date":"2018-03-19T01:30:33.000Z","volume":6000,"price":71.75,"category":"bbull"},{"type":"A","date":"2018-03-19T01:30:26.000Z","volume":3000,"price":71.75,"category":"bbull"},{"type":"A","date":"2018-03-19T01:30:25.000Z","volume":3500,"price":71.7,"category":"bbull"},{"type":"A","date":"2018-03-19T01:30:20.000Z","volume":6000,"price":71.7,"category":"bbull"},{"type":"A","date":"2018-03-19T01:30:15.000Z","volume":5000,"price":71.75,"category":"bbull"},{"type":"A","date":"2018-03-19T01:30:10.000Z","volume":5500,"price":71.8,"category":"bbull"},{"type":"A","date":"2018-03-19T07:59:58.000Z","volume":500,"price":72.7,"category":"rbull"},{"type":"A","date":"2018-03-19T07:59:56.000Z","volume":500,"price":72.7,"category":"rbull"},{"type":"A","date":"2018-03-19T07:59:54.000Z","volume":500,"price":72.7,"category":"rbull"},{"type":"A","date":"2018-03-19T07:59:48.000Z","volume":500,"price":72.7,"category":"rbull"},{"type":"A","date":"2018-03-19T07:59:42.000Z","volume":500,"price":72.7,"category":"rbull"},{"type":"A","date":"2018-03-19T07:59:38.000Z","volume":500,"price":72.7,"category":"rbull"},{"type":"A","date":"2018-03-19T07:59:30.000Z","volume":500,"price":72.7,"category":"rbull"},{"type":"A","date":"2018-03-19T07:59:23.000Z","volume":500,"price":72.65,"category":"rbull"},{"type":"A","date":"2018-03-19T07:59:22.000Z","volume":500,"price":72.65,"category":"rbull"},{"type":"A","date":"2018-03-19T07:59:20.000Z","volume":500,"price":72.65,"category":"rbull"},{"type":"A","date":"2018-03-19T07:59:09.000Z","volume":500,"price":72.65,"category":"rbull"},{"type":"A","date":"2018-03-19T07:59:04.000Z","volume":500,"price":72.65,"category":"rbull"},{"type":"A","date":"2018-03-19T07:58:58.000Z","volume":500,"price":72.65,"category":"rbull"},{"type":"A","date":"2018-03-19T07:58:55.000Z","volume":500,"price":72.65,"category":"rbull"},{"type":"A","date":"2018-03-19T07:58:54.000Z","volume":500,"price":72.65,"category":"rbull"},{"type":"A","date":"2018-03-19T07:58:54.000Z","volume":500,"price":72.65,"category":"rbull"},{"type":"A","date":"2018-03-19T07:58:52.000Z","volume":500,"price":72.65,"category":"rbull"},{"type":"A","date":"2018-03-19T07:58:50.000Z","volume":500,"price":72.65,"category":"rbull"},{"type":"A","date":"2018-03-19T07:58:35.000Z","volume":500,"price":72.65,"category":"rbull"},{"type":"A","date":"2018-03-19T07:57:49.000Z","volume":500,"price":72.65,"category":"rbull"},{"type":"A","date":"2018-03-19T07:57:39.000Z","volume":500,"price":72.65,"category":"rbull"},{"type":"A","date":"2018-03-19T07:57:30.000Z","volume":500,"price":72.65,"category":"rbull"},{"type":"A","date":"2018-03-19T07:56:46.000Z","volume":500,"price":72.7,"category":"rbull"},{"type":"A","date":"2018-03-19T07:56:41.000Z","volume":500,"price":72.7,"category":"rbull"},{"type":"A","date":"2018-03-19T07:56:36.000Z","volume":500,"price":72.7,"category":"rbull"},{"type":"A","date":"2018-03-19T07:56:28.000Z","volume":500,"price":72.7,"category":"rbull"},{"type":"A","date":"2018-03-19T07:56:26.000Z","volume":500,"price":72.7,"category":"rbull"},{"type":"A","date":"2018-03-19T07:56:16.000Z","volume":500,"price":72.7,"category":"rbull"},{"type":"A","date":"2018-03-19T07:56:16.000Z","volume":500,"price":72.7,"category":"rbull"},{"type":"A","date":"2018-03-19T07:56:12.000Z","volume":500,"price":72.65,"category":"rbull"},{"type":"A","date":"2018-03-19T07:56:12.000Z","volume":500,"price":72.65,"category":"rbull"},{"type":"A","date":"2018-03-19T07:56:08.000Z","volume":500,"price":72.65,"category":"rbull"},{"type":"A","date":"2018-03-19T07:55:51.000Z","volume":500,"price":72.65,"category":"rbull"},{"type":"A","date":"2018-03-19T07:55:44.000Z","volume":500,"price":72.65,"category":"rbull"},{"type":"A","date":"2018-03-19T07:55:37.000Z","volume":500,"price":72.65,"category":"rbull"},{"type":"A","date":"2018-03-19T07:55:35.000Z","volume":500,"price":72.65,"category":"rbull"},{"type":"A","date":"2018-03-19T07:55:35.000Z","volume":500,"price":72.65,"category":"rbull"},{"type":"A","date":"2018-03-19T07:55:23.000Z","volume":500,"price":72.65,"category":"rbull"},{"type":"A","date":"2018-03-19T07:55:16.000Z","volume":500,"price":72.65,"category":"rbull"},{"type":"A","date":"2018-03-19T07:54:58.000Z","volume":500,"price":72.65,"category":"rbull"},{"type":"A","date":"2018-03-19T07:54:56.000Z","volume":500,"price":72.65,"category":"rbull"},{"type":"A","date":"2018-03-19T07:54:48.000Z","volume":500,"price":72.65,"category":"rbull"},{"type":"A","date":"2018-03-19T07:54:45.000Z","volume":500,"price":72.65,"category":"rbull"},{"type":"A","date":"2018-03-19T07:54:16.000Z","volume":500,"price":72.65,"category":"rbull"},{"type":"A","date":"2018-03-19T07:53:45.000Z","volume":500,"price":72.65,"category":"rbull"},{"type":"A","date":"2018-03-19T07:53:43.000Z","volume":500,"price":72.65,"category":"rbull"},{"type":"A","date":"2018-03-19T07:53:40.000Z","volume":500,"price":72.65,"category":"rbull"},{"type":"A","date":"2018-03-19T07:53:34.000Z","volume":500,"price":72.65,"category":"rbull"},{"type":"A","date":"2018-03-19T07:53:25.000Z","volume":500,"price":72.65,"category":"rbull"},{"type":"A","date":"2018-03-19T07:53:10.000Z","volume":500,"price":72.65,"category":"rbull"},{"type":"A","date":"2018-03-19T07:53:09.000Z","volume":500,"price":72.65,"category":"rbull"},{"type":"A","date":"2018-03-19T07:52:49.000Z","volume":500,"price":72.65,"category":"rbull"},{"type":"A","date":"2018-03-19T07:52:21.000Z","volume":500,"price":72.65,"category":"rbull"},{"type":"A","date":"2018-03-19T07:51:48.000Z","volume":500,"price":72.65,"category":"rbull"},{"type":"A","date":"2018-03-19T07:51:16.000Z","volume":500,"price":72.65,"category":"rbull"},{"type":"A","date":"2018-03-19T07:51:16.000Z","volume":500,"price":72.65,"category":"rbull"},{"type":"A","date":"2018-03-19T07:50:48.000Z","volume":500,"price":72.65,"category":"rbull"},{"type":"A","date":"2018-03-19T07:50:48.000Z","volume":500,"price":72.65,"category":"rbull"},{"type":"A","date":"2018-03-19T07:50:29.000Z","volume":500,"price":72.65,"category":"rbull"},{"type":"A","date":"2018-03-19T07:50:09.000Z","volume":500,"price":72.65,"category":"rbull"},{"type":"A","date":"2018-03-19T07:50:01.000Z","volume":500,"price":72.65,"category":"rbull"},{"type":"A","date":"2018-03-19T07:49:43.000Z","volume":500,"price":72.65,"category":"rbull"},{"type":"A","date":"2018-03-19T07:49:36.000Z","volume":500,"price":72.65,"category":"rbull"},{"type":"A","date":"2018-03-19T07:49:09.000Z","volume":500,"price":72.65,"category":"rbull"},{"type":"A","date":"2018-03-19T07:47:23.000Z","volume":500,"price":72.65,"category":"rbull"},{"type":"A","date":"2018-03-19T07:47:09.000Z","volume":500,"price":72.7,"category":"rbull"},{"type":"A","date":"2018-03-19T07:46:52.000Z","volume":500,"price":72.7,"category":"rbull"},{"type":"A","date":"2018-03-19T07:46:14.000Z","volume":500,"price":72.7,"category":"rbull"},{"type":"A","date":"2018-03-19T07:45:53.000Z","volume":500,"price":72.7,"category":"rbull"},{"type":"A","date":"2018-03-19T07:45:31.000Z","volume":500,"price":72.75,"category":"rbull"},{"type":"A","date":"2018-03-19T07:44:42.000Z","volume":500,"price":72.75,"category":"rbull"},{"type":"A","date":"2018-03-19T07:44:31.000Z","volume":500,"price":72.75,"category":"rbull"},{"type":"A","date":"2018-03-19T07:44:14.000Z","volume":500,"price":72.75,"category":"rbull"},{"type":"A","date":"2018-03-19T07:44:03.000Z","volume":500,"price":72.75,"category":"rbull"},{"type":"A","date":"2018-03-19T07:43:48.000Z","volume":500,"price":72.75,"category":"rbull"},{"type":"A","date":"2018-03-19T07:43:44.000Z","volume":500,"price":72.75,"category":"rbull"},{"type":"A","date":"2018-03-19T07:43:24.000Z","volume":500,"price":72.75,"category":"rbull"},{"type":"A","date":"2018-03-19T07:42:42.000Z","volume":500,"price":72.75,"category":"rbull"},{"type":"A","date":"2018-03-19T07:41:59.000Z","volume":500,"price":72.75,"category":"rbull"},{"type":"A","date":"2018-03-19T07:41:46.000Z","volume":500,"price":72.75,"category":"rbull"},{"type":"A","date":"2018-03-19T07:40:43.000Z","volume":500,"price":72.75,"category":"rbull"},{"type":"A","date":"2018-03-19T07:40:38.000Z","volume":500,"price":72.75,"category":"rbull"},{"type":"A","date":"2018-03-19T07:39:06.000Z","volume":500,"price":72.75,"category":"rbull"},{"type":"A","date":"2018-03-19T07:38:57.000Z","volume":500,"price":72.75,"category":"rbull"},{"type":"A","date":"2018-03-19T07:38:52.000Z","volume":500,"price":72.75,"category":"rbull"},{"type":"A","date":"2018-03-19T07:38:35.000Z","volume":500,"price":72.75,"category":"rbull"},{"type":"A","date":"2018-03-19T07:38:33.000Z","volume":500,"price":72.75,"category":"rbull"},{"type":"A","date":"2018-03-19T07:38:32.000Z","volume":500,"price":72.75,"category":"rbull"},{"type":"A","date":"2018-03-19T07:38:05.000Z","volume":500,"price":72.65,"category":"rbull"},{"type":"A","date":"2018-03-19T07:37:27.000Z","volume":500,"price":72.65,"category":"rbull"},{"type":"A","date":"2018-03-19T07:37:25.000Z","volume":500,"price":72.65,"category":"rbull"},{"type":"A","date":"2018-03-19T07:37:20.000Z","volume":500,"price":72.65,"category":"rbull"},{"type":"A","date":"2018-03-19T07:37:17.000Z","volume":500,"price":72.65,"category":"rbull"},{"type":"A","date":"2018-03-19T07:37:12.000Z","volume":500,"price":72.65,"category":"rbull"},{"type":"A","date":"2018-03-19T07:36:21.000Z","volume":500,"price":72.65,"category":"rbull"},{"type":"A","date":"2018-03-19T07:36:16.000Z","volume":500,"price":72.65,"category":"rbull"},{"type":"A","date":"2018-03-19T07:35:45.000Z","volume":500,"price":72.65,"category":"rbull"},{"type":"A","date":"2018-03-19T07:35:41.000Z","volume":500,"price":72.65,"category":"rbull"},{"type":"A","date":"2018-03-19T07:35:13.000Z","volume":500,"price":72.65,"category":"rbull"},{"type":"A","date":"2018-03-19T07:35:06.000Z","volume":500,"price":72.65,"category":"rbull"},{"type":"A","date":"2018-03-19T07:35:00.000Z","volume":500,"price":72.65,"category":"rbull"},{"type":"A","date":"2018-03-19T07:34:56.000Z","volume":500,"price":72.65,"category":"rbull"},{"type":"A","date":"2018-03-19T07:34:46.000Z","volume":500,"price":72.65,"category":"rbull"},{"type":"A","date":"2018-03-19T07:34:41.000Z","volume":500,"price":72.65,"category":"rbull"},{"type":"A","date":"2018-03-19T07:34:26.000Z","volume":500,"price":72.65,"category":"rbull"},{"type":"A","date":"2018-03-19T07:34:15.000Z","volume":500,"price":72.65,"category":"rbull"},{"type":"A","date":"2018-03-19T07:32:23.000Z","volume":500,"price":72.65,"category":"rbull"},{"type":"A","date":"2018-03-19T07:31:43.000Z","volume":500,"price":72.65,"category":"rbull"},{"type":"A","date":"2018-03-19T07:31:17.000Z","volume":500,"price":72.65,"category":"rbull"},{"type":"A","date":"2018-03-19T07:30:50.000Z","volume":500,"price":72.65,"category":"rbull"},{"type":"A","date":"2018-03-19T07:30:45.000Z","volume":500,"price":72.65,"category":"rbull"},{"type":"A","date":"2018-03-19T07:29:49.000Z","volume":500,"price":72.65,"category":"rbull"},{"type":"A","date":"2018-03-19T07:29:39.000Z","volume":500,"price":72.65,"category":"rbull"},{"type":"A","date":"2018-03-19T07:27:58.000Z","volume":500,"price":72.65,"category":"rbull"},{"type":"A","date":"2018-03-19T07:26:34.000Z","volume":500,"price":72.65,"category":"rbull"},{"type":"A","date":"2018-03-19T07:26:15.000Z","volume":500,"price":72.65,"category":"rbull"},{"type":"A","date":"2018-03-19T07:25:48.000Z","volume":500,"price":72.65,"category":"rbull"},{"type":"A","date":"2018-03-19T07:25:43.000Z","volume":500,"price":72.65,"category":"rbull"},{"type":"A","date":"2018-03-19T07:25:38.000Z","volume":500,"price":72.65,"category":"rbull"},{"type":"A","date":"2018-03-19T07:25:23.000Z","volume":500,"price":72.65,"category":"rbull"},{"type":"A","date":"2018-03-19T07:25:18.000Z","volume":500,"price":72.65,"category":"rbull"},{"type":"A","date":"2018-03-19T07:25:13.000Z","volume":500,"price":72.65,"category":"rbull"},{"type":"A","date":"2018-03-19T07:24:56.000Z","volume":500,"price":72.65,"category":"rbull"},{"type":"A","date":"2018-03-19T07:24:48.000Z","volume":500,"price":72.65,"category":"rbull"},{"type":"A","date":"2018-03-19T07:24:32.000Z","volume":500,"price":72.65,"category":"rbull"},{"type":"A","date":"2018-03-19T07:24:07.000Z","volume":500,"price":72.65,"category":"rbull"},{"type":"A","date":"2018-03-19T07:24:05.000Z","volume":500,"price":72.65,"category":"rbull"},{"type":"A","date":"2018-03-19T07:24:05.000Z","volume":500,"price":72.65,"category":"rbull"},{"type":"A","date":"2018-03-19T07:24:03.000Z","volume":500,"price":72.65,"category":"rbull"},{"type":"A","date":"2018-03-19T07:24:03.000Z","volume":500,"price":72.65,"category":"rbull"},{"type":"A","date":"2018-03-19T07:23:51.000Z","volume":500,"price":72.65,"category":"rbull"},{"type":"A","date":"2018-03-19T07:23:36.000Z","volume":500,"price":72.65,"category":"rbull"},{"type":"A","date":"2018-03-19T07:23:24.000Z","volume":500,"price":72.65,"category":"rbull"},{"type":"A","date":"2018-03-19T07:23:22.000Z","volume":500,"price":72.65,"category":"rbull"},{"type":"A","date":"2018-03-19T07:23:16.000Z","volume":500,"price":72.65,"category":"rbull"},{"type":"A","date":"2018-03-19T07:23:00.000Z","volume":500,"price":72.65,"category":"rbull"},{"type":"A","date":"2018-03-19T07:22:46.000Z","volume":500,"price":72.65,"category":"rbull"},{"type":"A","date":"2018-03-19T07:22:17.000Z","volume":500,"price":72.65,"category":"rbull"},{"type":"A","date":"2018-03-19T07:21:54.000Z","volume":500,"price":72.65,"category":"rbull"},{"type":"A","date":"2018-03-19T07:21:42.000Z","volume":500,"price":72.65,"category":"rbull"},{"type":"A","date":"2018-03-19T07:21:27.000Z","volume":500,"price":72.7,"category":"rbull"},{"type":"A","date":"2018-03-19T07:21:22.000Z","volume":500,"price":72.7,"category":"rbull"},{"type":"A","date":"2018-03-19T07:21:14.000Z","volume":500,"price":72.7,"category":"rbull"},{"type":"A","date":"2018-03-19T07:20:51.000Z","volume":500,"price":72.7,"category":"rbull"},{"type":"A","date":"2018-03-19T07:20:26.000Z","volume":500,"price":72.7,"category":"rbull"},{"type":"A","date":"2018-03-19T07:20:01.000Z","volume":500,"price":72.7,"category":"rbull"},{"type":"A","date":"2018-03-19T07:19:32.000Z","volume":500,"price":72.7,"category":"rbull"},{"type":"A","date":"2018-03-19T07:18:52.000Z","volume":500,"price":72.7,"category":"rbull"},{"type":"A","date":"2018-03-19T07:18:47.000Z","volume":500,"price":72.7,"category":"rbull"},{"type":"A","date":"2018-03-19T07:18:42.000Z","volume":500,"price":72.7,"category":"rbull"},{"type":"A","date":"2018-03-19T07:18:38.000Z","volume":500,"price":72.65,"category":"rbull"},{"type":"A","date":"2018-03-19T07:18:34.000Z","volume":500,"price":72.7,"category":"rbull"},{"type":"A","date":"2018-03-19T07:18:33.000Z","volume":500,"price":72.75,"category":"rbull"},{"type":"A","date":"2018-03-19T07:18:32.000Z","volume":500,"price":72.75,"category":"rbull"},{"type":"A","date":"2018-03-19T07:18:32.000Z","volume":500,"price":72.75,"category":"rbull"},{"type":"A","date":"2018-03-19T07:18:00.000Z","volume":500,"price":72.9,"category":"rbull"},{"type":"A","date":"2018-03-19T07:17:31.000Z","volume":500,"price":72.9,"category":"rbull"},{"type":"A","date":"2018-03-19T07:17:26.000Z","volume":500,"price":72.9,"category":"rbull"},{"type":"A","date":"2018-03-19T07:17:06.000Z","volume":500,"price":72.9,"category":"rbull"},{"type":"A","date":"2018-03-19T07:17:01.000Z","volume":500,"price":72.9,"category":"rbull"},{"type":"A","date":"2018-03-19T07:16:41.000Z","volume":500,"price":72.9,"category":"rbull"},{"type":"A","date":"2018-03-19T07:16:36.000Z","volume":500,"price":72.9,"category":"rbull"},{"type":"A","date":"2018-03-19T07:16:26.000Z","volume":500,"price":72.9,"category":"rbull"},{"type":"A","date":"2018-03-19T07:16:10.000Z","volume":500,"price":72.9,"category":"rbull"},{"type":"A","date":"2018-03-19T07:16:06.000Z","volume":500,"price":72.9,"category":"rbull"},{"type":"A","date":"2018-03-19T07:15:51.000Z","volume":500,"price":72.9,"category":"rbull"},{"type":"A","date":"2018-03-19T07:15:36.000Z","volume":500,"price":72.9,"category":"rbull"},{"type":"A","date":"2018-03-19T07:15:31.000Z","volume":500,"price":72.9,"category":"rbull"},{"type":"A","date":"2018-03-19T07:15:16.000Z","volume":500,"price":72.9,"category":"rbull"},{"type":"A","date":"2018-03-19T07:15:15.000Z","volume":500,"price":72.9,"category":"rbull"},{"type":"A","date":"2018-03-19T07:15:05.000Z","volume":500,"price":72.9,"category":"rbull"},{"type":"A","date":"2018-03-19T07:14:48.000Z","volume":500,"price":72.9,"category":"rbull"},{"type":"A","date":"2018-03-19T07:14:25.000Z","volume":500,"price":72.9,"category":"rbull"},{"type":"A","date":"2018-03-19T07:14:24.000Z","volume":500,"price":72.9,"category":"rbull"},{"type":"A","date":"2018-03-19T07:14:14.000Z","volume":500,"price":72.9,"category":"rbull"},{"type":"A","date":"2018-03-19T07:13:51.000Z","volume":500,"price":72.9,"category":"rbull"},{"type":"A","date":"2018-03-19T07:13:48.000Z","volume":500,"price":72.9,"category":"rbull"},{"type":"A","date":"2018-03-19T07:13:39.000Z","volume":500,"price":72.9,"category":"rbull"},{"type":"A","date":"2018-03-19T07:13:15.000Z","volume":500,"price":72.9,"category":"rbull"},{"type":"A","date":"2018-03-19T07:13:04.000Z","volume":500,"price":72.9,"category":"rbull"},{"type":"A","date":"2018-03-19T07:13:02.000Z","volume":500,"price":72.9,"category":"rbull"},{"type":"A","date":"2018-03-19T07:12:58.000Z","volume":500,"price":72.9,"category":"rbull"},{"type":"A","date":"2018-03-19T07:12:55.000Z","volume":500,"price":72.9,"category":"rbull"},{"type":"A","date":"2018-03-19T07:12:53.000Z","volume":500,"price":72.9,"category":"rbull"},{"type":"A","date":"2018-03-19T07:12:42.000Z","volume":500,"price":72.9,"category":"rbull"},{"type":"A","date":"2018-03-19T07:12:39.000Z","volume":500,"price":72.9,"category":"rbull"},{"type":"A","date":"2018-03-19T07:12:22.000Z","volume":500,"price":72.9,"category":"rbull"},{"type":"A","date":"2018-03-19T07:12:18.000Z","volume":500,"price":72.9,"category":"rbull"},{"type":"A","date":"2018-03-19T07:12:04.000Z","volume":500,"price":72.9,"category":"rbull"},{"type":"A","date":"2018-03-19T07:11:55.000Z","volume":500,"price":72.9,"category":"rbull"},{"type":"A","date":"2018-03-19T07:11:37.000Z","volume":500,"price":72.9,"category":"rbull"},{"type":"A","date":"2018-03-19T07:11:29.000Z","volume":500,"price":72.9,"category":"rbull"},{"type":"A","date":"2018-03-19T07:11:27.000Z","volume":500,"price":72.9,"category":"rbull"},{"type":"A","date":"2018-03-19T07:11:02.000Z","volume":500,"price":72.9,"category":"rbull"},{"type":"A","date":"2018-03-19T07:10:39.000Z","volume":500,"price":72.9,"category":"rbull"},{"type":"A","date":"2018-03-19T07:10:38.000Z","volume":500,"price":72.9,"category":"rbull"},{"type":"A","date":"2018-03-19T07:10:28.000Z","volume":500,"price":72.9,"category":"rbull"},{"type":"A","date":"2018-03-19T07:10:22.000Z","volume":500,"price":72.9,"category":"rbull"},{"type":"A","date":"2018-03-19T07:10:16.000Z","volume":500,"price":72.9,"category":"rbull"},{"type":"A","date":"2018-03-19T07:10:14.000Z","volume":500,"price":72.9,"category":"rbull"},{"type":"A","date":"2018-03-19T07:10:00.000Z","volume":500,"price":72.9,"category":"rbull"},{"type":"A","date":"2018-03-19T07:09:56.000Z","volume":500,"price":72.9,"category":"rbull"},{"type":"A","date":"2018-03-19T07:09:52.000Z","volume":500,"price":72.9,"category":"rbull"},{"type":"A","date":"2018-03-19T07:09:48.000Z","volume":500,"price":72.9,"category":"rbull"},{"type":"A","date":"2018-03-19T07:09:13.000Z","volume":500,"price":72.9,"category":"rbull"},{"type":"A","date":"2018-03-19T07:09:03.000Z","volume":500,"price":72.9,"category":"rbull"},{"type":"A","date":"2018-03-19T07:08:53.000Z","volume":500,"price":72.9,"category":"rbull"},{"type":"A","date":"2018-03-19T07:08:48.000Z","volume":500,"price":72.9,"category":"rbull"},{"type":"A","date":"2018-03-19T07:08:48.000Z","volume":500,"price":72.9,"category":"rbull"},{"type":"A","date":"2018-03-19T07:08:43.000Z","volume":500,"price":72.9,"category":"rbull"},{"type":"A","date":"2018-03-19T07:08:38.000Z","volume":500,"price":72.9,"category":"rbull"},{"type":"A","date":"2018-03-19T07:08:30.000Z","volume":500,"price":72.9,"category":"rbull"},{"type":"A","date":"2018-03-19T07:08:28.000Z","volume":500,"price":72.9,"category":"rbull"},{"type":"A","date":"2018-03-19T07:08:13.000Z","volume":500,"price":72.9,"category":"rbull"},{"type":"A","date":"2018-03-19T07:08:03.000Z","volume":500,"price":72.9,"category":"rbull"},{"type":"A","date":"2018-03-19T07:07:52.000Z","volume":500,"price":72.9,"category":"rbull"},{"type":"A","date":"2018-03-19T07:07:48.000Z","volume":500,"price":72.9,"category":"rbull"},{"type":"A","date":"2018-03-19T07:06:21.000Z","volume":500,"price":72.9,"category":"rbull"},{"type":"A","date":"2018-03-19T07:06:03.000Z","volume":500,"price":72.9,"category":"rbull"},{"type":"A","date":"2018-03-19T07:05:59.000Z","volume":500,"price":72.9,"category":"rbull"},{"type":"A","date":"2018-03-19T07:05:48.000Z","volume":500,"price":72.9,"category":"rbull"},{"type":"A","date":"2018-03-19T07:04:51.000Z","volume":500,"price":72.9,"category":"rbull"},{"type":"A","date":"2018-03-19T07:04:27.000Z","volume":500,"price":72.9,"category":"rbull"},{"type":"A","date":"2018-03-19T07:04:25.000Z","volume":500,"price":72.9,"category":"rbull"},{"type":"A","date":"2018-03-19T07:02:53.000Z","volume":500,"price":72.9,"category":"rbull"},{"type":"A","date":"2018-03-19T07:02:48.000Z","volume":500,"price":72.9,"category":"rbull"},{"type":"A","date":"2018-03-19T07:02:38.000Z","volume":500,"price":72.9,"category":"rbull"},{"type":"A","date":"2018-03-19T07:02:28.000Z","volume":500,"price":72.9,"category":"rbull"},{"type":"A","date":"2018-03-19T07:02:18.000Z","volume":500,"price":72.9,"category":"rbull"},{"type":"A","date":"2018-03-19T07:02:13.000Z","volume":500,"price":72.9,"category":"rbull"},{"type":"A","date":"2018-03-19T07:01:33.000Z","volume":500,"price":72.9,"category":"rbull"},{"type":"A","date":"2018-03-19T07:01:23.000Z","volume":500,"price":72.9,"category":"rbull"},{"type":"A","date":"2018-03-19T07:01:03.000Z","volume":500,"price":72.9,"category":"rbull"},{"type":"A","date":"2018-03-19T07:00:50.000Z","volume":500,"price":72.9,"category":"rbull"},{"type":"A","date":"2018-03-19T07:00:30.000Z","volume":500,"price":72.9,"category":"rbull"},{"type":"A","date":"2018-03-19T07:00:22.000Z","volume":500,"price":72.9,"category":"rbull"},{"type":"A","date":"2018-03-19T07:00:19.000Z","volume":500,"price":72.9,"category":"rbull"},{"type":"A","date":"2018-03-19T07:00:05.000Z","volume":500,"price":72.9,"category":"rbull"},{"type":"A","date":"2018-03-19T07:00:02.000Z","volume":500,"price":72.9,"category":"rbull"},{"type":"A","date":"2018-03-19T06:59:44.000Z","volume":500,"price":72.9,"category":"rbull"},{"type":"A","date":"2018-03-19T06:59:44.000Z","volume":500,"price":72.9,"category":"rbull"},{"type":"A","date":"2018-03-19T06:59:39.000Z","volume":500,"price":72.9,"category":"rbull"},{"type":"A","date":"2018-03-19T06:59:37.000Z","volume":500,"price":72.9,"category":"rbull"},{"type":"A","date":"2018-03-19T06:59:30.000Z","volume":500,"price":72.9,"category":"rbull"},{"type":"A","date":"2018-03-19T06:59:30.000Z","volume":500,"price":72.9,"category":"rbull"},{"type":"A","date":"2018-03-19T06:59:23.000Z","volume":500,"price":72.9,"category":"rbull"},{"type":"A","date":"2018-03-19T06:59:19.000Z","volume":500,"price":72.9,"category":"rbull"},{"type":"A","date":"2018-03-19T06:59:13.000Z","volume":500,"price":72.9,"category":"rbull"},{"type":"A","date":"2018-03-19T06:59:10.000Z","volume":500,"price":72.9,"category":"rbull"},{"type":"A","date":"2018-03-19T06:59:04.000Z","volume":500,"price":72.9,"category":"rbull"},{"type":"A","date":"2018-03-19T06:58:41.000Z","volume":500,"price":72.9,"category":"rbull"},{"type":"A","date":"2018-03-19T06:58:13.000Z","volume":500,"price":72.9,"category":"rbull"},{"type":"A","date":"2018-03-19T06:57:50.000Z","volume":500,"price":72.9,"category":"rbull"},{"type":"A","date":"2018-03-19T06:57:45.000Z","volume":500,"price":72.9,"category":"rbull"},{"type":"A","date":"2018-03-19T06:57:44.000Z","volume":500,"price":72.9,"category":"rbull"},{"type":"A","date":"2018-03-19T06:57:42.000Z","volume":500,"price":72.9,"category":"rbull"},{"type":"A","date":"2018-03-19T06:57:23.000Z","volume":500,"price":72.9,"category":"rbull"},{"type":"A","date":"2018-03-19T06:57:09.000Z","volume":500,"price":72.9,"category":"rbull"},{"type":"A","date":"2018-03-19T06:57:03.000Z","volume":500,"price":72.9,"category":"rbull"},{"type":"A","date":"2018-03-19T06:56:42.000Z","volume":500,"price":72.9,"category":"rbull"},{"type":"A","date":"2018-03-19T06:56:23.000Z","volume":500,"price":72.9,"category":"rbull"},{"type":"A","date":"2018-03-19T06:56:22.000Z","volume":500,"price":72.9,"category":"rbull"},{"type":"A","date":"2018-03-19T06:56:13.000Z","volume":500,"price":72.9,"category":"rbull"},{"type":"A","date":"2018-03-19T06:55:24.000Z","volume":500,"price":72.9,"category":"rbull"},{"type":"A","date":"2018-03-19T06:55:18.000Z","volume":500,"price":72.9,"category":"rbull"},{"type":"A","date":"2018-03-19T06:54:45.000Z","volume":500,"price":72.9,"category":"rbull"},{"type":"A","date":"2018-03-19T06:54:30.000Z","volume":500,"price":72.9,"category":"rbull"},{"type":"A","date":"2018-03-19T06:54:29.000Z","volume":500,"price":72.9,"category":"rbull"},{"type":"A","date":"2018-03-19T06:54:22.000Z","volume":500,"price":72.9,"category":"rbull"},{"type":"A","date":"2018-03-19T06:54:05.000Z","volume":500,"price":72.9,"category":"rbull"},{"type":"A","date":"2018-03-19T06:54:04.000Z","volume":500,"price":72.9,"category":"rbull"},{"type":"A","date":"2018-03-19T06:53:51.000Z","volume":500,"price":72.9,"category":"rbull"},{"type":"A","date":"2018-03-19T06:53:37.000Z","volume":500,"price":72.9,"category":"rbull"},{"type":"A","date":"2018-03-19T06:53:29.000Z","volume":500,"price":72.9,"category":"rbull"},{"type":"A","date":"2018-03-19T06:53:22.000Z","volume":500,"price":72.9,"category":"rbull"},{"type":"A","date":"2018-03-19T06:53:01.000Z","volume":500,"price":72.9,"category":"rbull"},{"type":"A","date":"2018-03-19T06:52:58.000Z","volume":500,"price":72.9,"category":"rbull"},{"type":"A","date":"2018-03-19T06:52:55.000Z","volume":500,"price":72.9,"category":"rbull"},{"type":"A","date":"2018-03-19T06:52:25.000Z","volume":500,"price":72.9,"category":"rbull"},{"type":"A","date":"2018-03-19T06:52:16.000Z","volume":500,"price":72.9,"category":"rbull"},{"type":"A","date":"2018-03-19T06:52:05.000Z","volume":500,"price":72.9,"category":"rbull"},{"type":"A","date":"2018-03-19T06:51:58.000Z","volume":500,"price":72.9,"category":"rbull"},{"type":"A","date":"2018-03-19T06:51:55.000Z","volume":500,"price":72.9,"category":"rbull"},{"type":"A","date":"2018-03-19T06:51:53.000Z","volume":500,"price":72.9,"category":"rbull"},{"type":"A","date":"2018-03-19T06:51:41.000Z","volume":500,"price":72.9,"category":"rbull"},{"type":"A","date":"2018-03-19T06:51:32.000Z","volume":500,"price":72.9,"category":"rbull"},{"type":"A","date":"2018-03-19T06:51:25.000Z","volume":500,"price":72.9,"category":"rbull"},{"type":"A","date":"2018-03-19T06:51:23.000Z","volume":500,"price":72.9,"category":"rbull"},{"type":"A","date":"2018-03-19T06:51:21.000Z","volume":500,"price":72.9,"category":"rbull"},{"type":"A","date":"2018-03-19T06:51:05.000Z","volume":500,"price":72.9,"category":"rbull"},{"type":"A","date":"2018-03-19T06:51:03.000Z","volume":500,"price":72.9,"category":"rbull"},{"type":"A","date":"2018-03-19T06:50:52.000Z","volume":500,"price":72.9,"category":"rbull"},{"type":"A","date":"2018-03-19T06:50:40.000Z","volume":500,"price":72.9,"category":"rbull"},{"type":"A","date":"2018-03-19T06:50:38.000Z","volume":500,"price":72.9,"category":"rbull"},{"type":"A","date":"2018-03-19T06:50:15.000Z","volume":500,"price":72.9,"category":"rbull"},{"type":"A","date":"2018-03-19T06:50:11.000Z","volume":500,"price":72.9,"category":"rbull"},{"type":"A","date":"2018-03-19T06:50:04.000Z","volume":500,"price":72.9,"category":"rbull"},{"type":"A","date":"2018-03-19T06:50:00.000Z","volume":500,"price":72.9,"category":"rbull"},{"type":"A","date":"2018-03-19T06:49:57.000Z","volume":500,"price":72.9,"category":"rbull"},{"type":"A","date":"2018-03-19T06:49:55.000Z","volume":500,"price":72.9,"category":"rbull"},{"type":"A","date":"2018-03-19T06:49:53.000Z","volume":500,"price":72.9,"category":"rbull"},{"type":"A","date":"2018-03-19T06:49:52.000Z","volume":500,"price":72.9,"category":"rbull"},{"type":"A","date":"2018-03-19T06:49:49.000Z","volume":500,"price":72.9,"category":"rbull"},{"type":"A","date":"2018-03-19T06:49:48.000Z","volume":500,"price":72.9,"category":"rbull"},{"type":"A","date":"2018-03-19T06:49:47.000Z","volume":500,"price":72.9,"category":"rbull"},{"type":"A","date":"2018-03-19T06:49:45.000Z","volume":500,"price":72.9,"category":"rbull"},{"type":"A","date":"2018-03-19T06:49:43.000Z","volume":500,"price":72.9,"category":"rbull"},{"type":"A","date":"2018-03-19T06:49:40.000Z","volume":500,"price":72.9,"category":"rbull"},{"type":"A","date":"2018-03-19T06:49:38.000Z","volume":500,"price":72.9,"category":"rbull"},{"type":"A","date":"2018-03-19T06:49:28.000Z","volume":500,"price":72.9,"category":"rbull"},{"type":"A","date":"2018-03-19T06:49:26.000Z","volume":500,"price":72.9,"category":"rbull"},{"type":"A","date":"2018-03-19T06:49:25.000Z","volume":500,"price":72.9,"category":"rbull"},{"type":"A","date":"2018-03-19T06:48:23.000Z","volume":500,"price":72.9,"category":"rbull"},{"type":"A","date":"2018-03-19T06:48:20.000Z","volume":500,"price":72.9,"category":"rbull"},{"type":"A","date":"2018-03-19T06:48:02.000Z","volume":500,"price":72.9,"category":"rbull"},{"type":"A","date":"2018-03-19T06:48:02.000Z","volume":500,"price":72.9,"category":"rbull"},{"type":"A","date":"2018-03-19T06:47:58.000Z","volume":500,"price":72.9,"category":"rbull"},{"type":"A","date":"2018-03-19T06:47:43.000Z","volume":500,"price":72.9,"category":"rbull"},{"type":"A","date":"2018-03-19T06:47:19.000Z","volume":500,"price":72.9,"category":"rbull"},{"type":"A","date":"2018-03-19T06:45:59.000Z","volume":500,"price":72.9,"category":"rbull"},{"type":"A","date":"2018-03-19T06:45:58.000Z","volume":500,"price":72.9,"category":"rbull"},{"type":"A","date":"2018-03-19T06:45:53.000Z","volume":500,"price":72.9,"category":"rbull"},{"type":"A","date":"2018-03-19T06:45:43.000Z","volume":500,"price":72.9,"category":"rbull"},{"type":"A","date":"2018-03-19T06:45:38.000Z","volume":500,"price":72.9,"category":"rbull"},{"type":"A","date":"2018-03-19T06:45:33.000Z","volume":500,"price":72.9,"category":"rbull"},{"type":"A","date":"2018-03-19T06:45:33.000Z","volume":500,"price":72.9,"category":"rbull"},{"type":"A","date":"2018-03-19T06:45:28.000Z","volume":500,"price":72.9,"category":"rbull"},{"type":"A","date":"2018-03-19T06:45:27.000Z","volume":500,"price":72.9,"category":"rbull"},{"type":"A","date":"2018-03-19T06:45:19.000Z","volume":500,"price":72.9,"category":"rbull"},{"type":"A","date":"2018-03-19T06:45:18.000Z","volume":500,"price":72.9,"category":"rbull"},{"type":"A","date":"2018-03-19T06:45:08.000Z","volume":500,"price":72.9,"category":"rbull"},{"type":"A","date":"2018-03-19T06:44:57.000Z","volume":500,"price":72.9,"category":"rbull"},{"type":"A","date":"2018-03-19T06:44:31.000Z","volume":500,"price":72.9,"category":"rbull"},{"type":"A","date":"2018-03-19T06:43:59.000Z","volume":500,"price":72.9,"category":"rbull"},{"type":"A","date":"2018-03-19T06:43:30.000Z","volume":500,"price":72.9,"category":"rbull"},{"type":"A","date":"2018-03-19T06:42:35.000Z","volume":500,"price":72.9,"category":"rbull"},{"type":"A","date":"2018-03-19T06:41:24.000Z","volume":500,"price":72.95,"category":"rbull"},{"type":"A","date":"2018-03-19T06:41:12.000Z","volume":500,"price":72.95,"category":"rbull"},{"type":"A","date":"2018-03-19T06:40:48.000Z","volume":500,"price":72.95,"category":"rbull"},{"type":"A","date":"2018-03-19T06:40:45.000Z","volume":500,"price":72.95,"category":"rbull"},{"type":"A","date":"2018-03-19T06:40:22.000Z","volume":500,"price":72.95,"category":"rbull"},{"type":"A","date":"2018-03-19T06:40:06.000Z","volume":500,"price":72.95,"category":"rbull"},{"type":"A","date":"2018-03-19T06:39:43.000Z","volume":500,"price":72.95,"category":"rbull"},{"type":"A","date":"2018-03-19T06:39:35.000Z","volume":500,"price":72.95,"category":"rbull"},{"type":"A","date":"2018-03-19T06:39:33.000Z","volume":500,"price":72.95,"category":"rbull"},{"type":"A","date":"2018-03-19T06:39:28.000Z","volume":500,"price":72.95,"category":"rbull"},{"type":"A","date":"2018-03-19T06:39:28.000Z","volume":500,"price":72.95,"category":"rbull"},{"type":"A","date":"2018-03-19T06:39:26.000Z","volume":500,"price":72.95,"category":"rbull"},{"type":"A","date":"2018-03-19T06:39:18.000Z","volume":500,"price":72.95,"category":"rbull"},{"type":"A","date":"2018-03-19T06:39:15.000Z","volume":500,"price":72.95,"category":"rbull"},{"type":"A","date":"2018-03-19T06:38:50.000Z","volume":500,"price":72.95,"category":"rbull"},{"type":"A","date":"2018-03-19T06:38:39.000Z","volume":500,"price":72.95,"category":"rbull"},{"type":"A","date":"2018-03-19T06:38:09.000Z","volume":500,"price":72.95,"category":"rbull"},{"type":"A","date":"2018-03-19T06:37:44.000Z","volume":500,"price":72.95,"category":"rbull"},{"type":"A","date":"2018-03-19T06:37:43.000Z","volume":500,"price":72.95,"category":"rbull"},{"type":"A","date":"2018-03-19T06:37:17.000Z","volume":500,"price":72.95,"category":"rbull"},{"type":"A","date":"2018-03-19T06:36:53.000Z","volume":500,"price":72.95,"category":"rbull"},{"type":"A","date":"2018-03-19T06:36:39.000Z","volume":500,"price":72.95,"category":"rbull"},{"type":"A","date":"2018-03-19T06:36:37.000Z","volume":500,"price":72.95,"category":"rbull"},{"type":"A","date":"2018-03-19T06:36:35.000Z","volume":500,"price":72.95,"category":"rbull"},{"type":"A","date":"2018-03-19T06:36:28.000Z","volume":500,"price":72.95,"category":"rbull"},{"type":"A","date":"2018-03-19T06:35:54.000Z","volume":500,"price":72.95,"category":"rbull"},{"type":"A","date":"2018-03-19T06:34:30.000Z","volume":500,"price":72.95,"category":"rbull"},{"type":"A","date":"2018-03-19T06:33:47.000Z","volume":500,"price":72.95,"category":"rbull"},{"type":"A","date":"2018-03-19T06:32:38.000Z","volume":500,"price":72.95,"category":"rbull"},{"type":"A","date":"2018-03-19T06:32:32.000Z","volume":500,"price":72.95,"category":"rbull"},{"type":"A","date":"2018-03-19T06:31:40.000Z","volume":500,"price":72.95,"category":"rbull"},{"type":"A","date":"2018-03-19T06:31:33.000Z","volume":500,"price":72.9,"category":"rbull"},{"type":"A","date":"2018-03-19T06:30:36.000Z","volume":500,"price":72.9,"category":"rbull"},{"type":"A","date":"2018-03-19T06:30:21.000Z","volume":500,"price":72.9,"category":"rbull"},{"type":"A","date":"2018-03-19T06:30:00.000Z","volume":500,"price":72.9,"category":"rbull"},{"type":"A","date":"2018-03-19T06:28:05.000Z","volume":500,"price":72.9,"category":"rbull"},{"type":"A","date":"2018-03-19T06:28:04.000Z","volume":500,"price":72.9,"category":"rbull"},{"type":"A","date":"2018-03-19T06:27:08.000Z","volume":500,"price":72.9,"category":"rbull"},{"type":"A","date":"2018-03-19T06:26:59.000Z","volume":500,"price":72.9,"category":"rbull"},{"type":"A","date":"2018-03-19T06:26:55.000Z","volume":500,"price":72.9,"category":"rbull"},{"type":"A","date":"2018-03-19T06:26:51.000Z","volume":500,"price":72.9,"category":"rbull"},{"type":"A","date":"2018-03-19T06:26:11.000Z","volume":500,"price":72.9,"category":"rbull"},{"type":"A","date":"2018-03-19T06:26:09.000Z","volume":500,"price":72.9,"category":"rbull"},{"type":"A","date":"2018-03-19T06:25:51.000Z","volume":500,"price":72.9,"category":"rbull"},{"type":"A","date":"2018-03-19T06:25:48.000Z","volume":500,"price":72.9,"category":"rbull"},{"type":"A","date":"2018-03-19T06:25:41.000Z","volume":500,"price":72.9,"category":"rbull"},{"type":"A","date":"2018-03-19T06:25:33.000Z","volume":500,"price":72.9,"category":"rbull"},{"type":"A","date":"2018-03-19T06:25:33.000Z","volume":500,"price":72.9,"category":"rbull"},{"type":"A","date":"2018-03-19T06:25:20.000Z","volume":500,"price":72.9,"category":"rbull"},{"type":"A","date":"2018-03-19T06:25:08.000Z","volume":500,"price":72.9,"category":"rbull"},{"type":"A","date":"2018-03-19T06:24:53.000Z","volume":500,"price":72.9,"category":"rbull"},{"type":"A","date":"2018-03-19T06:24:50.000Z","volume":500,"price":72.9,"category":"rbull"},{"type":"A","date":"2018-03-19T06:23:38.000Z","volume":500,"price":72.9,"category":"rbull"},{"type":"A","date":"2018-03-19T06:22:58.000Z","volume":500,"price":72.9,"category":"rbull"},{"type":"A","date":"2018-03-19T06:22:54.000Z","volume":500,"price":72.9,"category":"rbull"},{"type":"A","date":"2018-03-19T06:22:48.000Z","volume":500,"price":72.9,"category":"rbull"},{"type":"A","date":"2018-03-19T06:22:46.000Z","volume":500,"price":72.85,"category":"rbull"},{"type":"A","date":"2018-03-19T06:22:46.000Z","volume":500,"price":72.85,"category":"rbull"},{"type":"A","date":"2018-03-19T06:22:33.000Z","volume":500,"price":72.85,"category":"rbull"},{"type":"A","date":"2018-03-19T06:22:23.000Z","volume":500,"price":72.85,"category":"rbull"},{"type":"A","date":"2018-03-19T06:22:18.000Z","volume":500,"price":72.85,"category":"rbull"},{"type":"A","date":"2018-03-19T06:22:16.000Z","volume":500,"price":72.85,"category":"rbull"},{"type":"A","date":"2018-03-19T06:21:55.000Z","volume":500,"price":72.9,"category":"rbull"},{"type":"A","date":"2018-03-19T06:21:41.000Z","volume":500,"price":72.9,"category":"rbull"},{"type":"A","date":"2018-03-19T06:21:30.000Z","volume":500,"price":72.9,"category":"rbull"},{"type":"A","date":"2018-03-19T06:21:25.000Z","volume":500,"price":72.9,"category":"rbull"},{"type":"A","date":"2018-03-19T06:21:03.000Z","volume":500,"price":72.9,"category":"rbull"},{"type":"A","date":"2018-03-19T06:21:02.000Z","volume":500,"price":72.9,"category":"rbull"},{"type":"A","date":"2018-03-19T06:20:48.000Z","volume":500,"price":72.9,"category":"rbull"},{"type":"A","date":"2018-03-19T06:20:48.000Z","volume":500,"price":72.9,"category":"rbull"},{"type":"A","date":"2018-03-19T06:20:48.000Z","volume":500,"price":72.9,"category":"rbull"},{"type":"A","date":"2018-03-19T06:19:49.000Z","volume":500,"price":72.9,"category":"rbull"},{"type":"A","date":"2018-03-19T06:19:17.000Z","volume":500,"price":72.9,"category":"rbull"},{"type":"A","date":"2018-03-19T06:18:39.000Z","volume":500,"price":72.9,"category":"rbull"},{"type":"A","date":"2018-03-19T06:17:21.000Z","volume":500,"price":72.9,"category":"rbull"},{"type":"A","date":"2018-03-19T06:17:20.000Z","volume":500,"price":72.9,"category":"rbull"},{"type":"A","date":"2018-03-19T06:17:02.000Z","volume":500,"price":72.9,"category":"rbull"},{"type":"A","date":"2018-03-19T06:16:52.000Z","volume":500,"price":72.9,"category":"rbull"},{"type":"A","date":"2018-03-19T06:16:05.000Z","volume":500,"price":72.9,"category":"rbull"},{"type":"A","date":"2018-03-19T06:15:56.000Z","volume":500,"price":72.9,"category":"rbull"},{"type":"A","date":"2018-03-19T06:15:14.000Z","volume":500,"price":72.9,"category":"rbull"},{"type":"A","date":"2018-03-19T06:13:16.000Z","volume":500,"price":72.9,"category":"rbull"},{"type":"A","date":"2018-03-19T06:12:59.000Z","volume":500,"price":72.85,"category":"rbull"},{"type":"A","date":"2018-03-19T06:12:54.000Z","volume":500,"price":72.85,"category":"rbull"},{"type":"A","date":"2018-03-19T06:12:53.000Z","volume":500,"price":72.85,"category":"rbull"},{"type":"A","date":"2018-03-19T06:12:52.000Z","volume":500,"price":72.85,"category":"rbull"},{"type":"A","date":"2018-03-19T06:12:45.000Z","volume":500,"price":72.85,"category":"rbull"},{"type":"A","date":"2018-03-19T06:12:32.000Z","volume":500,"price":72.85,"category":"rbull"},{"type":"A","date":"2018-03-19T06:12:32.000Z","volume":500,"price":72.85,"category":"rbull"},{"type":"A","date":"2018-03-19T06:12:24.000Z","volume":500,"price":72.85,"category":"rbull"},{"type":"A","date":"2018-03-19T06:12:21.000Z","volume":500,"price":72.85,"category":"rbull"},{"type":"A","date":"2018-03-19T06:12:09.000Z","volume":500,"price":72.85,"category":"rbull"},{"type":"A","date":"2018-03-19T06:12:06.000Z","volume":500,"price":72.85,"category":"rbull"},{"type":"A","date":"2018-03-19T06:11:57.000Z","volume":500,"price":72.85,"category":"rbull"},{"type":"A","date":"2018-03-19T06:11:56.000Z","volume":500,"price":72.85,"category":"rbull"},{"type":"A","date":"2018-03-19T06:11:56.000Z","volume":500,"price":72.85,"category":"rbull"},{"type":"A","date":"2018-03-19T06:11:52.000Z","volume":500,"price":72.85,"category":"rbull"},{"type":"A","date":"2018-03-19T06:11:42.000Z","volume":500,"price":72.85,"category":"rbull"},{"type":"A","date":"2018-03-19T06:11:42.000Z","volume":500,"price":72.85,"category":"rbull"},{"type":"A","date":"2018-03-19T06:11:40.000Z","volume":500,"price":72.85,"category":"rbull"},{"type":"A","date":"2018-03-19T06:11:20.000Z","volume":500,"price":72.85,"category":"rbull"},{"type":"A","date":"2018-03-19T06:11:10.000Z","volume":500,"price":72.85,"category":"rbull"},{"type":"A","date":"2018-03-19T06:11:00.000Z","volume":500,"price":72.8,"category":"rbull"},{"type":"A","date":"2018-03-19T06:11:00.000Z","volume":500,"price":72.8,"category":"rbull"},{"type":"A","date":"2018-03-19T06:11:00.000Z","volume":500,"price":72.8,"category":"rbull"},{"type":"A","date":"2018-03-19T06:10:57.000Z","volume":500,"price":72.8,"category":"rbull"},{"type":"A","date":"2018-03-19T06:10:42.000Z","volume":500,"price":72.8,"category":"rbull"},{"type":"A","date":"2018-03-19T06:10:42.000Z","volume":500,"price":72.8,"category":"rbull"},{"type":"A","date":"2018-03-19T06:10:42.000Z","volume":500,"price":72.8,"category":"rbull"},{"type":"A","date":"2018-03-19T06:10:37.000Z","volume":500,"price":72.8,"category":"rbull"},{"type":"A","date":"2018-03-19T06:10:14.000Z","volume":500,"price":72.8,"category":"rbull"},{"type":"A","date":"2018-03-19T06:10:10.000Z","volume":500,"price":72.8,"category":"rbull"},{"type":"A","date":"2018-03-19T06:10:05.000Z","volume":500,"price":72.8,"category":"rbull"},{"type":"A","date":"2018-03-19T06:10:03.000Z","volume":500,"price":72.8,"category":"rbull"},{"type":"A","date":"2018-03-19T06:10:00.000Z","volume":500,"price":72.8,"category":"rbull"},{"type":"A","date":"2018-03-19T06:09:56.000Z","volume":500,"price":72.8,"category":"rbull"},{"type":"A","date":"2018-03-19T06:09:51.000Z","volume":500,"price":72.8,"category":"rbull"},{"type":"A","date":"2018-03-19T06:09:51.000Z","volume":500,"price":72.8,"category":"rbull"},{"type":"A","date":"2018-03-19T06:09:46.000Z","volume":500,"price":72.8,"category":"rbull"},{"type":"A","date":"2018-03-19T06:09:23.000Z","volume":500,"price":72.8,"category":"rbull"},{"type":"A","date":"2018-03-19T06:09:20.000Z","volume":500,"price":72.8,"category":"rbull"},{"type":"A","date":"2018-03-19T06:08:57.000Z","volume":500,"price":72.8,"category":"rbull"},{"type":"A","date":"2018-03-19T06:08:20.000Z","volume":500,"price":72.8,"category":"rbull"},{"type":"A","date":"2018-03-19T06:07:58.000Z","volume":500,"price":72.8,"category":"rbull"},{"type":"A","date":"2018-03-19T06:07:48.000Z","volume":500,"price":72.8,"category":"rbull"},{"type":"A","date":"2018-03-19T06:07:08.000Z","volume":500,"price":72.8,"category":"rbull"},{"type":"A","date":"2018-03-19T06:06:51.000Z","volume":500,"price":72.8,"category":"rbull"},{"type":"A","date":"2018-03-19T06:06:31.000Z","volume":500,"price":72.8,"category":"rbull"},{"type":"A","date":"2018-03-19T06:06:28.000Z","volume":500,"price":72.8,"category":"rbull"},{"type":"A","date":"2018-03-19T06:06:10.000Z","volume":500,"price":72.8,"category":"rbull"},{"type":"A","date":"2018-03-19T06:05:48.000Z","volume":500,"price":72.8,"category":"rbull"},{"type":"A","date":"2018-03-19T06:05:41.000Z","volume":500,"price":72.8,"category":"rbull"},{"type":"A","date":"2018-03-19T06:05:08.000Z","volume":500,"price":72.8,"category":"rbull"},{"type":"A","date":"2018-03-19T06:04:06.000Z","volume":500,"price":72.8,"category":"rbull"},{"type":"A","date":"2018-03-19T06:03:53.000Z","volume":500,"price":72.8,"category":"rbull"},{"type":"A","date":"2018-03-19T06:03:35.000Z","volume":500,"price":72.8,"category":"rbull"},{"type":"A","date":"2018-03-19T06:03:28.000Z","volume":500,"price":72.8,"category":"rbull"},{"type":"A","date":"2018-03-19T06:03:25.000Z","volume":500,"price":72.8,"category":"rbull"},{"type":"A","date":"2018-03-19T06:03:05.000Z","volume":500,"price":72.8,"category":"rbull"},{"type":"A","date":"2018-03-19T06:02:55.000Z","volume":500,"price":72.8,"category":"rbull"},{"type":"A","date":"2018-03-19T06:02:48.000Z","volume":500,"price":72.8,"category":"rbull"},{"type":"A","date":"2018-03-19T06:02:47.000Z","volume":500,"price":72.8,"category":"rbull"},{"type":"A","date":"2018-03-19T06:02:17.000Z","volume":500,"price":72.8,"category":"rbull"},{"type":"A","date":"2018-03-19T06:02:16.000Z","volume":500,"price":72.8,"category":"rbull"},{"type":"A","date":"2018-03-19T06:01:24.000Z","volume":500,"price":72.8,"category":"rbull"},{"type":"A","date":"2018-03-19T05:59:51.000Z","volume":500,"price":72.8,"category":"rbull"},{"type":"A","date":"2018-03-19T05:59:39.000Z","volume":500,"price":72.8,"category":"rbull"},{"type":"A","date":"2018-03-19T05:59:34.000Z","volume":500,"price":72.8,"category":"rbull"},{"type":"A","date":"2018-03-19T05:59:03.000Z","volume":500,"price":72.8,"category":"rbull"},{"type":"A","date":"2018-03-19T05:58:19.000Z","volume":500,"price":72.8,"category":"rbull"},{"type":"A","date":"2018-03-19T05:58:12.000Z","volume":500,"price":72.8,"category":"rbull"},{"type":"A","date":"2018-03-19T05:57:58.000Z","volume":500,"price":72.8,"category":"rbull"},{"type":"A","date":"2018-03-19T05:57:43.000Z","volume":500,"price":72.8,"category":"rbull"},{"type":"A","date":"2018-03-19T05:56:20.000Z","volume":500,"price":72.8,"category":"rbull"},{"type":"A","date":"2018-03-19T05:55:08.000Z","volume":500,"price":72.8,"category":"rbull"},{"type":"A","date":"2018-03-19T05:54:23.000Z","volume":500,"price":72.8,"category":"rbull"},{"type":"A","date":"2018-03-19T05:54:08.000Z","volume":500,"price":72.8,"category":"rbull"},{"type":"A","date":"2018-03-19T05:54:06.000Z","volume":500,"price":72.8,"category":"rbull"},{"type":"A","date":"2018-03-19T05:53:14.000Z","volume":500,"price":72.8,"category":"rbull"},{"type":"A","date":"2018-03-19T05:53:13.000Z","volume":500,"price":72.8,"category":"rbull"},{"type":"A","date":"2018-03-19T05:53:10.000Z","volume":500,"price":72.8,"category":"rbull"},{"type":"A","date":"2018-03-19T05:52:40.000Z","volume":500,"price":72.8,"category":"rbull"},{"type":"A","date":"2018-03-19T05:52:13.000Z","volume":500,"price":72.8,"category":"rbull"},{"type":"A","date":"2018-03-19T05:52:06.000Z","volume":500,"price":72.8,"category":"rbull"},{"type":"A","date":"2018-03-19T05:52:01.000Z","volume":500,"price":72.8,"category":"rbull"},{"type":"A","date":"2018-03-19T05:48:07.000Z","volume":500,"price":72.8,"category":"rbull"},{"type":"A","date":"2018-03-19T05:48:02.000Z","volume":500,"price":72.8,"category":"rbull"},{"type":"A","date":"2018-03-19T05:47:57.000Z","volume":500,"price":72.8,"category":"rbull"},{"type":"A","date":"2018-03-19T05:47:42.000Z","volume":500,"price":72.8,"category":"rbull"},{"type":"A","date":"2018-03-19T05:47:37.000Z","volume":500,"price":72.8,"category":"rbull"},{"type":"A","date":"2018-03-19T05:47:14.000Z","volume":500,"price":72.8,"category":"rbull"},{"type":"A","date":"2018-03-19T05:47:06.000Z","volume":500,"price":72.8,"category":"rbull"},{"type":"A","date":"2018-03-19T05:46:41.000Z","volume":500,"price":72.8,"category":"rbull"},{"type":"A","date":"2018-03-19T05:46:11.000Z","volume":500,"price":72.8,"category":"rbull"},{"type":"A","date":"2018-03-19T05:46:08.000Z","volume":500,"price":72.8,"category":"rbull"},{"type":"A","date":"2018-03-19T05:46:07.000Z","volume":500,"price":72.8,"category":"rbull"},{"type":"A","date":"2018-03-19T05:46:06.000Z","volume":500,"price":72.8,"category":"rbull"},{"type":"A","date":"2018-03-19T05:45:56.000Z","volume":500,"price":72.8,"category":"rbull"},{"type":"A","date":"2018-03-19T05:45:55.000Z","volume":500,"price":72.8,"category":"rbull"},{"type":"A","date":"2018-03-19T05:45:44.000Z","volume":500,"price":72.8,"category":"rbull"},{"type":"A","date":"2018-03-19T05:45:10.000Z","volume":500,"price":72.8,"category":"rbull"},{"type":"A","date":"2018-03-19T05:44:51.000Z","volume":500,"price":72.8,"category":"rbull"},{"type":"A","date":"2018-03-19T05:44:51.000Z","volume":500,"price":72.8,"category":"rbull"},{"type":"A","date":"2018-03-19T05:44:47.000Z","volume":500,"price":72.8,"category":"rbull"},{"type":"A","date":"2018-03-19T05:44:26.000Z","volume":500,"price":72.8,"category":"rbull"},{"type":"A","date":"2018-03-19T05:44:06.000Z","volume":500,"price":72.8,"category":"rbull"},{"type":"A","date":"2018-03-19T05:44:00.000Z","volume":500,"price":72.8,"category":"rbull"},{"type":"A","date":"2018-03-19T05:43:51.000Z","volume":500,"price":72.8,"category":"rbull"},{"type":"A","date":"2018-03-19T05:42:20.000Z","volume":500,"price":72.8,"category":"rbull"},{"type":"A","date":"2018-03-19T05:42:10.000Z","volume":500,"price":72.8,"category":"rbull"},{"type":"A","date":"2018-03-19T05:41:45.000Z","volume":500,"price":72.8,"category":"rbull"},{"type":"A","date":"2018-03-19T05:41:37.000Z","volume":500,"price":72.8,"category":"rbull"},{"type":"A","date":"2018-03-19T05:41:08.000Z","volume":500,"price":72.8,"category":"rbull"},{"type":"A","date":"2018-03-19T05:41:01.000Z","volume":500,"price":72.8,"category":"rbull"},{"type":"A","date":"2018-03-19T05:40:28.000Z","volume":500,"price":72.8,"category":"rbull"},{"type":"A","date":"2018-03-19T05:39:43.000Z","volume":500,"price":72.8,"category":"rbull"},{"type":"A","date":"2018-03-19T05:38:24.000Z","volume":500,"price":72.8,"category":"rbull"},{"type":"A","date":"2018-03-19T05:37:55.000Z","volume":500,"price":72.8,"category":"rbull"},{"type":"A","date":"2018-03-19T05:37:50.000Z","volume":500,"price":72.8,"category":"rbull"},{"type":"A","date":"2018-03-19T05:36:34.000Z","volume":500,"price":72.8,"category":"rbull"},{"type":"A","date":"2018-03-19T05:35:59.000Z","volume":500,"price":72.8,"category":"rbull"},{"type":"A","date":"2018-03-19T05:35:50.000Z","volume":500,"price":72.8,"category":"rbull"},{"type":"A","date":"2018-03-19T05:35:44.000Z","volume":500,"price":72.8,"category":"rbull"},{"type":"A","date":"2018-03-19T05:35:40.000Z","volume":500,"price":72.8,"category":"rbull"},{"type":"A","date":"2018-03-19T05:35:35.000Z","volume":500,"price":72.8,"category":"rbull"},{"type":"A","date":"2018-03-19T05:35:24.000Z","volume":500,"price":72.8,"category":"rbull"},{"type":"A","date":"2018-03-19T05:35:14.000Z","volume":500,"price":72.8,"category":"rbull"},{"type":"A","date":"2018-03-19T05:35:09.000Z","volume":500,"price":72.8,"category":"rbull"},{"type":"A","date":"2018-03-19T05:35:04.000Z","volume":500,"price":72.8,"category":"rbull"},{"type":"A","date":"2018-03-19T05:34:21.000Z","volume":500,"price":72.8,"category":"rbull"},{"type":"A","date":"2018-03-19T05:33:10.000Z","volume":500,"price":72.8,"category":"rbull"},{"type":"A","date":"2018-03-19T05:32:56.000Z","volume":500,"price":72.85,"category":"rbull"},{"type":"A","date":"2018-03-19T05:31:54.000Z","volume":500,"price":72.85,"category":"rbull"},{"type":"A","date":"2018-03-19T05:31:44.000Z","volume":500,"price":72.85,"category":"rbull"},{"type":"A","date":"2018-03-19T05:31:38.000Z","volume":500,"price":72.85,"category":"rbull"},{"type":"A","date":"2018-03-19T05:31:34.000Z","volume":500,"price":72.8,"category":"rbull"},{"type":"A","date":"2018-03-19T05:31:32.000Z","volume":500,"price":72.8,"category":"rbull"},{"type":"A","date":"2018-03-19T05:31:29.000Z","volume":500,"price":72.8,"category":"rbull"},{"type":"A","date":"2018-03-19T05:31:24.000Z","volume":500,"price":72.8,"category":"rbull"},{"type":"A","date":"2018-03-19T05:31:22.000Z","volume":500,"price":72.8,"category":"rbull"},{"type":"A","date":"2018-03-19T05:31:07.000Z","volume":500,"price":72.8,"category":"rbull"},{"type":"A","date":"2018-03-19T05:30:37.000Z","volume":500,"price":72.8,"category":"rbull"},{"type":"A","date":"2018-03-19T05:30:25.000Z","volume":500,"price":72.8,"category":"rbull"},{"type":"A","date":"2018-03-19T05:30:01.000Z","volume":500,"price":72.8,"category":"rbull"},{"type":"A","date":"2018-03-19T05:29:51.000Z","volume":500,"price":72.8,"category":"rbull"},{"type":"A","date":"2018-03-19T05:29:48.000Z","volume":500,"price":72.8,"category":"rbull"},{"type":"A","date":"2018-03-19T05:29:40.000Z","volume":500,"price":72.8,"category":"rbull"},{"type":"A","date":"2018-03-19T05:29:26.000Z","volume":500,"price":72.8,"category":"rbull"},{"type":"A","date":"2018-03-19T05:29:20.000Z","volume":500,"price":72.8,"category":"rbull"},{"type":"A","date":"2018-03-19T05:29:19.000Z","volume":500,"price":72.8,"category":"rbull"},{"type":"A","date":"2018-03-19T05:29:00.000Z","volume":500,"price":72.8,"category":"rbull"},{"type":"A","date":"2018-03-19T05:28:48.000Z","volume":500,"price":72.8,"category":"rbull"},{"type":"A","date":"2018-03-19T05:28:44.000Z","volume":500,"price":72.8,"category":"rbull"},{"type":"A","date":"2018-03-19T05:28:38.000Z","volume":500,"price":72.8,"category":"rbull"},{"type":"A","date":"2018-03-19T05:28:18.000Z","volume":500,"price":72.8,"category":"rbull"},{"type":"A","date":"2018-03-19T05:27:36.000Z","volume":500,"price":72.8,"category":"rbull"},{"type":"A","date":"2018-03-19T05:26:26.000Z","volume":500,"price":72.8,"category":"rbull"},{"type":"A","date":"2018-03-19T05:26:25.000Z","volume":500,"price":72.8,"category":"rbull"},{"type":"A","date":"2018-03-19T05:26:03.000Z","volume":500,"price":72.8,"category":"rbull"},{"type":"A","date":"2018-03-19T05:25:53.000Z","volume":500,"price":72.8,"category":"rbull"},{"type":"A","date":"2018-03-19T05:25:45.000Z","volume":500,"price":72.8,"category":"rbull"},{"type":"A","date":"2018-03-19T05:25:42.000Z","volume":500,"price":72.8,"category":"rbull"},{"type":"A","date":"2018-03-19T05:25:36.000Z","volume":500,"price":72.8,"category":"rbull"},{"type":"A","date":"2018-03-19T05:25:23.000Z","volume":500,"price":72.8,"category":"rbull"},{"type":"A","date":"2018-03-19T05:23:55.000Z","volume":500,"price":72.75,"category":"rbull"},{"type":"A","date":"2018-03-19T05:23:54.000Z","volume":500,"price":72.75,"category":"rbull"},{"type":"A","date":"2018-03-19T05:23:38.000Z","volume":500,"price":72.75,"category":"rbull"},{"type":"A","date":"2018-03-19T05:23:22.000Z","volume":500,"price":72.75,"category":"rbull"},{"type":"A","date":"2018-03-19T05:22:54.000Z","volume":500,"price":72.75,"category":"rbull"},{"type":"A","date":"2018-03-19T05:22:51.000Z","volume":500,"price":72.75,"category":"rbull"},{"type":"A","date":"2018-03-19T05:22:49.000Z","volume":500,"price":72.75,"category":"rbull"},{"type":"A","date":"2018-03-19T05:22:10.000Z","volume":500,"price":72.75,"category":"rbull"},{"type":"A","date":"2018-03-19T05:22:05.000Z","volume":500,"price":72.75,"category":"rbull"},{"type":"A","date":"2018-03-19T05:21:21.000Z","volume":500,"price":72.75,"category":"rbull"},{"type":"A","date":"2018-03-19T05:21:17.000Z","volume":500,"price":72.75,"category":"rbull"},{"type":"A","date":"2018-03-19T05:20:57.000Z","volume":500,"price":72.75,"category":"rbull"},{"type":"A","date":"2018-03-19T05:20:47.000Z","volume":500,"price":72.75,"category":"rbull"},{"type":"A","date":"2018-03-19T05:20:37.000Z","volume":500,"price":72.75,"category":"rbull"},{"type":"A","date":"2018-03-19T05:20:24.000Z","volume":500,"price":72.75,"category":"rbull"},{"type":"A","date":"2018-03-19T05:20:04.000Z","volume":500,"price":72.75,"category":"rbull"},{"type":"A","date":"2018-03-19T05:20:04.000Z","volume":500,"price":72.75,"category":"rbull"},{"type":"A","date":"2018-03-19T05:19:18.000Z","volume":500,"price":72.75,"category":"rbull"},{"type":"A","date":"2018-03-19T05:18:57.000Z","volume":500,"price":72.8,"category":"rbull"},{"type":"A","date":"2018-03-19T05:18:47.000Z","volume":500,"price":72.8,"category":"rbull"},{"type":"A","date":"2018-03-19T05:18:45.000Z","volume":500,"price":72.8,"category":"rbull"},{"type":"A","date":"2018-03-19T05:18:37.000Z","volume":500,"price":72.8,"category":"rbull"},{"type":"A","date":"2018-03-19T05:18:24.000Z","volume":500,"price":72.8,"category":"rbull"},{"type":"A","date":"2018-03-19T05:18:08.000Z","volume":500,"price":72.75,"category":"rbull"},{"type":"A","date":"2018-03-19T05:18:07.000Z","volume":500,"price":72.75,"category":"rbull"},{"type":"A","date":"2018-03-19T05:17:43.000Z","volume":500,"price":72.8,"category":"rbull"},{"type":"A","date":"2018-03-19T05:17:40.000Z","volume":500,"price":72.75,"category":"rbull"},{"type":"A","date":"2018-03-19T05:17:16.000Z","volume":500,"price":72.7,"category":"rbull"},{"type":"A","date":"2018-03-19T05:16:34.000Z","volume":500,"price":72.7,"category":"rbull"},{"type":"A","date":"2018-03-19T05:16:32.000Z","volume":500,"price":72.7,"category":"rbull"},{"type":"A","date":"2018-03-19T05:16:17.000Z","volume":500,"price":72.7,"category":"rbull"},{"type":"A","date":"2018-03-19T05:12:45.000Z","volume":500,"price":72.7,"category":"rbull"},{"type":"A","date":"2018-03-19T05:12:45.000Z","volume":500,"price":72.7,"category":"rbull"},{"type":"A","date":"2018-03-19T05:11:02.000Z","volume":500,"price":72.75,"category":"rbull"},{"type":"A","date":"2018-03-19T05:10:51.000Z","volume":500,"price":72.7,"category":"rbull"},{"type":"A","date":"2018-03-19T05:10:48.000Z","volume":500,"price":72.7,"category":"rbull"},{"type":"A","date":"2018-03-19T05:10:36.000Z","volume":500,"price":72.7,"category":"rbull"},{"type":"A","date":"2018-03-19T05:10:34.000Z","volume":500,"price":72.7,"category":"rbull"},{"type":"A","date":"2018-03-19T05:10:32.000Z","volume":500,"price":72.7,"category":"rbull"},{"type":"A","date":"2018-03-19T05:10:27.000Z","volume":500,"price":72.75,"category":"rbull"},{"type":"A","date":"2018-03-19T05:10:11.000Z","volume":500,"price":72.75,"category":"rbull"},{"type":"A","date":"2018-03-19T05:10:06.000Z","volume":500,"price":72.75,"category":"rbull"},{"type":"A","date":"2018-03-19T05:10:03.000Z","volume":500,"price":72.75,"category":"rbull"},{"type":"A","date":"2018-03-19T05:09:59.000Z","volume":500,"price":72.7,"category":"rbull"},{"type":"A","date":"2018-03-19T05:09:58.000Z","volume":500,"price":72.7,"category":"rbull"},{"type":"A","date":"2018-03-19T05:09:55.000Z","volume":500,"price":72.7,"category":"rbull"},{"type":"A","date":"2018-03-19T05:09:19.000Z","volume":500,"price":72.7,"category":"rbull"},{"type":"A","date":"2018-03-19T05:09:07.000Z","volume":500,"price":72.75,"category":"rbull"},{"type":"A","date":"2018-03-19T05:08:07.000Z","volume":500,"price":72.8,"category":"rbull"},{"type":"A","date":"2018-03-19T05:08:06.000Z","volume":500,"price":72.8,"category":"rbull"},{"type":"A","date":"2018-03-19T05:06:58.000Z","volume":500,"price":72.8,"category":"rbull"},{"type":"A","date":"2018-03-19T05:06:58.000Z","volume":500,"price":72.8,"category":"rbull"},{"type":"A","date":"2018-03-19T05:06:15.000Z","volume":500,"price":72.8,"category":"rbull"},{"type":"A","date":"2018-03-19T05:05:04.000Z","volume":500,"price":72.8,"category":"rbull"},{"type":"A","date":"2018-03-19T05:05:03.000Z","volume":500,"price":72.8,"category":"rbull"},{"type":"A","date":"2018-03-19T05:04:25.000Z","volume":500,"price":72.8,"category":"rbull"},{"type":"A","date":"2018-03-19T05:03:56.000Z","volume":500,"price":72.8,"category":"rbull"},{"type":"A","date":"2018-03-19T05:03:14.000Z","volume":500,"price":72.85,"category":"rbull"},{"type":"A","date":"2018-03-19T05:03:14.000Z","volume":500,"price":72.85,"category":"rbull"},{"type":"A","date":"2018-03-19T05:02:29.000Z","volume":500,"price":72.85,"category":"rbull"},{"type":"A","date":"2018-03-19T05:02:07.000Z","volume":500,"price":72.8,"category":"rbull"},{"type":"A","date":"2018-03-19T05:01:55.000Z","volume":500,"price":72.8,"category":"rbull"},{"type":"A","date":"2018-03-19T05:00:30.000Z","volume":500,"price":72.8,"category":"rbull"},{"type":"A","date":"2018-03-19T05:00:07.000Z","volume":500,"price":72.85,"category":"rbull"},{"type":"A","date":"2018-03-19T05:00:07.000Z","volume":500,"price":72.85,"category":"rbull"},{"type":"A","date":"2018-03-19T05:00:06.000Z","volume":500,"price":72.9,"category":"rbull"},{"type":"A","date":"2018-03-19T05:00:06.000Z","volume":500,"price":72.9,"category":"rbull"},{"type":"A","date":"2018-03-19T05:00:01.000Z","volume":500,"price":72.85,"category":"rbull"},{"type":"A","date":"2018-03-19T05:00:01.000Z","volume":500,"price":72.85,"category":"rbull"},{"type":"A","date":"2018-03-19T05:00:01.000Z","volume":500,"price":72.9,"category":"rbull"},{"type":"A","date":"2018-03-19T03:59:54.000Z","volume":500,"price":72.85,"category":"rbull"},{"type":"A","date":"2018-03-19T03:59:53.000Z","volume":500,"price":72.85,"category":"rbull"},{"type":"A","date":"2018-03-19T03:59:39.000Z","volume":500,"price":72.85,"category":"rbull"},{"type":"A","date":"2018-03-19T03:59:38.000Z","volume":500,"price":72.85,"category":"rbull"},{"type":"A","date":"2018-03-19T03:59:33.000Z","volume":500,"price":72.85,"category":"rbull"},{"type":"A","date":"2018-03-19T03:59:31.000Z","volume":500,"price":72.85,"category":"rbull"},{"type":"A","date":"2018-03-19T03:59:28.000Z","volume":500,"price":72.85,"category":"rbull"},{"type":"A","date":"2018-03-19T03:59:24.000Z","volume":500,"price":72.85,"category":"rbull"},{"type":"A","date":"2018-03-19T03:59:18.000Z","volume":500,"price":72.85,"category":"rbull"},{"type":"A","date":"2018-03-19T03:59:08.000Z","volume":500,"price":72.85,"category":"rbull"},{"type":"A","date":"2018-03-19T03:59:03.000Z","volume":500,"price":72.85,"category":"rbull"},{"type":"A","date":"2018-03-19T03:58:53.000Z","volume":500,"price":72.85,"category":"rbull"},{"type":"A","date":"2018-03-19T03:58:51.000Z","volume":500,"price":72.85,"category":"rbull"},{"type":"A","date":"2018-03-19T03:58:49.000Z","volume":500,"price":72.85,"category":"rbull"},{"type":"A","date":"2018-03-19T03:58:48.000Z","volume":500,"price":72.85,"category":"rbull"},{"type":"A","date":"2018-03-19T03:58:33.000Z","volume":500,"price":72.85,"category":"rbull"},{"type":"A","date":"2018-03-19T03:58:23.000Z","volume":500,"price":72.85,"category":"rbull"},{"type":"A","date":"2018-03-19T03:58:16.000Z","volume":500,"price":72.85,"category":"rbull"},{"type":"A","date":"2018-03-19T03:58:13.000Z","volume":500,"price":72.85,"category":"rbull"},{"type":"A","date":"2018-03-19T03:58:02.000Z","volume":500,"price":72.85,"category":"rbull"},{"type":"A","date":"2018-03-19T03:57:12.000Z","volume":500,"price":72.85,"category":"rbull"},{"type":"A","date":"2018-03-19T03:56:58.000Z","volume":500,"price":72.85,"category":"rbull"},{"type":"A","date":"2018-03-19T03:56:48.000Z","volume":500,"price":72.85,"category":"rbull"},{"type":"A","date":"2018-03-19T03:56:28.000Z","volume":500,"price":72.85,"category":"rbull"},{"type":"A","date":"2018-03-19T03:56:00.000Z","volume":500,"price":72.85,"category":"rbull"},{"type":"A","date":"2018-03-19T03:55:05.000Z","volume":500,"price":72.85,"category":"rbull"},{"type":"A","date":"2018-03-19T03:54:25.000Z","volume":500,"price":72.85,"category":"rbull"},{"type":"A","date":"2018-03-19T03:54:05.000Z","volume":500,"price":72.85,"category":"rbull"},{"type":"A","date":"2018-03-19T03:53:27.000Z","volume":500,"price":72.85,"category":"rbull"},{"type":"A","date":"2018-03-19T03:52:19.000Z","volume":500,"price":72.85,"category":"rbull"},{"type":"A","date":"2018-03-19T03:50:45.000Z","volume":500,"price":72.85,"category":"rbull"},{"type":"A","date":"2018-03-19T03:50:41.000Z","volume":500,"price":72.85,"category":"rbull"},{"type":"A","date":"2018-03-19T03:50:09.000Z","volume":500,"price":72.85,"category":"rbull"},{"type":"A","date":"2018-03-19T03:49:58.000Z","volume":500,"price":72.9,"category":"rbull"},{"type":"A","date":"2018-03-19T03:49:56.000Z","volume":500,"price":72.9,"category":"rbull"},{"type":"A","date":"2018-03-19T03:49:48.000Z","volume":500,"price":72.9,"category":"rbull"},{"type":"A","date":"2018-03-19T03:49:38.000Z","volume":500,"price":72.9,"category":"rbull"},{"type":"A","date":"2018-03-19T03:49:36.000Z","volume":500,"price":72.9,"category":"rbull"},{"type":"A","date":"2018-03-19T03:49:34.000Z","volume":500,"price":72.9,"category":"rbull"},{"type":"A","date":"2018-03-19T03:49:33.000Z","volume":500,"price":72.9,"category":"rbull"},{"type":"A","date":"2018-03-19T03:49:23.000Z","volume":500,"price":72.9,"category":"rbull"},{"type":"A","date":"2018-03-19T03:49:18.000Z","volume":500,"price":72.85,"category":"rbull"},{"type":"A","date":"2018-03-19T03:49:13.000Z","volume":500,"price":72.85,"category":"rbull"},{"type":"A","date":"2018-03-19T03:49:03.000Z","volume":500,"price":72.85,"category":"rbull"},{"type":"A","date":"2018-03-19T03:49:02.000Z","volume":500,"price":72.85,"category":"rbull"},{"type":"A","date":"2018-03-19T03:49:01.000Z","volume":500,"price":72.85,"category":"rbull"},{"type":"A","date":"2018-03-19T03:48:56.000Z","volume":500,"price":72.85,"category":"rbull"},{"type":"A","date":"2018-03-19T03:48:55.000Z","volume":500,"price":72.85,"category":"rbull"},{"type":"A","date":"2018-03-19T03:48:43.000Z","volume":500,"price":72.9,"category":"rbull"},{"type":"A","date":"2018-03-19T03:48:41.000Z","volume":500,"price":72.85,"category":"rbull"},{"type":"A","date":"2018-03-19T03:48:38.000Z","volume":500,"price":72.85,"category":"rbull"},{"type":"A","date":"2018-03-19T03:48:23.000Z","volume":500,"price":72.85,"category":"rbull"},{"type":"A","date":"2018-03-19T03:48:05.000Z","volume":500,"price":72.85,"category":"rbull"},{"type":"A","date":"2018-03-19T03:48:03.000Z","volume":500,"price":72.85,"category":"rbull"},{"type":"A","date":"2018-03-19T03:47:29.000Z","volume":500,"price":72.9,"category":"rbull"},{"type":"A","date":"2018-03-19T03:46:57.000Z","volume":500,"price":72.9,"category":"rbull"},{"type":"A","date":"2018-03-19T03:46:56.000Z","volume":500,"price":72.9,"category":"rbull"},{"type":"A","date":"2018-03-19T03:46:28.000Z","volume":500,"price":72.9,"category":"rbull"},{"type":"A","date":"2018-03-19T03:46:24.000Z","volume":500,"price":72.9,"category":"rbull"},{"type":"A","date":"2018-03-19T03:45:55.000Z","volume":500,"price":72.9,"category":"rbull"},{"type":"A","date":"2018-03-19T03:45:50.000Z","volume":500,"price":72.9,"category":"rbull"},{"type":"A","date":"2018-03-19T03:45:36.000Z","volume":500,"price":72.9,"category":"rbull"},{"type":"A","date":"2018-03-19T03:45:30.000Z","volume":500,"price":72.9,"category":"rbull"},{"type":"A","date":"2018-03-19T03:45:28.000Z","volume":500,"price":72.9,"category":"rbull"},{"type":"A","date":"2018-03-19T03:45:18.000Z","volume":500,"price":72.9,"category":"rbull"},{"type":"A","date":"2018-03-19T03:45:13.000Z","volume":500,"price":72.9,"category":"rbull"},{"type":"A","date":"2018-03-19T03:44:48.000Z","volume":500,"price":72.9,"category":"rbull"},{"type":"A","date":"2018-03-19T03:44:38.000Z","volume":500,"price":72.9,"category":"rbull"},{"type":"A","date":"2018-03-19T03:44:38.000Z","volume":500,"price":72.9,"category":"rbull"},{"type":"A","date":"2018-03-19T03:44:28.000Z","volume":500,"price":72.9,"category":"rbull"},{"type":"A","date":"2018-03-19T03:44:27.000Z","volume":500,"price":72.9,"category":"rbull"},{"type":"A","date":"2018-03-19T03:44:23.000Z","volume":500,"price":72.9,"category":"rbull"},{"type":"A","date":"2018-03-19T03:44:17.000Z","volume":500,"price":72.9,"category":"rbull"},{"type":"A","date":"2018-03-19T03:44:03.000Z","volume":500,"price":72.9,"category":"rbull"},{"type":"A","date":"2018-03-19T03:43:24.000Z","volume":500,"price":72.9,"category":"rbull"},{"type":"A","date":"2018-03-19T03:42:58.000Z","volume":500,"price":72.9,"category":"rbull"},{"type":"A","date":"2018-03-19T03:42:50.000Z","volume":500,"price":72.9,"category":"rbull"},{"type":"A","date":"2018-03-19T03:42:46.000Z","volume":500,"price":72.9,"category":"rbull"},{"type":"A","date":"2018-03-19T03:42:10.000Z","volume":500,"price":72.9,"category":"rbull"},{"type":"A","date":"2018-03-19T03:41:33.000Z","volume":500,"price":72.9,"category":"rbull"},{"type":"A","date":"2018-03-19T03:41:23.000Z","volume":500,"price":72.9,"category":"rbull"},{"type":"A","date":"2018-03-19T03:40:55.000Z","volume":500,"price":72.9,"category":"rbull"},{"type":"A","date":"2018-03-19T03:40:27.000Z","volume":500,"price":72.9,"category":"rbull"},{"type":"A","date":"2018-03-19T03:40:18.000Z","volume":500,"price":72.9,"category":"rbull"},{"type":"A","date":"2018-03-19T03:40:09.000Z","volume":500,"price":72.9,"category":"rbull"},{"type":"A","date":"2018-03-19T03:40:05.000Z","volume":500,"price":72.9,"category":"rbull"},{"type":"A","date":"2018-03-19T03:39:59.000Z","volume":500,"price":72.9,"category":"rbull"},{"type":"A","date":"2018-03-19T03:39:43.000Z","volume":500,"price":72.9,"category":"rbull"},{"type":"A","date":"2018-03-19T03:39:15.000Z","volume":500,"price":72.9,"category":"rbull"},{"type":"A","date":"2018-03-19T03:38:43.000Z","volume":500,"price":72.9,"category":"rbull"},{"type":"A","date":"2018-03-19T03:38:40.000Z","volume":500,"price":72.9,"category":"rbull"},{"type":"A","date":"2018-03-19T03:38:39.000Z","volume":500,"price":72.9,"category":"rbull"},{"type":"A","date":"2018-03-19T03:38:24.000Z","volume":500,"price":72.9,"category":"rbull"},{"type":"A","date":"2018-03-19T03:38:23.000Z","volume":500,"price":72.9,"category":"rbull"},{"type":"A","date":"2018-03-19T03:38:19.000Z","volume":500,"price":72.9,"category":"rbull"},{"type":"A","date":"2018-03-19T03:38:18.000Z","volume":500,"price":72.9,"category":"rbull"},{"type":"A","date":"2018-03-19T03:38:17.000Z","volume":500,"price":72.9,"category":"rbull"},{"type":"A","date":"2018-03-19T03:38:03.000Z","volume":500,"price":72.9,"category":"rbull"},{"type":"A","date":"2018-03-19T03:38:02.000Z","volume":500,"price":72.9,"category":"rbull"},{"type":"A","date":"2018-03-19T03:37:59.000Z","volume":500,"price":72.9,"category":"rbull"},{"type":"A","date":"2018-03-19T03:37:56.000Z","volume":500,"price":72.9,"category":"rbull"},{"type":"A","date":"2018-03-19T03:37:48.000Z","volume":500,"price":72.9,"category":"rbull"},{"type":"A","date":"2018-03-19T03:37:44.000Z","volume":500,"price":72.9,"category":"rbull"},{"type":"A","date":"2018-03-19T03:37:43.000Z","volume":500,"price":72.9,"category":"rbull"},{"type":"A","date":"2018-03-19T03:37:29.000Z","volume":500,"price":72.9,"category":"rbull"},{"type":"A","date":"2018-03-19T03:37:27.000Z","volume":500,"price":72.9,"category":"rbull"},{"type":"A","date":"2018-03-19T03:37:26.000Z","volume":500,"price":72.9,"category":"rbull"},{"type":"A","date":"2018-03-19T03:37:24.000Z","volume":500,"price":72.9,"category":"rbull"},{"type":"A","date":"2018-03-19T03:37:23.000Z","volume":500,"price":72.9,"category":"rbull"},{"type":"A","date":"2018-03-19T03:37:10.000Z","volume":500,"price":72.9,"category":"rbull"},{"type":"A","date":"2018-03-19T03:34:42.000Z","volume":500,"price":72.9,"category":"rbull"},{"type":"A","date":"2018-03-19T03:34:42.000Z","volume":500,"price":72.9,"category":"rbull"},{"type":"A","date":"2018-03-19T03:33:01.000Z","volume":500,"price":72.9,"category":"rbull"},{"type":"A","date":"2018-03-19T03:32:24.000Z","volume":500,"price":72.85,"category":"rbull"},{"type":"A","date":"2018-03-19T03:32:21.000Z","volume":500,"price":72.85,"category":"rbull"},{"type":"A","date":"2018-03-19T03:32:16.000Z","volume":500,"price":72.85,"category":"rbull"},{"type":"A","date":"2018-03-19T03:32:06.000Z","volume":500,"price":72.85,"category":"rbull"},{"type":"A","date":"2018-03-19T03:32:02.000Z","volume":500,"price":72.85,"category":"rbull"},{"type":"A","date":"2018-03-19T03:32:02.000Z","volume":500,"price":72.85,"category":"rbull"},{"type":"A","date":"2018-03-19T03:31:56.000Z","volume":500,"price":72.85,"category":"rbull"},{"type":"A","date":"2018-03-19T03:31:53.000Z","volume":500,"price":72.85,"category":"rbull"},{"type":"A","date":"2018-03-19T03:31:51.000Z","volume":500,"price":72.85,"category":"rbull"},{"type":"A","date":"2018-03-19T03:31:51.000Z","volume":500,"price":72.8,"category":"rbull"},{"type":"A","date":"2018-03-19T03:30:21.000Z","volume":500,"price":72.8,"category":"rbull"},{"type":"A","date":"2018-03-19T03:30:03.000Z","volume":500,"price":72.8,"category":"rbull"},{"type":"A","date":"2018-03-19T03:30:00.000Z","volume":500,"price":72.8,"category":"rbull"},{"type":"A","date":"2018-03-19T03:29:58.000Z","volume":500,"price":72.8,"category":"rbull"},{"type":"A","date":"2018-03-19T03:29:49.000Z","volume":500,"price":72.8,"category":"rbull"},{"type":"A","date":"2018-03-19T03:29:45.000Z","volume":500,"price":72.8,"category":"rbull"},{"type":"A","date":"2018-03-19T03:28:08.000Z","volume":500,"price":72.8,"category":"rbull"},{"type":"A","date":"2018-03-19T03:27:02.000Z","volume":500,"price":72.8,"category":"rbull"},{"type":"A","date":"2018-03-19T03:27:01.000Z","volume":500,"price":72.85,"category":"rbull"},{"type":"A","date":"2018-03-19T03:26:56.000Z","volume":500,"price":72.85,"category":"rbull"},{"type":"A","date":"2018-03-19T03:26:37.000Z","volume":500,"price":72.85,"category":"rbull"},{"type":"A","date":"2018-03-19T03:26:19.000Z","volume":500,"price":72.85,"category":"rbull"},{"type":"A","date":"2018-03-19T03:26:17.000Z","volume":500,"price":72.85,"category":"rbull"},{"type":"A","date":"2018-03-19T03:26:16.000Z","volume":500,"price":72.85,"category":"rbull"},{"type":"A","date":"2018-03-19T03:26:13.000Z","volume":500,"price":72.85,"category":"rbull"},{"type":"A","date":"2018-03-19T03:25:41.000Z","volume":500,"price":72.85,"category":"rbull"},{"type":"A","date":"2018-03-19T03:25:37.000Z","volume":500,"price":72.85,"category":"rbull"},{"type":"A","date":"2018-03-19T03:24:57.000Z","volume":500,"price":72.85,"category":"rbull"},{"type":"A","date":"2018-03-19T03:24:41.000Z","volume":500,"price":72.85,"category":"rbull"},{"type":"A","date":"2018-03-19T03:24:37.000Z","volume":500,"price":72.85,"category":"rbull"},{"type":"A","date":"2018-03-19T03:23:50.000Z","volume":500,"price":72.85,"category":"rbull"},{"type":"A","date":"2018-03-19T03:23:34.000Z","volume":500,"price":72.85,"category":"rbull"},{"type":"A","date":"2018-03-19T03:22:53.000Z","volume":500,"price":72.85,"category":"rbull"},{"type":"A","date":"2018-03-19T03:22:10.000Z","volume":500,"price":72.85,"category":"rbull"},{"type":"A","date":"2018-03-19T03:22:06.000Z","volume":500,"price":72.85,"category":"rbull"},{"type":"A","date":"2018-03-19T03:21:20.000Z","volume":500,"price":72.85,"category":"rbull"},{"type":"A","date":"2018-03-19T03:21:13.000Z","volume":500,"price":72.85,"category":"rbull"},{"type":"A","date":"2018-03-19T03:20:59.000Z","volume":500,"price":72.85,"category":"rbull"},{"type":"A","date":"2018-03-19T03:20:03.000Z","volume":500,"price":72.85,"category":"rbull"},{"type":"A","date":"2018-03-19T03:19:58.000Z","volume":500,"price":72.85,"category":"rbull"},{"type":"A","date":"2018-03-19T03:19:54.000Z","volume":500,"price":72.85,"category":"rbull"},{"type":"A","date":"2018-03-19T03:19:54.000Z","volume":500,"price":72.85,"category":"rbull"},{"type":"A","date":"2018-03-19T03:19:53.000Z","volume":500,"price":72.85,"category":"rbull"},{"type":"A","date":"2018-03-19T03:19:43.000Z","volume":500,"price":72.85,"category":"rbull"},{"type":"A","date":"2018-03-19T03:19:38.000Z","volume":500,"price":72.85,"category":"rbull"},{"type":"A","date":"2018-03-19T03:18:00.000Z","volume":500,"price":72.85,"category":"rbull"},{"type":"A","date":"2018-03-19T03:17:13.000Z","volume":500,"price":72.9,"category":"rbull"},{"type":"A","date":"2018-03-19T03:17:13.000Z","volume":500,"price":72.9,"category":"rbull"},{"type":"A","date":"2018-03-19T03:16:13.000Z","volume":500,"price":72.9,"category":"rbull"},{"type":"A","date":"2018-03-19T03:16:03.000Z","volume":500,"price":72.9,"category":"rbull"},{"type":"A","date":"2018-03-19T03:15:55.000Z","volume":500,"price":72.9,"category":"rbull"},{"type":"A","date":"2018-03-19T03:15:24.000Z","volume":500,"price":72.9,"category":"rbull"},{"type":"A","date":"2018-03-19T03:14:52.000Z","volume":500,"price":72.9,"category":"rbull"},{"type":"A","date":"2018-03-19T03:13:42.000Z","volume":500,"price":72.95,"category":"rbull"},{"type":"A","date":"2018-03-19T03:13:30.000Z","volume":500,"price":72.95,"category":"rbull"},{"type":"A","date":"2018-03-19T03:13:25.000Z","volume":500,"price":72.95,"category":"rbull"},{"type":"A","date":"2018-03-19T03:13:03.000Z","volume":500,"price":72.95,"category":"rbull"},{"type":"A","date":"2018-03-19T03:11:53.000Z","volume":500,"price":72.9,"category":"rbull"},{"type":"A","date":"2018-03-19T03:11:41.000Z","volume":500,"price":72.9,"category":"rbull"}