[{"type":"U","date":"2018-03-27T01:20:00.000Z","volume":46000,"label":"U","price":5.3},{"type":"A","date":"2018-03-27T01:30:00.000Z","volume":24000,"label":" ","price":5.3},{"type":"A","date":"2018-03-27T01:30:00.000Z","volume":26000,"label":" ","price":5.32},{"type":"A","date":"2018-03-27T01:30:00.000Z","volume":22000,"label":" ","price":5.33},{"type":"A","date":"2018-03-27T01:30:00.000Z","volume":50000,"label":" ","price":5.34},{"type":"A","date":"2018-03-27T01:30:00.000Z","volume":170000,"label":" ","price":5.35},{"type":"B","date":"2018-03-27T01:30:00.000Z","volume":2000,"label":"Y","price":5.28},{"type":"B","date":"2018-03-27T01:30:00.000Z","volume":6000,"label":" ","price":5.26},{"type":"A","date":"2018-03-27T01:30:00.000Z","volume":4000,"label":" ","price":5.3},{"type":"A","date":"2018-03-27T01:30:01.000Z","volume":8000,"label":" ","price":5.3},{"type":"B","date":"2018-03-27T01:30:01.000Z","volume":12000,"label":" ","price":5.28},{"type":"A","date":"2018-03-27T01:30:02.000Z","volume":30000,"label":" ","price":5.28},{"type":"A","date":"2018-03-27T01:30:03.000Z","volume":10000,"label":" ","price":5.28},{"type":"A","date":"2018-03-27T01:30:03.000Z","volume":2000,"label":"Y","price":5.28},{"type":"A","date":"2018-03-27T01:30:03.000Z","volume":38000,"label":" ","price":5.3},{"type":"B","date":"2018-03-27T01:30:04.000Z","volume":8000,"label":" ","price":5.28},{"type":"B","date":"2018-03-27T01:30:04.000Z","volume":32000,"label":" ","price":5.27},{"type":"A","date":"2018-03-27T01:30:04.000Z","volume":18000,"label":" ","price":5.3},{"type":"B","date":"2018-03-27T01:30:04.000Z","volume":2000,"label":" ","price":5.28},{"type":"B","date":"2018-03-27T01:30:04.000Z","volume":2000,"label":" ","price":5.26},{"type":"B","date":"2018-03-27T01:30:04.000Z","volume":2000,"label":" ","price":5.26},{"type":"A","date":"2018-03-27T01:30:04.000Z","volume":4000,"label":" ","price":5.3},{"type":"A","date":"2018-03-27T01:30:04.000Z","volume":6000,"label":" ","price":5.31},{"type":"B","date":"2018-03-27T01:30:04.000Z","volume":2000,"label":" ","price":5.28},{"type":"B","date":"2018-03-27T01:30:04.000Z","volume":4000,"label":" ","price":5.28},{"type":"B","date":"2018-03-27T01:30:04.000Z","volume":2000,"label":" ","price":5.27},{"type":"B","date":"2018-03-27T01:30:04.000Z","volume":2000,"label":" ","price":5.27},{"type":"B","date":"2018-03-27T01:30:05.000Z","volume":2000,"label":" ","price":5.28},{"type":"A","date":"2018-03-27T01:30:06.000Z","volume":10000,"label":" ","price":5.31},{"type":"A","date":"2018-03-27T01:30:06.000Z","volume":2000,"label":" ","price":5.31},{"type":"B","date":"2018-03-27T01:30:06.000Z","volume":12000,"label":" ","price":5.28},{"type":"B","date":"2018-03-27T01:30:06.000Z","volume":8000,"label":" ","price":5.28},{"type":"A","date":"2018-03-27T01:30:15.000Z","volume":8000,"label":" ","price":5.3},{"type":"A","date":"2018-03-27T01:30:18.000Z","volume":10000,"label":" ","price":5.3},{"type":"A","date":"2018-03-27T01:30:23.000Z","volume":36000,"label":" ","price":5.3},{"type":"A","date":"2018-03-27T01:30:23.000Z","volume":2000,"label":"Y","price":5.31},{"type":"A","date":"2018-03-27T01:30:23.000Z","volume":150000,"label":" ","price":5.31},{"type":"A","date":"2018-03-27T01:30:23.000Z","volume":8000,"label":" ","price":5.32},{"type":"A","date":"2018-03-27T01:30:23.000Z","volume":96000,"label":" ","price":5.33},{"type":"U","date":"2018-03-27T01:30:23.000Z","volume":6000,"label":" ","price":5.31},{"type":"A","date":"2018-03-27T01:30:24.000Z","volume":42000,"label":" ","price":5.33},{"type":"A","date":"2018-03-27T01:30:29.000Z","volume":20000,"label":" ","price":5.33},{"type":"A","date":"2018-03-27T01:30:42.000Z","volume":2000,"label":" ","price":5.33},{"type":"A","date":"2018-03-27T01:30:42.000Z","volume":6000,"label":" ","price":5.33},{"type":"A","date":"2018-03-27T01:30:43.000Z","volume":2000,"label":" ","price":5.33},{"type":"A","date":"2018-03-27T01:30:49.000Z","volume":12000,"label":" ","price":5.33},{"type":"A","date":"2018-03-27T01:30:49.000Z","volume":4000,"label":" ","price":5.33},{"type":"A","date":"2018-03-27T01:30:52.000Z","volume":2000,"label":" ","price":5.33},{"type":"A","date":"2018-03-27T01:30:54.000Z","volume":4000,"label":" ","price":5.33},{"type":"A","date":"2018-03-27T01:30:54.000Z","volume":6000,"label":" ","price":5.33},{"type":"B","date":"2018-03-27T01:30:58.000Z","volume":10000,"label":" ","price":5.33},{"type":"B","date":"2018-03-27T01:30:58.000Z","volume":2000,"label":" ","price":5.33},{"type":"B","date":"2018-03-27T01:30:59.000Z","volume":48000,"label":" ","price":5.33},{"type":"A","date":"2018-03-27T01:31:24.000Z","volume":4000,"label":" ","price":5.33},{"type":"A","date":"2018-03-27T01:31:24.000Z","volume":4000,"label":"Y","price":5.33},{"type":"A","date":"2018-03-27T01:31:24.000Z","volume":18000,"label":" ","price":5.33},{"type":"A","date":"2018-03-27T01:31:24.000Z","volume":8000,"label":" ","price":5.33},{"type":"A","date":"2018-03-27T01:31:33.000Z","volume":4000,"label":" ","price":5.33},{"type":"A","date":"2018-03-27T01:31:57.000Z","volume":12000,"label":"Y","price":5.33},{"type":"A","date":"2018-03-27T01:31:57.000Z","volume":102000,"label":" ","price":5.33},{"type":"A","date":"2018-03-27T01:31:57.000Z","volume":18000,"label":" ","price":5.33},{"type":"A","date":"2018-03-27T01:31:57.000Z","volume":6000,"label":" ","price":5.33},{"type":"A","date":"2018-03-27T01:31:57.000Z","volume":2000,"label":" ","price":5.33},{"type":"A","date":"2018-03-27T01:31:57.000Z","volume":26000,"label":" ","price":5.34},{"type":"A","date":"2018-03-27T01:31:59.000Z","volume":22000,"label":" ","price":5.34},{"type":"A","date":"2018-03-27T01:32:19.000Z","volume":30000,"label":" ","price":5.34},{"type":"A","date":"2018-03-27T01:32:19.000Z","volume":30000,"label":" ","price":5.34},{"type":"A","date":"2018-03-27T01:32:22.000Z","volume":8000,"label":" ","price":5.34},{"type":"B","date":"2018-03-27T01:32:44.000Z","volume":10000,"label":" ","price":5.33},{"type":"A","date":"2018-03-27T01:32:45.000Z","volume":6000,"label":" ","price":5.34},{"type":"A","date":"2018-03-27T01:33:02.000Z","volume":2000,"label":"Y","price":5.34},{"type":"A","date":"2018-03-27T01:33:02.000Z","volume":278000,"label":" ","price":5.34},{"type":"A","date":"2018-03-27T01:33:02.000Z","volume":12000,"label":" ","price":5.34},{"type":"A","date":"2018-03-27T01:33:04.000Z","volume":26000,"label":" ","price":5.35},{"type":"A","date":"2018-03-27T01:33:05.000Z","volume":20000,"label":" ","price":5.35},{"type":"A","date":"2018-03-27T01:33:06.000Z","volume":30000,"label":" ","price":5.35},{"type":"B","date":"2018-03-27T01:33:08.000Z","volume":10000,"label":" ","price":5.34},{"type":"A","date":"2018-03-27T01:33:15.000Z","volume":200000,"label":" ","price":5.35},{"type":"A","date":"2018-03-27T01:33:15.000Z","volume":146000,"label":" ","price":5.35},{"type":"B","date":"2018-03-27T01:33:15.000Z","volume":8000,"label":" ","price":5.34},{"type":"A","date":"2018-03-27T01:33:17.000Z","volume":6000,"label":" ","price":5.36},{"type":"A","date":"2018-03-27T01:33:17.000Z","volume":30000,"label":" ","price":5.37},{"type":"A","date":"2018-03-27T01:33:20.000Z","volume":2000,"label":" ","price":5.37},{"type":"A","date":"2018-03-27T01:33:20.000Z","volume":14000,"label":" ","price":5.37},{"type":"A","date":"2018-03-27T01:33:20.000Z","volume":26000,"label":" ","price":5.37},{"type":"A","date":"2018-03-27T01:33:20.000Z","volume":8000,"label":" ","price":5.37},{"type":"A","date":"2018-03-27T01:33:22.000Z","volume":6000,"label":" ","price":5.37},{"type":"A","date":"2018-03-27T01:33:29.000Z","volume":122000,"label":" ","price":5.37},{"type":"A","date":"2018-03-27T01:33:29.000Z","volume":378000,"label":" ","price":5.38},{"type":"B","date":"2018-03-27T01:33:29.000Z","volume":24000,"label":" ","price":5.36},{"type":"A","date":"2018-03-27T01:33:32.000Z","volume":32000,"label":" ","price":5.38},{"type":"B","date":"2018-03-27T01:33:35.000Z","volume":14000,"label":" ","price":5.37},{"type":"A","date":"2018-03-27T01:33:35.000Z","volume":20000,"label":" ","price":5.38},{"type":"B","date":"2018-03-27T01:33:42.000Z","volume":2000,"label":" ","price":5.37},{"type":"B","date":"2018-03-27T01:33:45.000Z","volume":2000,"label":" ","price":5.37},{"type":"A","date":"2018-03-27T01:33:47.000Z","volume":10000,"label":" ","price":5.38},{"type":"A","date":"2018-03-27T01:33:49.000Z","volume":2000,"label":" ","price":5.38},{"type":"B","date":"2018-03-27T01:34:03.000Z","volume":2000,"label":" ","price":5.37},{"type":"B","date":"2018-03-27T01:34:11.000Z","volume":20000,"label":" ","price":5.37},{"type":"B","date":"2018-03-27T01:34:16.000Z","volume":2000,"label":" ","price":5.37},{"type":"B","date":"2018-03-27T01:34:16.000Z","volume":64000,"label":" ","price":5.37},{"type":"B","date":"2018-03-27T01:34:18.000Z","volume":4000,"label":" ","price":5.37},{"type":"B","date":"2018-03-27T01:34:18.000Z","volume":4000,"label":" ","price":5.37},{"type":"A","date":"2018-03-27T01:34:23.000Z","volume":50000,"label":" ","price":5.38},{"type":"A","date":"2018-03-27T01:34:23.000Z","volume":16000,"label":" ","price":5.37},{"type":"B","date":"2018-03-27T01:34:28.000Z","volume":10000,"label":" ","price":5.36},{"type":"A","date":"2018-03-27T01:34:44.000Z","volume":2000,"label":" ","price":5.37},{"type":"A","date":"2018-03-27T01:34:50.000Z","volume":8000,"label":" ","price":5.37},{"type":"A","date":"2018-03-27T01:34:50.000Z","volume":2000,"label":" ","price":5.37},{"type":"B","date":"2018-03-27T01:34:50.000Z","volume":10000,"label":" ","price":5.37},{"type":"B","date":"2018-03-27T01:34:50.000Z","volume":2000,"label":" ","price":5.37},{"type":"B","date":"2018-03-27T01:34:51.000Z","volume":10000,"label":" ","price":5.37},{"type":"B","date":"2018-03-27T01:34:58.000Z","volume":10000,"label":" ","price":5.37},{"type":"B","date":"2018-03-27T01:35:07.000Z","volume":12000,"label":" ","price":5.37},{"type":"B","date":"2018-03-27T01:35:10.000Z","volume":4000,"label":" ","price":5.37},{"type":"B","date":"2018-03-27T01:35:10.000Z","volume":2000,"label":" ","price":5.37},{"type":"B","date":"2018-03-27T01:35:10.000Z","volume":2000,"label":" ","price":5.37},{"type":"A","date":"2018-03-27T01:35:10.000Z","volume":2000,"label":" ","price":5.38},{"type":"A","date":"2018-03-27T01:35:13.000Z","volume":8000,"label":" ","price":5.37},{"type":"A","date":"2018-03-27T01:35:14.000Z","volume":4000,"label":" ","price":5.37},{"type":"A","date":"2018-03-27T01:35:14.000Z","volume":8000,"label":" ","price":5.37},{"type":"A","date":"2018-03-27T01:35:16.000Z","volume":4000,"label":" ","price":5.37},{"type":"A","date":"2018-03-27T01:35:16.000Z","volume":2000,"label":" ","price":5.38},{"type":"B","date":"2018-03-27T01:35:19.000Z","volume":10000,"label":" ","price":5.37},{"type":"A","date":"2018-03-27T01:35:26.000Z","volume":2000,"label":" ","price":5.38},{"type":"A","date":"2018-03-27T01:35:38.000Z","volume":2000,"label":" ","price":5.38},{"type":"A","date":"2018-03-27T01:35:39.000Z","volume":10000,"label":" ","price":5.38},{"type":"A","date":"2018-03-27T01:35:39.000Z","volume":2000,"label":"Y","price":5.38},{"type":"A","date":"2018-03-27T01:35:39.000Z","volume":98000,"label":" ","price":5.38},{"type":"A","date":"2018-03-27T01:35:39.000Z","volume":12000,"label":" ","price":5.38},{"type":"A","date":"2018-03-27T01:35:39.000Z","volume":198000,"label":" ","price":5.38},{"type":"A","date":"2018-03-27T01:35:39.000Z","volume":10000,"label":" ","price":5.39},{"type":"B","date":"2018-03-27T01:35:40.000Z","volume":10000,"label":" ","price":5.37},{"type":"U","date":"2018-03-27T01:35:42.000Z","volume":40000,"label":" ","price":5.38},{"type":"U","date":"2018-03-27T01:35:42.000Z","volume":4000,"label":" ","price":5.38},{"type":"U","date":"2018-03-27T01:35:42.000Z","volume":2000,"label":" ","price":5.38},{"type":"U","date":"2018-03-27T01:35:42.000Z","volume":8000,"label":" ","price":5.38},{"type":"A","date":"2018-03-27T01:35:42.000Z","volume":16000,"label":" ","price":5.39},{"type":"A","date":"2018-03-27T01:35:42.000Z","volume":2000,"label":"Y","price":5.39},{"type":"A","date":"2018-03-27T01:35:42.000Z","volume":56000,"label":" ","price":5.39},{"type":"A","date":"2018-03-27T01:35:42.000Z","volume":6000,"label":" ","price":5.39},{"type":"A","date":"2018-03-27T01:35:42.000Z","volume":6000,"label":" ","price":5.39},{"type":"B","date":"2018-03-27T01:35:42.000Z","volume":28000,"label":" ","price":5.38},{"type":"B","date":"2018-03-27T01:35:44.000Z","volume":12000,"label":" ","price":5.38},{"type":"B","date":"2018-03-27T01:35:51.000Z","volume":10000,"label":" ","price":5.38},{"type":"B","date":"2018-03-27T01:35:51.000Z","volume":8000,"label":" ","price":5.38},{"type":"B","date":"2018-03-27T01:35:53.000Z","volume":2000,"label":" ","price":5.38},{"type":"A","date":"2018-03-27T01:36:00.000Z","volume":12000,"label":" ","price":5.39},{"type":"A","date":"2018-03-27T01:36:01.000Z","volume":96000,"label":" ","price":5.39},{"type":"A","date":"2018-03-27T01:36:01.000Z","volume":12000,"label":" ","price":5.39},{"type":"A","date":"2018-03-27T01:36:02.000Z","volume":50000,"label":" ","price":5.4},{"type":"B","date":"2018-03-27T01:36:12.000Z","volume":2000,"label":" ","price":5.38},{"type":"A","date":"2018-03-27T01:36:17.000Z","volume":10000,"label":" ","price":5.4},{"type":"A","date":"2018-03-27T01:36:22.000Z","volume":90000,"label":" ","price":5.4},{"type":"B","date":"2018-03-27T01:36:24.000Z","volume":8000,"label":" ","price":5.38},{"type":"B","date":"2018-03-27T01:36:33.000Z","volume":14000,"label":" ","price":5.38},{"type":"A","date":"2018-03-27T01:36:35.000Z","volume":34000,"label":" ","price":5.39},{"type":"B","date":"2018-03-27T01:36:50.000Z","volume":20000,"label":" ","price":5.38},{"type":"A","date":"2018-03-27T01:36:57.000Z","volume":12000,"label":" ","price":5.39},{"type":"A","date":"2018-03-27T01:37:01.000Z","volume":22000,"label":" ","price":5.39},{"type":"A","date":"2018-03-27T01:37:01.000Z","volume":8000,"label":" ","price":5.39},{"type":"A","date":"2018-03-27T01:37:01.000Z","volume":34000,"label":" ","price":5.39},{"type":"A","date":"2018-03-27T01:37:01.000Z","volume":8000,"label":" ","price":5.39},{"type":"B","date":"2018-03-27T01:37:01.000Z","volume":20000,"label":" ","price":5.38},{"type":"B","date":"2018-03-27T01:37:05.000Z","volume":4000,"label":" ","price":5.38},{"type":"A","date":"2018-03-27T01:37:06.000Z","volume":6000,"label":" ","price":5.39},{"type":"A","date":"2018-03-27T01:37:08.000Z","volume":2000,"label":" ","price":5.39},{"type":"A","date":"2018-03-27T01:37:09.000Z","volume":14000,"label":" ","price":5.39},{"type":"B","date":"2018-03-27T01:37:12.000Z","volume":2000,"label":" ","price":5.38},{"type":"B","date":"2018-03-27T01:37:12.000Z","volume":2000,"label":" ","price":5.38},{"type":"A","date":"2018-03-27T01:37:13.000Z","volume":8000,"label":" ","price":5.39},{"type":"A","date":"2018-03-27T01:37:14.000Z","volume":10000,"label":" ","price":5.39},{"type":"A","date":"2018-03-27T01:37:21.000Z","volume":2000,"label":" ","price":5.39},{"type":"A","date":"2018-03-27T01:37:22.000Z","volume":10000,"label":" ","price":5.39},{"type":"A","date":"2018-03-27T01:37:29.000Z","volume":32000,"label":" ","price":5.39},{"type":"B","date":"2018-03-27T01:37:48.000Z","volume":20000,"label":" ","price":5.38},{"type":"B","date":"2018-03-27T01:37:54.000Z","volume":2000,"label":" ","price":5.38},{"type":"B","date":"2018-03-27T01:38:20.000Z","volume":2000,"label":" ","price":5.38},{"type":"B","date":"2018-03-27T01:38:41.000Z","volume":10000,"label":" ","price":5.38},{"type":"A","date":"2018-03-27T01:38:50.000Z","volume":8000,"label":" ","price":5.39},{"type":"A","date":"2018-03-27T01:38:55.000Z","volume":70000,"label":" ","price":5.39},{"type":"A","date":"2018-03-27T01:38:56.000Z","volume":50000,"label":" ","price":5.39},{"type":"A","date":"2018-03-27T01:39:20.000Z","volume":10000,"label":" ","price":5.39},{"type":"A","date":"2018-03-27T01:39:49.000Z","volume":2000,"label":" ","price":5.39},{"type":"B","date":"2018-03-27T01:39:51.000Z","volume":6000,"label":" ","price":5.38},{"type":"A","date":"2018-03-27T01:40:03.000Z","volume":222000,"label":" ","price":5.39},{"type":"A","date":"2018-03-27T01:40:03.000Z","volume":52000,"label":" ","price":5.39},{"type":"A","date":"2018-03-27T01:40:03.000Z","volume":126000,"label":" ","price":5.39},{"type":"A","date":"2018-03-27T01:40:04.000Z","volume":26000,"label":" ","price":5.39},{"type":"A","date":"2018-03-27T01:40:21.000Z","volume":4000,"label":"Y","price":5.39},{"type":"A","date":"2018-03-27T01:40:21.000Z","volume":8000,"label":" ","price":5.39},{"type":"A","date":"2018-03-27T01:40:21.000Z","volume":4000,"label":" ","price":5.39},{"type":"A","date":"2018-03-27T01:40:21.000Z","volume":112000,"label":" ","price":5.39},{"type":"A","date":"2018-03-27T01:40:21.000Z","volume":22000,"label":" ","price":5.39},{"type":"A","date":"2018-03-27T01:40:21.000Z","volume":14000,"label":" ","price":5.4},{"type":"A","date":"2018-03-27T01:40:26.000Z","volume":10000,"label":" ","price":5.39},{"type":"B","date":"2018-03-27T01:40:28.000Z","volume":8000,"label":" ","price":5.38},{"type":"U","date":"2018-03-27T01:40:38.000Z","volume":2000,"label":" ","price":5.39},{"type":"U","date":"2018-03-27T01:40:39.000Z","volume":2000,"label":" ","price":5.39},{"type":"U","date":"2018-03-27T01:40:40.000Z","volume":2000,"label":" ","price":5.39},{"type":"B","date":"2018-03-27T01:40:41.000Z","volume":2000,"label":" ","price":5.39},{"type":"B","date":"2018-03-27T01:40:45.000Z","volume":20000,"label":" ","price":5.39},{"type":"A","date":"2018-03-27T01:40:52.000Z","volume":2000,"label":" ","price":5.4},{"type":"B","date":"2018-03-27T01:40:52.000Z","volume":6000,"label":" ","price":5.39},{"type":"A","date":"2018-03-27T01:40:53.000Z","volume":222000,"label":" ","price":5.4},{"type":"A","date":"2018-03-27T01:40:53.000Z","volume":100000,"label":" ","price":5.4},{"type":"A","date":"2018-03-27T01:40:55.000Z","volume":2000,"label":" ","price":5.4},{"type":"B","date":"2018-03-27T01:40:57.000Z","volume":4000,"label":" ","price":5.39},{"type":"B","date":"2018-03-27T01:40:58.000Z","volume":4000,"label":"Y","price":5.39},{"type":"A","date":"2018-03-27T01:41:06.000Z","volume":8000,"label":" ","price":5.4},{"type":"B","date":"2018-03-27T01:41:45.000Z","volume":2000,"label":" ","price":5.39},{"type":"A","date":"2018-03-27T01:41:56.000Z","volume":284000,"label":" ","price":5.4},{"type":"A","date":"2018-03-27T01:41:56.000Z","volume":100000,"label":" ","price":5.4},{"type":"A","date":"2018-03-27T01:41:56.000Z","volume":372000,"label":" ","price":5.4},{"type":"A","date":"2018-03-27T01:41:56.000Z","volume":168000,"label":" ","price":5.4},{"type":"U","date":"2018-03-27T01:41:56.000Z","volume":20000,"label":" ","price":5.4},{"type":"U","date":"2018-03-27T01:41:56.000Z","volume":44000,"label":" ","price":5.4},{"type":"B","date":"2018-03-27T01:41:58.000Z","volume":6000,"label":" ","price":5.4},{"type":"B","date":"2018-03-27T01:41:58.000Z","volume":4000,"label":" ","price":5.4},{"type":"B","date":"2018-03-27T01:42:00.000Z","volume":10000,"label":" ","price":5.4},{"type":"A","date":"2018-03-27T01:42:01.000Z","volume":20000,"label":" ","price":5.41},{"type":"A","date":"2018-03-27T01:42:04.000Z","volume":6000,"label":" ","price":5.41},{"type":"A","date":"2018-03-27T01:42:04.000Z","volume":6000,"label":" ","price":5.41},{"type":"A","date":"2018-03-27T01:42:04.000Z","volume":58000,"label":" ","price":5.41},{"type":"A","date":"2018-03-27T01:42:06.000Z","volume":22000,"label":" ","price":5.42},{"type":"A","date":"2018-03-27T01:42:12.000Z","volume":10000,"label":" ","price":5.42},{"type":"A","date":"2018-03-27T01:42:28.000Z","volume":2000,"label":" ","price":5.42},{"type":"A","date":"2018-03-27T01:42:32.000Z","volume":100000,"label":" ","price":5.42},{"type":"A","date":"2018-03-27T01:42:32.000Z","volume":16000,"label":" ","price":5.42},{"type":"A","date":"2018-03-27T01:42:32.000Z","volume":26000,"label":" ","price":5.42},{"type":"A","date":"2018-03-27T01:42:32.000Z","volume":10000,"label":" ","price":5.42},{"type":"B","date":"2018-03-27T01:42:36.000Z","volume":10000,"label":" ","price":5.42},{"type":"B","date":"2018-03-27T01:42:40.000Z","volume":20000,"label":" ","price":5.42},{"type":"A","date":"2018-03-27T01:42:42.000Z","volume":12000,"label":" ","price":5.43},{"type":"A","date":"2018-03-27T01:42:50.000Z","volume":2000,"label":" ","price":5.43},{"type":"B","date":"2018-03-27T01:42:50.000Z","volume":8000,"label":" ","price":5.42},{"type":"B","date":"2018-03-27T01:42:53.000Z","volume":18000,"label":" ","price":5.42},{"type":"B","date":"2018-03-27T01:43:04.000Z","volume":2000,"label":" ","price":5.42},{"type":"A","date":"2018-03-27T01:43:19.000Z","volume":6000,"label":" ","price":5.43},{"type":"B","date":"2018-03-27T01:43:20.000Z","volume":10000,"label":" ","price":5.42},{"type":"B","date":"2018-03-27T01:43:32.000Z","volume":10000,"label":" ","price":5.42},{"type":"B","date":"2018-03-27T01:43:32.000Z","volume":10000,"label":" ","price":5.42},{"type":"B","date":"2018-03-27T01:43:32.000Z","volume":10000,"label":" ","price":5.42},{"type":"B","date":"2018-03-27T01:43:32.000Z","volume":8000,"label":" ","price":5.42},{"type":"B","date":"2018-03-27T01:43:32.000Z","volume":6000,"label":" ","price":5.42},{"type":"B","date":"2018-03-27T01:43:33.000Z","volume":6000,"label":" ","price":5.42},{"type":"A","date":"2018-03-27T01:43:33.000Z","volume":12000,"label":" ","price":5.43},{"type":"B","date":"2018-03-27T01:43:33.000Z","volume":6000,"label":" ","price":5.42},{"type":"B","date":"2018-03-27T01:43:33.000Z","volume":4000,"label":" ","price":5.42},{"type":"B","date":"2018-03-27T01:43:33.000Z","volume":2000,"label":" ","price":5.42},{"type":"B","date":"2018-03-27T01:43:37.000Z","volume":30000,"label":" ","price":5.42},{"type":"B","date":"2018-03-27T01:43:37.000Z","volume":12000,"label":" ","price":5.42},{"type":"B","date":"2018-03-27T01:43:39.000Z","volume":26000,"label":" ","price":5.42},{"type":"B","date":"2018-03-27T01:43:39.000Z","volume":34000,"label":" ","price":5.42},{"type":"A","date":"2018-03-27T01:44:01.000Z","volume":100000,"label":" ","price":5.42},{"type":"A","date":"2018-03-27T01:44:03.000Z","volume":12000,"label":" ","price":5.42},{"type":"B","date":"2018-03-27T01:44:11.000Z","volume":156000,"label":" ","price":5.42},{"type":"B","date":"2018-03-27T01:44:11.000Z","volume":8000,"label":" ","price":5.42},{"type":"U","date":"2018-03-27T01:44:13.000Z","volume":10000,"label":" ","price":5.42},{"type":"B","date":"2018-03-27T01:44:24.000Z","volume":2000,"label":" ","price":5.42},{"type":"U","date":"2018-03-27T01:44:24.000Z","volume":4000,"label":" ","price":5.42},{"type":"A","date":"2018-03-27T01:44:25.000Z","volume":20000,"label":" ","price":5.43},{"type":"A","date":"2018-03-27T01:44:29.000Z","volume":12000,"label":" ","price":5.43},{"type":"B","date":"2018-03-27T01:44:32.000Z","volume":10000,"label":" ","price":5.41},{"type":"B","date":"2018-03-27T01:44:53.000Z","volume":20000,"label":" ","price":5.42},{"type":"A","date":"2018-03-27T01:44:56.000Z","volume":20000,"label":" ","price":5.43},{"type":"B","date":"2018-03-27T01:44:58.000Z","volume":28000,"label":" ","price":5.42},{"type":"B","date":"2018-03-27T01:45:12.000Z","volume":50000,"label":" ","price":5.41},{"type":"A","date":"2018-03-27T01:45:12.000Z","volume":2000,"label":"Y","price":5.42},{"type":"A","date":"2018-03-27T01:45:15.000Z","volume":10000,"label":" ","price":5.42},{"type":"A","date":"2018-03-27T01:45:15.000Z","volume":2000,"label":"Y","price":5.42},{"type":"A","date":"2018-03-27T01:45:16.000Z","volume":4000,"label":"Y","price":5.42},{"type":"B","date":"2018-03-27T01:45:21.000Z","volume":2000,"label":" ","price":5.41},{"type":"B","date":"2018-03-27T01:45:23.000Z","volume":8000,"label":" ","price":5.41},{"type":"B","date":"2018-03-27T01:45:25.000Z","volume":20000,"label":" ","price":5.41},{"type":"B","date":"2018-03-27T01:45:25.000Z","volume":80000,"label":" ","price":5.41},{"type":"B","date":"2018-03-27T01:46:17.000Z","volume":2000,"label":" ","price":5.4},{"type":"B","date":"2018-03-27T01:46:17.000Z","volume":4000,"label":" ","price":5.4},{"type":"B","date":"2018-03-27T01:46:31.000Z","volume":42000,"label":" ","price":5.4},{"type":"B","date":"2018-03-27T01:46:31.000Z","volume":58000,"label":" ","price":5.4},{"type":"A","date":"2018-03-27T01:46:36.000Z","volume":10000,"label":" ","price":5.4},{"type":"A","date":"2018-03-27T01:46:48.000Z","volume":6000,"label":" ","price":5.4},{"type":"A","date":"2018-03-27T01:47:14.000Z","volume":2000,"label":" ","price":5.4},{"type":"B","date":"2018-03-27T01:47:22.000Z","volume":2000,"label":" ","price":5.39},{"type":"A","date":"2018-03-27T01:47:27.000Z","volume":10000,"label":" ","price":5.4},{"type":"B","date":"2018-03-27T01:47:44.000Z","volume":100000,"label":" ","price":5.39},{"type":"A","date":"2018-03-27T01:47:50.000Z","volume":12000,"label":" ","price":5.4},{"type":"B","date":"2018-03-27T01:48:38.000Z","volume":12000,"label":" ","price":5.39},{"type":"B","date":"2018-03-27T01:48:50.000Z","volume":90000,"label":" ","price":5.39},{"type":"B","date":"2018-03-27T01:48:50.000Z","volume":4000,"label":" ","price":5.39},{"type":"A","date":"2018-03-27T01:49:04.000Z","volume":2000,"label":" ","price":5.39},{"type":"B","date":"2018-03-27T01:49:18.000Z","volume":10000,"label":" ","price":5.38},{"type":"B","date":"2018-03-27T01:49:18.000Z","volume":6000,"label":" ","price":5.38},{"type":"B","date":"2018-03-27T01:49:33.000Z","volume":6000,"label":" ","price":5.38},{"type":"B","date":"2018-03-27T01:49:42.000Z","volume":2000,"label":" ","price":5.38},{"type":"B","date":"2018-03-27T01:49:46.000Z","volume":10000,"label":" ","price":5.38},{"type":"B","date":"2018-03-27T01:49:59.000Z","volume":10000,"label":" ","price":5.38},{"type":"B","date":"2018-03-27T01:49:59.000Z","volume":30000,"label":" ","price":5.38},{"type":"A","date":"2018-03-27T01:50:05.000Z","volume":136000,"label":" ","price":5.38},{"type":"B","date":"2018-03-27T01:50:06.000Z","volume":2000,"label":" ","price":5.38},{"type":"A","date":"2018-03-27T01:50:15.000Z","volume":20000,"label":"Y","price":5.39},{"type":"A","date":"2018-03-27T01:50:15.000Z","volume":320000,"label":" ","price":5.39},{"type":"A","date":"2018-03-27T01:50:48.000Z","volume":64000,"label":" ","price":5.4},{"type":"A","date":"2018-03-27T01:50:57.000Z","volume":64000,"label":" ","price":5.4},{"type":"A","date":"2018-03-27T01:50:57.000Z","volume":24000,"label":"Y","price":5.4},{"type":"A","date":"2018-03-27T01:50:57.000Z","volume":146000,"label":" ","price":5.4},{"type":"B","date":"2018-03-27T01:51:17.000Z","volume":16000,"label":" ","price":5.4},{"type":"B","date":"2018-03-27T01:51:21.000Z","volume":10000,"label":" ","price":5.4},{"type":"B","date":"2018-03-27T01:51:32.000Z","volume":10000,"label":" ","price":5.4},{"type":"B","date":"2018-03-27T01:51:35.000Z","volume":2000,"label":"Y","price":5.4},{"type":"B","date":"2018-03-27T01:51:35.000Z","volume":84000,"label":" ","price":5.4},{"type":"B","date":"2018-03-27T01:51:35.000Z","volume":2000,"label":" ","price":5.4},{"type":"A","date":"2018-03-27T01:52:13.000Z","volume":4000,"label":" ","price":5.4},{"type":"A","date":"2018-03-27T01:52:13.000Z","volume":20000,"label":" ","price":5.4},{"type":"B","date":"2018-03-27T01:52:22.000Z","volume":10000,"label":" ","price":5.39},{"type":"B","date":"2018-03-27T01:52:39.000Z","volume":20000,"label":" ","price":5.39},{"type":"B","date":"2018-03-27T01:54:01.000Z","volume":16000,"label":" ","price":5.39},{"type":"A","date":"2018-03-27T01:54:01.000Z","volume":8000,"label":" ","price":5.4},{"type":"B","date":"2018-03-27T01:54:05.000Z","volume":66000,"label":"Y","price":5.39},{"type":"B","date":"2018-03-27T01:54:05.000Z","volume":124000,"label":" ","price":5.39},{"type":"B","date":"2018-03-27T01:54:05.000Z","volume":8000,"label":" ","price":5.39},{"type":"B","date":"2018-03-27T01:54:06.000Z","volume":4000,"label":" ","price":5.39},{"type":"U","date":"2018-03-27T01:54:27.000Z","volume":8000,"label":" ","price":5.39},{"type":"U","date":"2018-03-27T01:54:27.000Z","volume":2000,"label":" ","price":5.39},{"type":"B","date":"2018-03-27T01:54:43.000Z","volume":494000,"label":" ","price":5.38},{"type":"B","date":"2018-03-27T01:54:43.000Z","volume":2000,"label":" ","price":5.38},{"type":"A","date":"2018-03-27T01:55:10.000Z","volume":30000,"label":" ","price":5.38},{"type":"B","date":"2018-03-27T01:55:13.000Z","volume":150000,"label":" ","price":5.37},{"type":"A","date":"2018-03-27T01:55:18.000Z","volume":2000,"label":" ","price":5.38},{"type":"A","date":"2018-03-27T01:55:29.000Z","volume":6000,"label":" ","price":5.38},{"type":"B","date":"2018-03-27T01:56:09.000Z","volume":2000,"label":" ","price":5.37},{"type":"B","date":"2018-03-27T01:56:09.000Z","volume":516000,"label":" ","price":5.37},{"type":"U","date":"2018-03-27T01:56:09.000Z","volume":2000,"label":" ","price":5.37},{"type":"U","date":"2018-03-27T01:56:09.000Z","volume":32000,"label":" ","price":5.37},{"type":"A","date":"2018-03-27T01:56:46.000Z","volume":300000,"label":" ","price":5.38},{"type":"A","date":"2018-03-27T01:56:46.000Z","volume":22000,"label":" ","price":5.38},{"type":"A","date":"2018-03-27T01:56:46.000Z","volume":62000,"label":" ","price":5.38},{"type":"A","date":"2018-03-27T01:56:46.000Z","volume":216000,"label":" ","price":5.39},{"type":"A","date":"2018-03-27T01:56:46.000Z","volume":22000,"label":" ","price":5.39},{"type":"A","date":"2018-03-27T01:56:46.000Z","volume":218000,"label":" ","price":5.39},{"type":"U","date":"2018-03-27T01:56:46.000Z","volume":22000,"label":" ","price":5.39},{"type":"B","date":"2018-03-27T01:56:46.000Z","volume":30000,"label":" ","price":5.39},{"type":"B","date":"2018-03-27T01:56:50.000Z","volume":10000,"label":" ","price":5.39},{"type":"B","date":"2018-03-27T01:56:50.000Z","volume":4000,"label":" ","price":5.39},{"type":"B","date":"2018-03-27T01:56:55.000Z","volume":8000,"label":" ","price":5.39},{"type":"B","date":"2018-03-27T01:57:05.000Z","volume":4000,"label":" ","price":5.39},{"type":"A","date":"2018-03-27T01:57:12.000Z","volume":44000,"label":" ","price":5.4},{"type":"B","date":"2018-03-27T01:57:18.000Z","volume":4000,"label":" ","price":5.39},{"type":"B","date":"2018-03-27T01:57:20.000Z","volume":6000,"label":" ","price":5.39},{"type":"U","date":"2018-03-27T01:57:42.000Z","volume":130,"label":"D","price":5.41},{"type":"A","date":"2018-03-27T01:57:44.000Z","volume":30000,"label":"Y","price":5.4},{"type":"B","date":"2018-03-27T01:58:03.000Z","volume":10000,"label":" ","price":5.39},{"type":"A","date":"2018-03-27T01:58:14.000Z","volume":8000,"label":" ","price":5.4},{"type":"B","date":"2018-03-27T01:58:20.000Z","volume":20000,"label":" ","price":5.39},{"type":"B","date":"2018-03-27T01:58:55.000Z","volume":2000,"label":" ","price":5.39},{"type":"A","date":"2018-03-27T01:59:26.000Z","volume":300000,"label":" ","price":5.4},{"type":"A","date":"2018-03-27T01:59:26.000Z","volume":150000,"label":" ","price":5.4},{"type":"A","date":"2018-03-27T01:59:27.000Z","volume":64000,"label":" ","price":5.41},{"type":"A","date":"2018-03-27T01:59:27.000Z","volume":42000,"label":" ","price":5.41},{"type":"B","date":"2018-03-27T01:59:46.000Z","volume":2000,"label":" ","price":5.4},{"type":"B","date":"2018-03-27T02:00:06.000Z","volume":2000,"label":" ","price":5.41},{"type":"A","date":"2018-03-27T02:00:16.000Z","volume":178000,"label":" ","price":5.42},{"type":"A","date":"2018-03-27T02:00:16.000Z","volume":16000,"label":" ","price":5.42},{"type":"B","date":"2018-03-27T02:00:26.000Z","volume":10000,"label":" ","price":5.42},{"type":"B","date":"2018-03-27T02:00:27.000Z","volume":10000,"label":" ","price":5.42},{"type":"B","date":"2018-03-27T02:01:08.000Z","volume":30000,"label":" ","price":5.42},{"type":"B","date":"2018-03-27T02:01:14.000Z","volume":2000,"label":" ","price":5.42},{"type":"B","date":"2018-03-27T02:01:16.000Z","volume":74000,"label":" ","price":5.42},{"type":"A","date":"2018-03-27T02:01:29.000Z","volume":6000,"label":" ","price":5.42},{"type":"A","date":"2018-03-27T02:01:31.000Z","volume":36000,"label":" ","price":5.42},{"type":"B","date":"2018-03-27T02:01:40.000Z","volume":2000,"label":" ","price":5.42},{"type":"B","date":"2018-03-27T02:01:40.000Z","volume":16000,"label":" ","price":5.42},{"type":"B","date":"2018-03-27T02:01:40.000Z","volume":36000,"label":" ","price":5.42},{"type":"A","date":"2018-03-27T02:01:42.000Z","volume":2000,"label":" ","price":5.42},{"type":"A","date":"2018-03-27T02:01:54.000Z","volume":2000,"label":" ","price":5.42},{"type":"A","date":"2018-03-27T02:02:13.000Z","volume":26000,"label":" ","price":5.42},{"type":"A","date":"2018-03-27T02:02:29.000Z","volume":2000,"label":" ","price":5.42},{"type":"B","date":"2018-03-27T02:02:58.000Z","volume":18000,"label":" ","price":5.41},{"type":"B","date":"2018-03-27T02:02:59.000Z","volume":2000,"label":" ","price":5.41},{"type":"B","date":"2018-03-27T02:03:27.000Z","volume":20000,"label":" ","price":5.41},{"type":"B","date":"2018-03-27T02:03:27.000Z","volume":94000,"label":" ","price":5.41},{"type":"B","date":"2018-03-27T02:03:28.000Z","volume":2000,"label":" ","price":5.41},{"type":"A","date":"2018-03-27T02:03:45.000Z","volume":4000,"label":" ","price":5.41},{"type":"A","date":"2018-03-27T02:04:16.000Z","volume":2000,"label":" ","price":5.41},{"type":"B","date":"2018-03-27T02:04:25.000Z","volume":10000,"label":" ","price":5.4},{"type":"B","date":"2018-03-27T02:04:36.000Z","volume":4000,"label":" ","price":5.4},{"type":"A","date":"2018-03-27T02:04:55.000Z","volume":2000,"label":" ","price":5.41},{"type":"B","date":"2018-03-27T02:05:18.000Z","volume":10000,"label":" ","price":5.4},{"type":"B","date":"2018-03-27T02:05:21.000Z","volume":10000,"label":" ","price":5.4},{"type":"A","date":"2018-03-27T02:05:41.000Z","volume":106000,"label":" ","price":5.41},{"type":"A","date":"2018-03-27T02:05:41.000Z","volume":2000,"label":"Y","price":5.41},{"type":"A","date":"2018-03-27T02:05:41.000Z","volume":52000,"label":" ","price":5.41},{"type":"A","date":"2018-03-27T02:06:34.000Z","volume":6000,"label":" ","price":5.42},{"type":"B","date":"2018-03-27T02:06:46.000Z","volume":24000,"label":" ","price":5.41},{"type":"A","date":"2018-03-27T02:07:02.000Z","volume":150000,"label":" ","price":5.42},{"type":"U","date":"2018-03-27T02:07:03.000Z","volume":2000,"label":" ","price":5.42},{"type":"A","date":"2018-03-27T02:07:34.000Z","volume":2000,"label":" ","price":5.43},{"type":"A","date":"2018-03-27T02:07:34.000Z","volume":2000,"label":" ","price":5.43},{"type":"B","date":"2018-03-27T02:07:37.000Z","volume":10000,"label":" ","price":5.41},{"type":"B","date":"2018-03-27T02:07:44.000Z","volume":2000,"label":" ","price":5.41},{"type":"B","date":"2018-03-27T02:08:31.000Z","volume":12000,"label":" ","price":5.42},{"type":"B","date":"2018-03-27T02:08:47.000Z","volume":6000,"label":" ","price":5.42},{"type":"B","date":"2018-03-27T02:08:52.000Z","volume":100000,"label":" ","price":5.42},{"type":"A","date":"2018-03-27T02:09:07.000Z","volume":2000,"label":" ","price":5.43},{"type":"U","date":"2018-03-27T02:09:10.000Z","volume":2000,"label":"X","price":5.42},{"type":"B","date":"2018-03-27T02:09:16.000Z","volume":20000,"label":" ","price":5.42},{"type":"B","date":"2018-03-27T02:09:19.000Z","volume":20000,"label":" ","price":5.42},{"type":"B","date":"2018-03-27T02:09:19.000Z","volume":14000,"label":" ","price":5.42},{"type":"B","date":"2018-03-27T02:09:34.000Z","volume":36000,"label":" ","price":5.42},{"type":"B","date":"2018-03-27T02:09:43.000Z","volume":20000,"label":" ","price":5.42},{"type":"B","date":"2018-03-27T02:09:56.000Z","volume":10000,"label":" ","price":5.42},{"type":"B","date":"2018-03-27T02:10:00.000Z","volume":8000,"label":" ","price":5.42},{"type":"B","date":"2018-03-27T02:10:07.000Z","volume":10000,"label":" ","price":5.42},{"type":"B","date":"2018-03-27T02:10:24.000Z","volume":2000,"label":" ","price":5.42},{"type":"B","date":"2018-03-27T02:10:45.000Z","volume":2000,"label":" ","price":5.42},{"type":"A","date":"2018-03-27T02:10:47.000Z","volume":2000,"label":" ","price":5.43},{"type":"B","date":"2018-03-27T02:10:47.000Z","volume":8000,"label":" ","price":5.42},{"type":"B","date":"2018-03-27T02:11:00.000Z","volume":6000,"label":" ","price":5.42},{"type":"A","date":"2018-03-27T02:11:11.000Z","volume":10000,"label":" ","price":5.43},{"type":"B","date":"2018-03-27T02:11:13.000Z","volume":10000,"label":" ","price":5.42},{"type":"A","date":"2018-03-27T02:11:15.000Z","volume":300000,"label":" ","price":5.43},{"type":"A","date":"2018-03-27T02:11:15.000Z","volume":2000,"label":" ","price":5.43},{"type":"A","date":"2018-03-27T02:11:15.000Z","volume":2000,"label":" ","price":5.43},{"type":"A","date":"2018-03-27T02:11:15.000Z","volume":20000,"label":" ","price":5.43},{"type":"A","date":"2018-03-27T02:11:15.000Z","volume":10000,"label":"Y","price":5.43},{"type":"A","date":"2018-03-27T02:11:15.000Z","volume":270000,"label":" ","price":5.43},{"type":"A","date":"2018-03-27T02:11:15.000Z","volume":20000,"label":" ","price":5.43},{"type":"A","date":"2018-03-27T02:11:15.000Z","volume":280000,"label":" ","price":5.43},{"type":"A","date":"2018-03-27T02:11:15.000Z","volume":58000,"label":" ","price":5.43},{"type":"A","date":"2018-03-27T02:11:16.000Z","volume":64000,"label":" ","price":5.44},{"type":"A","date":"2018-03-27T02:11:16.000Z","volume":64000,"label":" ","price":5.44},{"type":"A","date":"2018-03-27T02:11:16.000Z","volume":38000,"label":" ","price":5.44},{"type":"A","date":"2018-03-27T02:11:16.000Z","volume":64000,"label":" ","price":5.44},{"type":"A","date":"2018-03-27T02:11:16.000Z","volume":4000,"label":" ","price":5.44},{"type":"A","date":"2018-03-27T02:11:16.000Z","volume":2000,"label":" ","price":5.44},{"type":"A","date":"2018-03-27T02:11:16.000Z","volume":16000,"label":" ","price":5.44},{"type":"B","date":"2018-03-27T02:11:16.000Z","volume":4000,"label":" ","price":5.44},{"type":"B","date":"2018-03-27T02:11:33.000Z","volume":10000,"label":" ","price":5.43},{"type":"B","date":"2018-03-27T02:12:18.000Z","volume":88000,"label":" ","price":5.44},{"type":"B","date":"2018-03-27T02:12:18.000Z","volume":158000,"label":" ","price":5.43},{"type":"B","date":"2018-03-27T02:12:47.000Z","volume":10000,"label":" ","price":5.43},{"type":"U","date":"2018-03-27T02:13:21.000Z","volume":1000,"label":"D","price":5.38},{"type":"B","date":"2018-03-27T02:13:52.000Z","volume":10000,"label":" ","price":5.43},{"type":"B","date":"2018-03-27T02:13:52.000Z","volume":8000,"label":" ","price":5.43},{"type":"A","date":"2018-03-27T02:14:08.000Z","volume":276000,"label":" ","price":5.44},{"type":"A","date":"2018-03-27T02:14:08.000Z","volume":1014000,"label":" ","price":5.45},{"type":"B","date":"2018-03-27T02:14:08.000Z","volume":210000,"label":" ","price":5.45},{"type":"B","date":"2018-03-27T02:14:10.000Z","volume":44000,"label":" ","price":5.45},{"type":"A","date":"2018-03-27T02:14:26.000Z","volume":310000,"label":" ","price":5.45},{"type":"B","date":"2018-03-27T02:14:26.000Z","volume":88000,"label":" ","price":5.45},{"type":"B","date":"2018-03-27T02:14:31.000Z","volume":134000,"label":" ","price":5.45},{"type":"B","date":"2018-03-27T02:14:33.000Z","volume":14000,"label":" ","price":5.44},{"type":"B","date":"2018-03-27T02:14:38.000Z","volume":4000,"label":" ","price":5.44},{"type":"B","date":"2018-03-27T02:14:45.000Z","volume":6000,"label":" ","price":5.44},{"type":"B","date":"2018-03-27T02:15:05.000Z","volume":24000,"label":" ","price":5.44},{"type":"B","date":"2018-03-27T02:15:05.000Z","volume":4000,"label":" ","price":5.44},{"type":"B","date":"2018-03-27T02:15:05.000Z","volume":4000,"label":" ","price":5.43},{"type":"B","date":"2018-03-27T02:15:05.000Z","volume":6000,"label":" ","price":5.43},{"type":"A","date":"2018-03-27T02:15:16.000Z","volume":6000,"label":" ","price":5.44},{"type":"A","date":"2018-03-27T02:15:21.000Z","volume":4000,"label":" ","price":5.44},{"type":"B","date":"2018-03-27T02:15:24.000Z","volume":6000,"label":" ","price":5.43},{"type":"B","date":"2018-03-27T02:15:41.000Z","volume":20000,"label":" ","price":5.43},{"type":"B","date":"2018-03-27T02:15:58.000Z","volume":2000,"label":" ","price":5.43},{"type":"A","date":"2018-03-27T02:16:05.000Z","volume":6000,"label":" ","price":5.44},{"type":"B","date":"2018-03-27T02:16:13.000Z","volume":40000,"label":" ","price":5.43},{"type":"B","date":"2018-03-27T02:16:14.000Z","volume":16000,"label":" ","price":5.43},{"type":"A","date":"2018-03-27T02:16:14.000Z","volume":34000,"label":" ","price":5.43},{"type":"A","date":"2018-03-27T02:16:35.000Z","volume":4000,"label":" ","price":5.43},{"type":"B","date":"2018-03-27T02:16:48.000Z","volume":2000,"label":" ","price":5.42},{"type":"B","date":"2018-03-27T02:16:51.000Z","volume":6000,"label":" ","price":5.42},{"type":"B","date":"2018-03-27T02:17:03.000Z","volume":2000,"label":" ","price":5.42},{"type":"B","date":"2018-03-27T02:17:25.000Z","volume":18000,"label":" ","price":5.42},{"type":"B","date":"2018-03-27T02:17:25.000Z","volume":2000,"label":" ","price":5.42},{"type":"A","date":"2018-03-27T02:17:28.000Z","volume":158000,"label":" ","price":5.42},{"type":"B","date":"2018-03-27T02:17:31.000Z","volume":90000,"label":" ","price":5.41},{"type":"B","date":"2018-03-27T02:17:32.000Z","volume":22000,"label":" ","price":5.41},{"type":"A","date":"2018-03-27T02:17:41.000Z","volume":30000,"label":" ","price":5.42},{"type":"A","date":"2018-03-27T02:18:09.000Z","volume":400000,"label":" ","price":5.42},{"type":"B","date":"2018-03-27T02:18:09.000Z","volume":82000,"label":" ","price":5.41},{"type":"A","date":"2018-03-27T02:19:04.000Z","volume":10000,"label":" ","price":5.42},{"type":"B","date":"2018-03-27T02:20:16.000Z","volume":20000,"label":" ","price":5.41},{"type":"B","date":"2018-03-27T02:20:29.000Z","volume":26000,"label":" ","price":5.41},{"type":"B","date":"2018-03-27T02:20:43.000Z","volume":10000,"label":" ","price":5.41},{"type":"B","date":"2018-03-27T02:20:46.000Z","volume":10000,"label":" ","price":5.41},{"type":"B","date":"2018-03-27T02:20:46.000Z","volume":10000,"label":" ","price":5.41},{"type":"B","date":"2018-03-27T02:20:46.000Z","volume":90000,"label":" ","price":5.41},{"type":"B","date":"2018-03-27T02:20:46.000Z","volume":278000,"label":" ","price":5.41},{"type":"A","date":"2018-03-27T02:20:46.000Z","volume":4000,"label":" ","price":5.41},{"type":"A","date":"2018-03-27T02:20:46.000Z","volume":52000,"label":" ","price":5.41},{"type":"B","date":"2018-03-27T02:20:48.000Z","volume":112000,"label":" ","price":5.4},{"type":"B","date":"2018-03-27T02:20:59.000Z","volume":20000,"label":" ","price":5.4},{"type":"A","date":"2018-03-27T02:21:23.000Z","volume":10000,"label":" ","price":5.41},{"type":"B","date":"2018-03-27T02:21:25.000Z","volume":6000,"label":" ","price":5.4},{"type":"A","date":"2018-03-27T02:21:33.000Z","volume":4000,"label":" ","price":5.41},{"type":"B","date":"2018-03-27T02:21:38.000Z","volume":10000,"label":"Y","price":5.4},{"type":"A","date":"2018-03-27T02:21:39.000Z","volume":346000,"label":" ","price":5.41},{"type":"A","date":"2018-03-27T02:21:39.000Z","volume":100000,"label":" ","price":5.41},{"type":"A","date":"2018-03-27T02:21:39.000Z","volume":100000,"label":" ","price":5.41},{"type":"B","date":"2018-03-27T02:21:40.000Z","volume":40000,"label":" ","price":5.4},{"type":"B","date":"2018-03-27T02:21:48.000Z","volume":24000,"label":" ","price":5.4},{"type":"B","date":"2018-03-27T02:22:09.000Z","volume":10000,"label":"Y","price":5.4},{"type":"A","date":"2018-03-27T02:22:59.000Z","volume":30000,"label":" ","price":5.41},{"type":"A","date":"2018-03-27T02:23:04.000Z","volume":16000,"label":"Y","price":5.41},{"type":"A","date":"2018-03-27T02:23:04.000Z","volume":168000,"label":" ","price":5.41},{"type":"A","date":"2018-03-27T02:23:04.000Z","volume":50000,"label":" ","price":5.41},{"type":"A","date":"2018-03-27T02:23:04.000Z","volume":26000,"label":" ","price":5.41},{"type":"A","date":"2018-03-27T02:23:04.000Z","volume":2000,"label":" ","price":5.41},{"type":"B","date":"2018-03-27T02:23:06.000Z","volume":2000,"label":" ","price":5.41},{"type":"B","date":"2018-03-27T02:23:07.000Z","volume":6000,"label":" ","price":5.41},{"type":"B","date":"2018-03-27T02:23:21.000Z","volume":2000,"label":" ","price":5.41},{"type":"B","date":"2018-03-27T02:23:24.000Z","volume":6000,"label":" ","price":5.41},{"type":"B","date":"2018-03-27T02:23:26.000Z","volume":2000,"label":" ","price":5.41},{"type":"B","date":"2018-03-27T02:23:31.000Z","volume":2000,"label":" ","price":5.41},{"type":"B","date":"2018-03-27T02:23:36.000Z","volume":20000,"label":" ","price":5.41},{"type":"B","date":"2018-03-27T02:23:48.000Z","volume":12000,"label":" ","price":5.41},{"type":"B","date":"2018-03-27T02:24:02.000Z","volume":120000,"label":" ","price":5.41},{"type":"B","date":"2018-03-27T02:24:02.000Z","volume":4000,"label":" ","price":5.41},{"type":"B","date":"2018-03-27T02:24:34.000Z","volume":2000,"label":" ","price":5.41},{"type":"B","date":"2018-03-27T02:25:29.000Z","volume":16000,"label":" ","price":5.41},{"type":"A","date":"2018-03-27T02:25:29.000Z","volume":28000,"label":" ","price":5.41},{"type":"A","date":"2018-03-27T02:25:29.000Z","volume":4000,"label":" ","price":5.41},{"type":"B","date":"2018-03-27T02:25:29.000Z","volume":16000,"label":" ","price":5.4},{"type":"A","date":"2018-03-27T02:25:46.000Z","volume":2000,"label":" ","price":5.41},{"type":"B","date":"2018-03-27T02:26:54.000Z","volume":4000,"label":" ","price":5.4},{"type":"B","date":"2018-03-27T02:27:00.000Z","volume":92000,"label":" ","price":5.4},{"type":"A","date":"2018-03-27T02:27:00.000Z","volume":118000,"label":" ","price":5.4},{"type":"U","date":"2018-03-27T02:27:00.000Z","volume":2000,"label":" ","price":5.4},{"type":"B","date":"2018-03-27T02:27:00.000Z","volume":22000,"label":" ","price":5.4},{"type":"B","date":"2018-03-27T02:27:00.000Z","volume":32000,"label":" ","price":5.4},{"type":"B","date":"2018-03-27T02:27:18.000Z","volume":30000,"label":" ","price":5.4},{"type":"B","date":"2018-03-27T02:28:02.000Z","volume":10000,"label":" ","price":5.4},{"type":"B","date":"2018-03-27T02:28:04.000Z","volume":20000,"label":" ","price":5.4},{"type":"B","date":"2018-03-27T02:28:07.000Z","volume":14000,"label":" ","price":5.4},{"type":"B","date":"2018-03-27T02:28:18.000Z","volume":10000,"label":" ","price":5.4},{"type":"B","date":"2018-03-27T02:29:02.000Z","volume":18000,"label":" ","price":5.4},{"type":"B","date":"2018-03-27T02:29:20.000Z","volume":20000,"label":" ","price":5.4},{"type":"B","date":"2018-03-27T02:29:27.000Z","volume":10000,"label":" ","price":5.4},{"type":"A","date":"2018-03-27T02:29:29.000Z","volume":50000,"label":" ","price":5.41},{"type":"B","date":"2018-03-27T02:29:30.000Z","volume":2000,"label":" ","price":5.4},{"type":"B","date":"2018-03-27T02:29:32.000Z","volume":24000,"label":" ","price":5.4},{"type":"B","date":"2018-03-27T02:29:40.000Z","volume":10000,"label":" ","price":5.4},{"type":"B","date":"2018-03-27T02:29:43.000Z","volume":170000,"label":" ","price":5.4},{"type":"A","date":"2018-03-27T02:29:43.000Z","volume":84000,"label":" ","price":5.4},{"type":"U","date":"2018-03-27T02:29:43.000Z","volume":2000,"label":" ","price":5.4},{"type":"U","date":"2018-03-27T02:29:43.000Z","volume":2000,"label":" ","price":5.4},{"type":"B","date":"2018-03-27T02:29:43.000Z","volume":4000,"label":" ","price":5.4},{"type":"B","date":"2018-03-27T02:29:43.000Z","volume":38000,"label":" ","price":5.4},{"type":"B","date":"2018-03-27T02:29:43.000Z","volume":4000,"label":" ","price":5.4},{"type":"B","date":"2018-03-27T02:29:44.000Z","volume":22000,"label":" ","price":5.4},{"type":"B","date":"2018-03-27T02:29:44.000Z","volume":2000,"label":" ","price":5.4},{"type":"B","date":"2018-03-27T02:29:46.000Z","volume":4000,"label":" ","price":5.4},{"type":"B","date":"2018-03-27T02:30:02.000Z","volume":2000,"label":" ","price":5.4},{"type":"B","date":"2018-03-27T02:30:06.000Z","volume":20000,"label":" ","price":5.4},{"type":"B","date":"2018-03-27T02:30:12.000Z","volume":10000,"label":" ","price":5.4},{"type":"B","date":"2018-03-27T02:31:17.000Z","volume":34000,"label":" ","price":5.4},{"type":"B","date":"2018-03-27T02:31:19.000Z","volume":16000,"label":" ","price":5.4},{"type":"B","date":"2018-03-27T02:32:11.000Z","volume":30000,"label":" ","price":5.4},{"type":"B","date":"2018-03-27T02:32:26.000Z","volume":20000,"label":" ","price":5.4},{"type":"B","date":"2018-03-27T02:32:43.000Z","volume":6000,"label":" ","price":5.4},{"type":"B","date":"2018-03-27T02:33:55.000Z","volume":10000,"label":" ","price":5.4},{"type":"B","date":"2018-03-27T02:33:59.000Z","volume":14000,"label":" ","price":5.4},{"type":"B","date":"2018-03-27T02:34:25.000Z","volume":10000,"label":" ","price":5.4},{"type":"B","date":"2018-03-27T02:35:15.000Z","volume":2000,"label":" ","price":5.4},{"type":"B","date":"2018-03-27T02:35:56.000Z","volume":4000,"label":" ","price":5.4},{"type":"U","date":"2018-03-27T02:36:06.000Z","volume":2000,"label":"X","price":5.4},{"type":"B","date":"2018-03-27T02:36:14.000Z","volume":2000,"label":" ","price":5.4},{"type":"B","date":"2018-03-27T02:36:25.000Z","volume":32000,"label":" ","price":5.4},{"type":"B","date":"2018-03-27T02:36:25.000Z","volume":12000,"label":" ","price":5.4},{"type":"B","date":"2018-03-27T02:36:50.000Z","volume":2000,"label":" ","price":5.4},{"type":"A","date":"2018-03-27T02:37:04.000Z","volume":4000,"label":" ","price":5.41},{"type":"A","date":"2018-03-27T02:37:18.000Z","volume":2000,"label":" ","price":5.41},{"type":"A","date":"2018-03-27T02:37:32.000Z","volume":2000,"label":" ","price":5.41},{"type":"B","date":"2018-03-27T02:37:41.000Z","volume":4000,"label":" ","price":5.4},{"type":"B","date":"2018-03-27T02:37:49.000Z","volume":150000,"label":" ","price":5.4},{"type":"B","date":"2018-03-27T02:37:49.000Z","volume":2000,"label":" ","price":5.4},{"type":"B","date":"2018-03-27T02:37:50.000Z","volume":2000,"label":"Y","price":5.4},{"type":"B","date":"2018-03-27T02:37:50.000Z","volume":34000,"label":" ","price":5.4},{"type":"B","date":"2018-03-27T02:37:50.000Z","volume":2000,"label":" ","price":5.4},{"type":"A","date":"2018-03-27T02:38:09.000Z","volume":978000,"label":" ","price":5.41},{"type":"B","date":"2018-03-27T02:38:09.000Z","volume":96000,"label":" ","price":5.41},{"type":"B","date":"2018-03-27T02:38:09.000Z","volume":6000,"label":" ","price":5.41},{"type":"B","date":"2018-03-27T02:38:11.000Z","volume":18000,"label":" ","price":5.41},{"type":"A","date":"2018-03-27T02:38:22.000Z","volume":300000,"label":" ","price":5.42},{"type":"B","date":"2018-03-27T02:38:24.000Z","volume":10000,"label":" ","price":5.41},{"type":"U","date":"2018-03-27T02:38:45.000Z","volume":50,"label":"D","price":5.42},{"type":"A","date":"2018-03-27T02:39:39.000Z","volume":10000,"label":" ","price":5.42},{"type":"A","date":"2018-03-27T02:40:46.000Z","volume":6000,"label":" ","price":5.42},{"type":"B","date":"2018-03-27T02:42:07.000Z","volume":6000,"label":" ","price":5.41},{"type":"A","date":"2018-03-27T02:42:13.000Z","volume":10000,"label":" ","price":5.42},{"type":"A","date":"2018-03-27T02:42:15.000Z","volume":2000,"label":"Y","price":5.42},{"type":"A","date":"2018-03-27T02:42:15.000Z","volume":170000,"label":" ","price":5.42},{"type":"A","date":"2018-03-27T02:42:15.000Z","volume":2000,"label":"Y","price":5.42},{"type":"A","date":"2018-03-27T02:42:15.000Z","volume":98000,"label":" ","price":5.42},{"type":"A","date":"2018-03-27T02:42:15.000Z","volume":90000,"label":" ","price":5.42},{"type":"B","date":"2018-03-27T02:42:27.000Z","volume":10000,"label":" ","price":5.41},{"type":"A","date":"2018-03-27T02:42:46.000Z","volume":20000,"label":" ","price":5.42},{"type":"A","date":"2018-03-27T02:43:23.000Z","volume":4000,"label":" ","price":5.42},{"type":"B","date":"2018-03-27T02:43:50.000Z","volume":10000,"label":" ","price":5.41},{"type":"B","date":"2018-03-27T02:44:02.000Z","volume":10000,"label":" ","price":5.41},{"type":"U","date":"2018-03-27T02:44:45.000Z","volume":8000,"label":"X","price":5.41},{"type":"B","date":"2018-03-27T02:45:06.000Z","volume":10000,"label":" ","price":5.41},{"type":"B","date":"2018-03-27T02:45:07.000Z","volume":10000,"label":" ","price":5.41},{"type":"B","date":"2018-03-27T02:45:27.000Z","volume":4000,"label":" ","price":5.41},{"type":"B","date":"2018-03-27T02:45:33.000Z","volume":158000,"label":" ","price":5.41},{"type":"B","date":"2018-03-27T02:45:33.000Z","volume":2000,"label":" ","price":5.41},{"type":"A","date":"2018-03-27T02:45:43.000Z","volume":200000,"label":" ","price":5.41},{"type":"A","date":"2018-03-27T02:45:49.000Z","volume":96000,"label":" ","price":5.41},{"type":"B","date":"2018-03-27T02:45:49.000Z","volume":6000,"label":" ","price":5.41},{"type":"B","date":"2018-03-27T02:45:49.000Z","volume":38000,"label":" ","price":5.41},{"type":"B","date":"2018-03-27T02:46:52.000Z","volume":4000,"label":" ","price":5.41},{"type":"B","date":"2018-03-27T02:47:28.000Z","volume":6000,"label":" ","price":5.41},{"type":"B","date":"2018-03-27T02:47:37.000Z","volume":180000,"label":" ","price":5.41},{"type":"B","date":"2018-03-27T02:47:37.000Z","volume":124000,"label":"Y","price":5.4},{"type":"B","date":"2018-03-27T02:47:37.000Z","volume":2000,"label":" ","price":5.41},{"type":"B","date":"2018-03-27T02:47:37.000Z","volume":68000,"label":"Y","price":5.4},{"type":"B","date":"2018-03-27T02:47:37.000Z","volume":104000,"label":"Y","price":5.4},{"type":"B","date":"2018-03-27T02:47:37.000Z","volume":18000,"label":" ","price":5.4},{"type":"B","date":"2018-03-27T02:47:37.000Z","volume":12000,"label":" ","price":5.4},{"type":"B","date":"2018-03-27T02:47:37.000Z","volume":2000,"label":"Y","price":5.4},{"type":"B","date":"2018-03-27T02:47:37.000Z","volume":122000,"label":" ","price":5.4},{"type":"B","date":"2018-03-27T02:47:38.000Z","volume":84000,"label":" ","price":5.4},{"type":"B","date":"2018-03-27T02:47:57.000Z","volume":258000,"label":" ","price":5.4},{"type":"B","date":"2018-03-27T02:47:58.000Z","volume":62000,"label":" ","price":5.4},{"type":"B","date":"2018-03-27T02:48:12.000Z","volume":18000,"label":"Y","price":5.4},{"type":"B","date":"2018-03-27T02:48:30.000Z","volume":312000,"label":" ","price":5.4},{"type":"A","date":"2018-03-27T02:48:30.000Z","volume":38000,"label":" ","price":5.4},{"type":"B","date":"2018-03-27T02:48:30.000Z","volume":90000,"label":" ","price":5.4},{"type":"B","date":"2018-03-27T02:48:30.000Z","volume":26000,"label":" ","price":5.4},{"type":"B","date":"2018-03-27T02:48:42.000Z","volume":28000,"label":"Y","price":5.4},{"type":"B","date":"2018-03-27T02:48:42.000Z","volume":14000,"label":" ","price":5.4},{"type":"B","date":"2018-03-27T02:48:51.000Z","volume":24000,"label":" ","price":5.4},{"type":"A","date":"2018-03-27T02:51:44.000Z","volume":14000,"label":" ","price":5.4},{"type":"B","date":"2018-03-27T02:54:04.000Z","volume":2000,"label":"Y","price":5.39},{"type":"B","date":"2018-03-27T02:54:30.000Z","volume":2000,"label":" ","price":5.39},{"type":"B","date":"2018-03-27T02:55:17.000Z","volume":2000,"label":"Y","price":5.39},{"type":"A","date":"2018-03-27T02:55:21.000Z","volume":2000,"label":"Y","price":5.4},{"type":"A","date":"2018-03-27T02:55:21.000Z","volume":186000,"label":" ","price":5.4},{"type":"A","date":"2018-03-27T02:55:21.000Z","volume":16000,"label":"Y","price":5.4},{"type":"A","date":"2018-03-27T02:55:21.000Z","volume":190000,"label":" ","price":5.4},{"type":"A","date":"2018-03-27T02:55:21.000Z","volume":18000,"label":" ","price":5.4},{"type":"A","date":"2018-03-27T02:55:21.000Z","volume":2000,"label":" ","price":5.4},{"type":"B","date":"2018-03-27T02:55:21.000Z","volume":18000,"label":" ","price":5.4},{"type":"B","date":"2018-03-27T02:55:32.000Z","volume":18000,"label":" ","price":5.4},{"type":"B","date":"2018-03-27T02:55:32.000Z","volume":4000,"label":"Y","price":5.4},{"type":"B","date":"2018-03-27T02:55:51.000Z","volume":4000,"label":" ","price":5.4},{"type":"A","date":"2018-03-27T02:55:55.000Z","volume":20000,"label":" ","price":5.41},{"type":"B","date":"2018-03-27T02:56:10.000Z","volume":10000,"label":" ","price":5.4},{"type":"B","date":"2018-03-27T02:56:12.000Z","volume":20000,"label":" ","price":5.4},{"type":"B","date":"2018-03-27T02:56:12.000Z","volume":12000,"label":" ","price":5.4},{"type":"B","date":"2018-03-27T02:57:02.000Z","volume":2000,"label":" ","price":5.4},{"type":"A","date":"2018-03-27T02:57:11.000Z","volume":280000,"label":" ","price":5.41},{"type":"B","date":"2018-03-27T02:57:12.000Z","volume":12000,"label":" ","price":5.4},{"type":"B","date":"2018-03-27T02:57:27.000Z","volume":24000,"label":" ","price":5.4},{"type":"B","date":"2018-03-27T02:58:03.000Z","volume":10000,"label":" ","price":5.4},{"type":"B","date":"2018-03-27T02:58:42.000Z","volume":14000,"label":" ","price":5.4},{"type":"B","date":"2018-03-27T02:58:53.000Z","volume":10000,"label":" ","price":5.4},{"type":"A","date":"2018-03-27T02:59:05.000Z","volume":260000,"label":" ","price":5.41},{"type":"B","date":"2018-03-27T02:59:07.000Z","volume":10000,"label":" ","price":5.4},{"type":"A","date":"2018-03-27T02:59:14.000Z","volume":30000,"label":" ","price":5.41},{"type":"A","date":"2018-03-27T02:59:48.000Z","volume":8000,"label":" ","price":5.41},{"type":"B","date":"2018-03-27T02:59:57.000Z","volume":2000,"label":" ","price":5.4},{"type":"B","date":"2018-03-27T03:00:12.000Z","volume":26000,"label":" ","price":5.4},{"type":"B","date":"2018-03-27T03:01:13.000Z","volume":50000,"label":" ","price":5.4},{"type":"B","date":"2018-03-27T03:01:13.000Z","volume":22000,"label":" ","price":5.4},{"type":"A","date":"2018-03-27T03:01:55.000Z","volume":4000,"label":" ","price":5.41},{"type":"B","date":"2018-03-27T03:02:12.000Z","volume":20000,"label":" ","price":5.4},{"type":"B","date":"2018-03-27T03:02:12.000Z","volume":2000,"label":"Y","price":5.4},{"type":"B","date":"2018-03-27T03:02:29.000Z","volume":6000,"label":" ","price":5.4},{"type":"B","date":"2018-03-27T03:02:34.000Z","volume":74000,"label":"Y","price":5.4},{"type":"B","date":"2018-03-27T03:02:34.000Z","volume":104000,"label":" ","price":5.4},{"type":"B","date":"2018-03-27T03:02:34.000Z","volume":22000,"label":" ","price":5.4},{"type":"B","date":"2018-03-27T03:02:34.000Z","volume":2000,"label":" ","price":5.4},{"type":"B","date":"2018-03-27T03:02:34.000Z","volume":2000,"label":" ","price":5.4},{"type":"B","date":"2018-03-27T03:02:34.000Z","volume":4000,"label":" ","price":5.4},{"type":"U","date":"2018-03-27T03:02:34.000Z","volume":10000,"label":" ","price":5.4},{"type":"A","date":"2018-03-27T03:02:34.000Z","volume":10000,"label":" ","price":5.41},{"type":"B","date":"2018-03-27T03:02:49.000Z","volume":2000,"label":" ","price":5.4},{"type":"B","date":"2018-03-27T03:03:22.000Z","volume":20000,"label":" ","price":5.39},{"type":"B","date":"2018-03-27T03:03:38.000Z","volume":14000,"label":" ","price":5.39},{"type":"B","date":"2018-03-27T03:04:05.000Z","volume":84000,"label":"Y","price":5.39},{"type":"B","date":"2018-03-27T03:04:05.000Z","volume":334000,"label":" ","price":5.39},{"type":"B","date":"2018-03-27T03:04:05.000Z","volume":24000,"label":" ","price":5.38},{"type":"B","date":"2018-03-27T03:07:00.000Z","volume":300000,"label":" ","price":5.38},{"type":"B","date":"2018-03-27T03:07:00.000Z","volume":24000,"label":" ","price":5.38},{"type":"B","date":"2018-03-27T03:07:00.000Z","volume":2000,"label":" ","price":5.38},{"type":"B","date":"2018-03-27T03:07:02.000Z","volume":72000,"label":" ","price":5.37},{"type":"B","date":"2018-03-27T03:08:11.000Z","volume":38000,"label":" ","price":5.37},{"type":"B","date":"2018-03-27T03:08:59.000Z","volume":2000,"label":" ","price":5.37},{"type":"B","date":"2018-03-27T03:09:02.000Z","volume":46000,"label":" ","price":5.37},{"type":"B","date":"2018-03-27T03:09:05.000Z","volume":20000,"label":" ","price":5.37},{"type":"B","date":"2018-03-27T03:09:06.000Z","volume":2000,"label":" ","price":5.37},{"type":"B","date":"2018-03-27T03:10:08.000Z","volume":4000,"label":" ","price":5.37},{"type":"B","date":"2018-03-27T03:10:09.000Z","volume":76000,"label":" ","price":5.37},{"type":"B","date":"2018-03-27T03:10:09.000Z","volume":6000,"label":"Y","price":5.37},{"type":"B","date":"2018-03-27T03:10:09.000Z","volume":2000,"label":"Y","price":5.37},{"type":"B","date":"2018-03-27T03:10:09.000Z","volume":18000,"label":" ","price":5.37},{"type":"B","date":"2018-03-27T03:10:12.000Z","volume":4000,"label":" ","price":5.37},{"type":"B","date":"2018-03-27T03:10:46.000Z","volume":2000,"label":" ","price":5.37},{"type":"B","date":"2018-03-27T03:10:51.000Z","volume":60000,"label":" ","price":5.37},{"type":"B","date":"2018-03-27T03:10:51.000Z","volume":4000,"label":" ","price":5.37},{"type":"B","date":"2018-03-27T03:10:51.000Z","volume":16000,"label":" ","price":5.37},{"type":"B","date":"2018-03-27T03:10:55.000Z","volume":166000,"label":"Y","price":5.37},{"type":"B","date":"2018-03-27T03:10:55.000Z","volume":38000,"label":" ","price":5.37},{"type":"B","date":"2018-03-27T03:10:55.000Z","volume":38000,"label":" ","price":5.36},{"type":"B","date":"2018-03-27T03:10:55.000Z","volume":2000,"label":" ","price":5.36},{"type":"B","date":"2018-03-27T03:10:55.000Z","volume":2000,"label":"Y","price":5.36},{"type":"B","date":"2018-03-27T03:10:55.000Z","volume":42000,"label":" ","price":5.36},{"type":"B","date":"2018-03-27T03:11:57.000Z","volume":168000,"label":" ","price":5.35},{"type":"B","date":"2018-03-27T03:11:57.000Z","volume":46000,"label":" ","price":5.34},{"type":"B","date":"2018-03-27T03:11:57.000Z","volume":2000,"label":" ","price":5.34},{"type":"A","date":"2018-03-27T03:11:58.000Z","volume":4000,"label":" ","price":5.35},{"type":"A","date":"2018-03-27T03:12:10.000Z","volume":228000,"label":" ","price":5.34},{"type":"B","date":"2018-03-27T03:12:10.000Z","volume":2000,"label":" ","price":5.34},{"type":"B","date":"2018-03-27T03:12:10.000Z","volume":2000,"label":" ","price":5.34},{"type":"B","date":"2018-03-27T03:12:10.000Z","volume":22000,"label":" ","price":5.34},{"type":"B","date":"2018-03-27T03:12:13.000Z","volume":2000,"label":" ","price":5.34},{"type":"A","date":"2018-03-27T03:12:14.000Z","volume":4000,"label":"Y","price":5.35},{"type":"A","date":"2018-03-27T03:12:14.000Z","volume":250000,"label":" ","price":5.35},{"type":"A","date":"2018-03-27T03:12:14.000Z","volume":344000,"label":" ","price":5.35},{"type":"B","date":"2018-03-27T03:12:14.000Z","volume":2000,"label":" ","price":5.35},{"type":"B","date":"2018-03-27T03:12:14.000Z","volume":2000,"label":" ","price":5.35},{"type":"A","date":"2018-03-27T03:12:15.000Z","volume":90000,"label":"Y","price":5.36},{"type":"A","date":"2018-03-27T03:12:15.000Z","volume":10000,"label":" ","price":5.36},{"type":"A","date":"2018-03-27T03:12:15.000Z","volume":100000,"label":" ","price":5.36},{"type":"A","date":"2018-03-27T03:12:15.000Z","volume":176000,"label":" ","price":5.36},{"type":"A","date":"2018-03-27T03:12:36.000Z","volume":174000,"label":" ","price":5.37},{"type":"A","date":"2018-03-27T03:12:36.000Z","volume":76000,"label":"Y","price":5.38},{"type":"A","date":"2018-03-27T03:12:36.000Z","volume":24000,"label":" ","price":5.38},{"type":"B","date":"2018-03-27T03:12:36.000Z","volume":8000,"label":" ","price":5.37},{"type":"A","date":"2018-03-27T03:12:36.000Z","volume":100000,"label":" ","price":5.38},{"type":"A","date":"2018-03-27T03:12:36.000Z","volume":34000,"label":" ","price":5.38},{"type":"A","date":"2018-03-27T03:12:36.000Z","volume":56000,"label":" ","price":5.38},{"type":"B","date":"2018-03-27T03:12:39.000Z","volume":8000,"label":" ","price":5.38},{"type":"U","date":"2018-03-27T03:12:40.000Z","volume":1000,"label":"D","price":5.31},{"type":"B","date":"2018-03-27T03:13:20.000Z","volume":14000,"label":" ","price":5.38},{"type":"A","date":"2018-03-27T03:13:21.000Z","volume":6000,"label":" ","price":5.38},{"type":"A","date":"2018-03-27T03:13:57.000Z","volume":2000,"label":" ","price":5.38},{"type":"B","date":"2018-03-27T03:15:53.000Z","volume":4000,"label":" ","price":5.37},{"type":"B","date":"2018-03-27T03:17:07.000Z","volume":6000,"label":" ","price":5.37},{"type":"B","date":"2018-03-27T03:19:16.000Z","volume":200000,"label":" ","price":5.37},{"type":"B","date":"2018-03-27T03:19:16.000Z","volume":4000,"label":" ","price":5.37},{"type":"A","date":"2018-03-27T03:20:06.000Z","volume":96000,"label":"Y","price":5.38},{"type":"A","date":"2018-03-27T03:20:06.000Z","volume":4000,"label":" ","price":5.38},{"type":"A","date":"2018-03-27T03:21:00.000Z","volume":4000,"label":" ","price":5.38},{"type":"B","date":"2018-03-27T03:21:02.000Z","volume":4000,"label":" ","price":5.37},{"type":"B","date":"2018-03-27T03:21:02.000Z","volume":2000,"label":" ","price":5.37},{"type":"B","date":"2018-03-27T03:22:20.000Z","volume":4000,"label":" ","price":5.37},{"type":"B","date":"2018-03-27T03:22:46.000Z","volume":2000,"label":" ","price":5.37},{"type":"B","date":"2018-03-27T03:23:18.000Z","volume":110000,"label":" ","price":5.37},{"type":"B","date":"2018-03-27T03:23:18.000Z","volume":18000,"label":" ","price":5.37},{"type":"B","date":"2018-03-27T03:23:20.000Z","volume":8000,"label":" ","price":5.37},{"type":"A","date":"2018-03-27T03:24:20.000Z","volume":4000,"label":" ","price":5.38},{"type":"B","date":"2018-03-27T03:24:26.000Z","volume":78000,"label":" ","price":5.37},{"type":"B","date":"2018-03-27T03:24:26.000Z","volume":20000,"label":" ","price":5.37},{"type":"B","date":"2018-03-27T03:24:53.000Z","volume":4000,"label":" ","price":5.37},{"type":"B","date":"2018-03-27T03:24:53.000Z","volume":2000,"label":" ","price":5.37},{"type":"B","date":"2018-03-27T03:24:53.000Z","volume":2000,"label":" ","price":5.37},{"type":"B","date":"2018-03-27T03:24:54.000Z","volume":166000,"label":" ","price":5.37},{"type":"B","date":"2018-03-27T03:24:54.000Z","volume":34000,"label":" ","price":5.36},{"type":"B","date":"2018-03-27T03:24:54.000Z","volume":6000,"label":" ","price":5.36},{"type":"A","date":"2018-03-27T03:24:54.000Z","volume":2000,"label":" ","price":5.37},{"type":"B","date":"2018-03-27T03:24:55.000Z","volume":48000,"label":" ","price":5.36},{"type":"B","date":"2018-03-27T03:25:28.000Z","volume":40000,"label":" ","price":5.36},{"type":"B","date":"2018-03-27T03:25:28.000Z","volume":8000,"label":" ","price":5.36},{"type":"B","date":"2018-03-27T03:25:28.000Z","volume":2000,"label":" ","price":5.36},{"type":"B","date":"2018-03-27T03:26:09.000Z","volume":8000,"label":" ","price":5.36},{"type":"B","date":"2018-03-27T03:26:09.000Z","volume":2000,"label":" ","price":5.36},{"type":"U","date":"2018-03-27T03:26:11.000Z","volume":1000,"label":"D","price":5.29},{"type":"B","date":"2018-03-27T03:26:38.000Z","volume":90000,"label":" ","price":5.36},{"type":"B","date":"2018-03-27T03:26:38.000Z","volume":16000,"label":" ","price":5.36},{"type":"B","date":"2018-03-27T03:26:38.000Z","volume":2000,"label":" ","price":5.36},{"type":"B","date":"2018-03-27T03:26:40.000Z","volume":4000,"label":" ","price":5.36},{"type":"B","date":"2018-03-27T03:26:57.000Z","volume":40000,"label":" ","price":5.36},{"type":"B","date":"2018-03-27T03:26:57.000Z","volume":2000,"label":" ","price":5.36},{"type":"B","date":"2018-03-27T03:26:59.000Z","volume":8000,"label":" ","price":5.36},{"type":"B","date":"2018-03-27T03:27:08.000Z","volume":24000,"label":" ","price":5.36},{"type":"B","date":"2018-03-27T03:27:08.000Z","volume":6000,"label":" ","price":5.36},{"type":"B","date":"2018-03-27T03:27:08.000Z","volume":2000,"label":"Y","price":5.36},{"type":"B","date":"2018-03-27T03:27:08.000Z","volume":38000,"label":" ","price":5.36},{"type":"B","date":"2018-03-27T03:27:10.000Z","volume":8000,"label":" ","price":5.36},{"type":"B","date":"2018-03-27T03:27:36.000Z","volume":52000,"label":"Y","price":5.36},{"type":"B","date":"2018-03-27T03:27:36.000Z","volume":112000,"label":" ","price":5.36},{"type":"B","date":"2018-03-27T03:27:36.000Z","volume":2000,"label":" ","price":5.36},{"type":"B","date":"2018-03-27T03:27:36.000Z","volume":2000,"label":" ","price":5.36},{"type":"B","date":"2018-03-27T03:27:36.000Z","volume":2000,"label":" ","price":5.36},{"type":"B","date":"2018-03-27T03:27:36.000Z","volume":96000,"label":" ","price":5.36},{"type":"B","date":"2018-03-27T03:27:36.000Z","volume":128000,"label":" ","price":5.36},{"type":"U","date":"2018-03-27T03:27:36.000Z","volume":2000,"label":" ","price":5.36},{"type":"B","date":"2018-03-27T03:27:38.000Z","volume":90000,"label":" ","price":5.36},{"type":"B","date":"2018-03-27T03:28:01.000Z","volume":10000,"label":" ","price":5.36},{"type":"B","date":"2018-03-27T03:28:01.000Z","volume":2000,"label":" ","price":5.36},{"type":"B","date":"2018-03-27T03:28:01.000Z","volume":8000,"label":" ","price":5.36},{"type":"B","date":"2018-03-27T03:28:03.000Z","volume":4000,"label":" ","price":5.36},{"type":"B","date":"2018-03-27T03:29:09.000Z","volume":2000,"label":"Y","price":5.36},{"type":"B","date":"2018-03-27T03:29:40.000Z","volume":102000,"label":" ","price":5.36},{"type":"B","date":"2018-03-27T03:29:40.000Z","volume":2000,"label":" ","price":5.36},{"type":"B","date":"2018-03-27T03:29:40.000Z","volume":26000,"label":" ","price":5.36},{"type":"U","date":"2018-03-27T03:30:03.000Z","volume":2000,"label":"X","price":5.36},{"type":"B","date":"2018-03-27T03:30:41.000Z","volume":8000,"label":" ","price":5.36},{"type":"B","date":"2018-03-27T03:30:42.000Z","volume":26000,"label":"Y","price":5.36},{"type":"B","date":"2018-03-27T03:30:42.000Z","volume":28000,"label":" ","price":5.36},{"type":"B","date":"2018-03-27T03:31:24.000Z","volume":10000,"label":" ","price":5.35},{"type":"B","date":"2018-03-27T03:31:41.000Z","volume":92000,"label":" ","price":5.35},{"type":"B","date":"2018-03-27T03:32:38.000Z","volume":146000,"label":" ","price":5.35},{"type":"B","date":"2018-03-27T03:32:38.000Z","volume":84000,"label":" ","price":5.35},{"type":"B","date":"2018-03-27T03:32:38.000Z","volume":38000,"label":" ","price":5.35},{"type":"B","date":"2018-03-27T03:32:41.000Z","volume":16000,"label":" ","price":5.34},{"type":"B","date":"2018-03-27T03:32:43.000Z","volume":68000,"label":" ","price":5.34},{"type":"B","date":"2018-03-27T03:32:44.000Z","volume":6000,"label":" ","price":5.33},{"type":"A","date":"2018-03-27T03:32:50.000Z","volume":52000,"label":"Y","price":5.34},{"type":"A","date":"2018-03-27T03:32:50.000Z","volume":114000,"label":" ","price":5.34},{"type":"A","date":"2018-03-27T03:34:47.000Z","volume":100000,"label":" ","price":5.34},{"type":"A","date":"2018-03-27T03:36:34.000Z","volume":114000,"label":" ","price":5.34},{"type":"A","date":"2018-03-27T03:36:34.000Z","volume":124000,"label":" ","price":5.34},{"type":"A","date":"2018-03-27T03:36:57.000Z","volume":200000,"label":" ","price":5.35},{"type":"A","date":"2018-03-27T03:37:16.000Z","volume":46000,"label":"Y","price":5.35},{"type":"A","date":"2018-03-27T03:37:16.000Z","volume":54000,"label":" ","price":5.35},{"type":"A","date":"2018-03-27T03:37:16.000Z","volume":86000,"label":" ","price":5.35},{"type":"U","date":"2018-03-27T03:37:16.000Z","volume":2000,"label":" ","price":5.35},{"type":"B","date":"2018-03-27T03:37:16.000Z","volume":2000,"label":" ","price":5.35},{"type":"A","date":"2018-03-27T03:37:35.000Z","volume":10000,"label":" ","price":5.36},{"type":"A","date":"2018-03-27T03:37:53.000Z","volume":32000,"label":" ","price":5.36},{"type":"B","date":"2018-03-27T03:37:54.000Z","volume":10000,"label":" ","price":5.35},{"type":"A","date":"2018-03-27T03:39:27.000Z","volume":100000,"label":" ","price":5.36},{"type":"A","date":"2018-03-27T03:39:27.000Z","volume":62000,"label":" ","price":5.36},{"type":"B","date":"2018-03-27T03:39:29.000Z","volume":20000,"label":" ","price":5.35},{"type":"A","date":"2018-03-27T03:39:35.000Z","volume":4000,"label":" ","price":5.36},{"type":"A","date":"2018-03-27T03:40:20.000Z","volume":2000,"label":" ","price":5.36},{"type":"B","date":"2018-03-27T03:40:51.000Z","volume":100000,"label":" ","price":5.35},{"type":"A","date":"2018-03-27T03:41:08.000Z","volume":2000,"label":" ","price":5.36},{"type":"A","date":"2018-03-27T03:41:40.000Z","volume":94000,"label":" ","price":5.36},{"type":"B","date":"2018-03-27T03:41:42.000Z","volume":16000,"label":" ","price":5.36},{"type":"B","date":"2018-03-27T03:45:43.000Z","volume":78000,"label":" ","price":5.35},{"type":"B","date":"2018-03-27T03:45:43.000Z","volume":18000,"label":" ","price":5.35},{"type":"B","date":"2018-03-27T03:45:46.000Z","volume":22000,"label":" ","price":5.35},{"type":"B","date":"2018-03-27T03:45:46.000Z","volume":156000,"label":" ","price":5.35},{"type":"B","date":"2018-03-27T03:45:46.000Z","volume":4000,"label":" ","price":5.35},{"type":"A","date":"2018-03-27T03:46:15.000Z","volume":20000,"label":" ","price":5.35},{"type":"B","date":"2018-03-27T03:46:43.000Z","volume":44000,"label":" ","price":5.34},{"type":"A","date":"2018-03-27T03:46:58.000Z","volume":200000,"label":" ","price":5.35},{"type":"B","date":"2018-03-27T03:50:20.000Z","volume":22000,"label":" ","price":5.34},{"type":"B","date":"2018-03-27T03:51:12.000Z","volume":22000,"label":" ","price":5.34},{"type":"B","date":"2018-03-27T03:52:11.000Z","volume":44000,"label":" ","price":5.34},{"type":"B","date":"2018-03-27T03:53:15.000Z","volume":52000,"label":" ","price":5.34},{"type":"A","date":"2018-03-27T03:54:06.000Z","volume":10000,"label":" ","price":5.35},{"type":"B","date":"2018-03-27T03:54:06.000Z","volume":56000,"label":" ","price":5.34},{"type":"B","date":"2018-03-27T03:54:07.000Z","volume":48000,"label":" ","price":5.34},{"type":"B","date":"2018-03-27T03:54:08.000Z","volume":90000,"label":" ","price":5.34},{"type":"B","date":"2018-03-27T03:54:11.000Z","volume":2000,"label":" ","price":5.34},{"type":"A","date":"2018-03-27T03:54:26.000Z","volume":174000,"label":"Y","price":5.35},{"type":"A","date":"2018-03-27T03:54:26.000Z","volume":462000,"label":" ","price":5.35},{"type":"B","date":"2018-03-27T03:54:26.000Z","volume":60000,"label":"Y","price":5.35},{"type":"B","date":"2018-03-27T03:54:28.000Z","volume":78000,"label":" ","price":5.35},{"type":"B","date":"2018-03-27T03:54:28.000Z","volume":14000,"label":"Y","price":5.35},{"type":"B","date":"2018-03-27T03:54:30.000Z","volume":2000,"label":" ","price":5.35},{"type":"A","date":"2018-03-27T03:54:41.000Z","volume":36000,"label":"Y","price":5.36},{"type":"A","date":"2018-03-27T03:54:41.000Z","volume":62000,"label":" ","price":5.36},{"type":"B","date":"2018-03-27T03:54:43.000Z","volume":20000,"label":" ","price":5.35},{"type":"B","date":"2018-03-27T03:54:47.000Z","volume":10000,"label":" ","price":5.35},{"type":"A","date":"2018-03-27T03:56:35.000Z","volume":2000,"label":" ","price":5.36},{"type":"B","date":"2018-03-27T03:56:59.000Z","volume":10000,"label":" ","price":5.35},{"type":"B","date":"2018-03-27T03:58:32.000Z","volume":10000,"label":" ","price":5.35},{"type":"B","date":"2018-03-27T03:59:02.000Z","volume":206000,"label":" ","price":5.35},{"type":"B","date":"2018-03-27T03:59:02.000Z","volume":28000,"label":" ","price":5.34},{"type":"B","date":"2018-03-27T03:59:06.000Z","volume":2000,"label":" ","price":5.34},{"type":"B","date":"2018-03-27T03:59:11.000Z","volume":16000,"label":" ","price":5.34},{"type":"A","date":"2018-03-27T03:59:24.000Z","volume":2000,"label":" ","price":5.35},{"type":"A","date":"2018-03-27T03:59:25.000Z","volume":2000,"label":" ","price":5.35},{"type":"A","date":"2018-03-27T05:00:00.000Z","volume":2000,"label":" ","price":5.35},{"type":"A","date":"2018-03-27T05:00:01.000Z","volume":6000,"label":" ","price":5.35},{"type":"A","date":"2018-03-27T05:00:01.000Z","volume":4000,"label":" ","price":5.35},{"type":"A","date":"2018-03-27T05:00:01.000Z","volume":6000,"label":" ","price":5.35},{"type":"A","date":"2018-03-27T05:00:03.000Z","volume":6000,"label":" ","price":5.35},{"type":"A","date":"2018-03-27T05:00:43.000Z","volume":10000,"label":" ","price":5.35},{"type":"B","date":"2018-03-27T05:01:44.000Z","volume":6000,"label":" ","price":5.34},{"type":"A","date":"2018-03-27T05:01:54.000Z","volume":6000,"label":" ","price":5.35},{"type":"B","date":"2018-03-27T05:02:19.000Z","volume":56000,"label":" ","price":5.34},{"type":"B","date":"2018-03-27T05:02:19.000Z","volume":20000,"label":" ","price":5.34},{"type":"A","date":"2018-03-27T05:02:20.000Z","volume":4000,"label":"Y","price":5.35},{"type":"B","date":"2018-03-27T05:03:09.000Z","volume":70000,"label":" ","price":5.34},{"type":"B","date":"2018-03-27T05:03:10.000Z","volume":10000,"label":" ","price":5.34},{"type":"B","date":"2018-03-27T05:03:15.000Z","volume":34000,"label":" ","price":5.34},{"type":"B","date":"2018-03-27T05:04:15.000Z","volume":98000,"label":" ","price":5.34},{"type":"B","date":"2018-03-27T05:04:15.000Z","volume":18000,"label":" ","price":5.34},{"type":"B","date":"2018-03-27T05:05:09.000Z","volume":58000,"label":" ","price":5.34},{"type":"B","date":"2018-03-27T05:05:15.000Z","volume":2000,"label":" ","price":5.34},{"type":"B","date":"2018-03-27T05:05:20.000Z","volume":14000,"label":" ","price":5.34},{"type":"A","date":"2018-03-27T05:05:40.000Z","volume":2000,"label":"Y","price":5.35},{"type":"B","date":"2018-03-27T05:05:47.000Z","volume":100000,"label":" ","price":5.34},{"type":"B","date":"2018-03-27T05:05:47.000Z","volume":48000,"label":" ","price":5.34},{"type":"A","date":"2018-03-27T05:05:59.000Z","volume":582000,"label":" ","price":5.35},{"type":"A","date":"2018-03-27T05:05:59.000Z","volume":40000,"label":"Y","price":5.36},{"type":"A","date":"2018-03-27T05:05:59.000Z","volume":60000,"label":" ","price":5.36},{"type":"B","date":"2018-03-27T05:06:06.000Z","volume":224000,"label":" ","price":5.35},{"type":"B","date":"2018-03-27T05:06:06.000Z","volume":2000,"label":" ","price":5.35},{"type":"B","date":"2018-03-27T05:06:06.000Z","volume":56000,"label":" ","price":5.35},{"type":"B","date":"2018-03-27T05:06:06.000Z","volume":14000,"label":" ","price":5.35},{"type":"B","date":"2018-03-27T05:06:23.000Z","volume":10000,"label":" ","price":5.35},{"type":"A","date":"2018-03-27T05:06:44.000Z","volume":6000,"label":" ","price":5.36},{"type":"B","date":"2018-03-27T05:07:10.000Z","volume":40000,"label":" ","price":5.35},{"type":"B","date":"2018-03-27T05:07:39.000Z","volume":4000,"label":" ","price":5.35},{"type":"B","date":"2018-03-27T05:07:40.000Z","volume":52000,"label":" ","price":5.35},{"type":"B","date":"2018-03-27T05:07:41.000Z","volume":12000,"label":" ","price":5.35},{"type":"B","date":"2018-03-27T05:07:42.000Z","volume":34000,"label":" ","price":5.35},{"type":"A","date":"2018-03-27T05:07:43.000Z","volume":20000,"label":" ","price":5.36},{"type":"B","date":"2018-03-27T05:07:45.000Z","volume":74000,"label":" ","price":5.35},{"type":"B","date":"2018-03-27T05:07:45.000Z","volume":26000,"label":" ","price":5.35},{"type":"B","date":"2018-03-27T05:07:47.000Z","volume":12000,"label":" ","price":5.35},{"type":"B","date":"2018-03-27T05:08:44.000Z","volume":20000,"label":" ","price":5.35},{"type":"B","date":"2018-03-27T05:08:44.000Z","volume":4000,"label":" ","price":5.35},{"type":"B","date":"2018-03-27T05:08:50.000Z","volume":34000,"label":" ","price":5.35},{"type":"B","date":"2018-03-27T05:08:52.000Z","volume":18000,"label":" ","price":5.35},{"type":"B","date":"2018-03-27T05:09:55.000Z","volume":10000,"label":" ","price":5.35},{"type":"B","date":"2018-03-27T05:10:00.000Z","volume":2000,"label":" ","price":5.35},{"type":"B","date":"2018-03-27T05:12:53.000Z","volume":50000,"label":"Y","price":5.35},{"type":"B","date":"2018-03-27T05:12:53.000Z","volume":4000,"label":" ","price":5.35},{"type":"B","date":"2018-03-27T05:12:55.000Z","volume":16000,"label":" ","price":5.35},{"type":"B","date":"2018-03-27T05:13:55.000Z","volume":4000,"label":" ","price":5.35},{"type":"B","date":"2018-03-27T05:14:00.000Z","volume":12000,"label":" ","price":5.35},{"type":"B","date":"2018-03-27T05:14:03.000Z","volume":90000,"label":" ","price":5.35},{"type":"B","date":"2018-03-27T05:14:07.000Z","volume":26000,"label":" ","price":5.35},{"type":"A","date":"2018-03-27T05:14:41.000Z","volume":6000,"label":" ","price":5.36},{"type":"B","date":"2018-03-27T05:15:05.000Z","volume":6000,"label":" ","price":5.35},{"type":"B","date":"2018-03-27T05:15:09.000Z","volume":74000,"label":" ","price":5.35},{"type":"B","date":"2018-03-27T05:15:10.000Z","volume":2000,"label":" ","price":5.35},{"type":"B","date":"2018-03-27T05:15:11.000Z","volume":20000,"label":" ","price":5.35},{"type":"B","date":"2018-03-27T05:16:10.000Z","volume":22000,"label":" ","price":5.35},{"type":"B","date":"2018-03-27T05:16:15.000Z","volume":88000,"label":" ","price":5.35},{"type":"B","date":"2018-03-27T05:16:15.000Z","volume":8000,"label":" ","price":5.35},{"type":"B","date":"2018-03-27T05:16:15.000Z","volume":2000,"label":" ","price":5.35},{"type":"A","date":"2018-03-27T05:16:15.000Z","volume":4000,"label":" ","price":5.36},{"type":"B","date":"2018-03-27T05:16:15.000Z","volume":30000,"label":" ","price":5.35},{"type":"B","date":"2018-03-27T05:16:17.000Z","volume":20000,"label":" ","price":5.35},{"type":"B","date":"2018-03-27T05:16:45.000Z","volume":22000,"label":" ","price":5.35},{"type":"B","date":"2018-03-27T05:16:49.000Z","volume":10000,"label":" ","price":5.35},{"type":"B","date":"2018-03-27T05:17:15.000Z","volume":64000,"label":" ","price":5.35},{"type":"B","date":"2018-03-27T05:17:15.000Z","volume":16000,"label":" ","price":5.35},{"type":"B","date":"2018-03-27T05:17:50.000Z","volume":2000,"label":" ","price":5.35},{"type":"B","date":"2018-03-27T05:18:10.000Z","volume":50000,"label":" ","price":5.35},{"type":"B","date":"2018-03-27T05:18:11.000Z","volume":12000,"label":" ","price":5.35},{"type":"B","date":"2018-03-27T05:18:15.000Z","volume":18000,"label":" ","price":5.35},{"type":"B","date":"2018-03-27T05:18:55.000Z","volume":14000,"label":" ","price":5.35},{"type":"B","date":"2018-03-27T05:18:56.000Z","volume":8000,"label":" ","price":5.35},{"type":"B","date":"2018-03-27T05:18:56.000Z","volume":52000,"label":" ","price":5.35},{"type":"B","date":"2018-03-27T05:18:56.000Z","volume":14000,"label":" ","price":5.35},{"type":"B","date":"2018-03-27T05:19:19.000Z","volume":30000,"label":" ","price":5.35},{"type":"B","date":"2018-03-27T05:19:19.000Z","volume":8000,"label":" ","price":5.35},{"type":"B","date":"2018-03-27T05:19:20.000Z","volume":18000,"label":" ","price":5.35},{"type":"B","date":"2018-03-27T05:19:22.000Z","volume":8000,"label":" ","price":5.35},{"type":"B","date":"2018-03-27T05:19:25.000Z","volume":2000,"label":" ","price":5.35},{"type":"B","date":"2018-03-27T05:19:33.000Z","volume":2000,"label":" ","price":5.35},{"type":"B","date":"2018-03-27T05:19:33.000Z","volume":2000,"label":" ","price":5.35},{"type":"B","date":"2018-03-27T05:19:33.000Z","volume":2000,"label":" ","price":5.35},{"type":"B","date":"2018-03-27T05:19:36.000Z","volume":8000,"label":" ","price":5.35},{"type":"B","date":"2018-03-27T05:20:06.000Z","volume":46000,"label":"Y","price":5.35},{"type":"B","date":"2018-03-27T05:20:06.000Z","volume":2000,"label":" ","price":5.35},{"type":"B","date":"2018-03-27T05:20:07.000Z","volume":12000,"label":" ","price":5.35},{"type":"B","date":"2018-03-27T05:20:40.000Z","volume":10000,"label":" ","price":5.35},{"type":"B","date":"2018-03-27T05:20:59.000Z","volume":30000,"label":"Y","price":5.35},{"type":"B","date":"2018-03-27T05:20:59.000Z","volume":24000,"label":" ","price":5.35},{"type":"B","date":"2018-03-27T05:21:00.000Z","volume":16000,"label":" ","price":5.35},{"type":"B","date":"2018-03-27T05:21:10.000Z","volume":4000,"label":" ","price":5.35},{"type":"A","date":"2018-03-27T05:21:29.000Z","volume":50000,"label":" ","price":5.36},{"type":"B","date":"2018-03-27T05:21:36.000Z","volume":14000,"label":" ","price":5.35},{"type":"B","date":"2018-03-27T05:22:11.000Z","volume":2000,"label":" ","price":5.35},{"type":"B","date":"2018-03-27T05:22:11.000Z","volume":2000,"label":" ","price":5.35},{"type":"B","date":"2018-03-27T05:22:12.000Z","volume":18000,"label":"Y","price":5.35},{"type":"B","date":"2018-03-27T05:22:12.000Z","volume":28000,"label":" ","price":5.35},{"type":"B","date":"2018-03-27T05:22:24.000Z","volume":36000,"label":" ","price":5.34},{"type":"B","date":"2018-03-27T05:23:14.000Z","volume":48000,"label":" ","price":5.34},{"type":"B","date":"2018-03-27T05:23:15.000Z","volume":2000,"label":" ","price":5.34},{"type":"B","date":"2018-03-27T05:23:20.000Z","volume":48000,"label":" ","price":5.34},{"type":"B","date":"2018-03-27T05:24:09.000Z","volume":46000,"label":" ","price":5.34},{"type":"A","date":"2018-03-27T05:24:18.000Z","volume":300000,"label":" ","price":5.35},{"type":"A","date":"2018-03-27T05:24:26.000Z","volume":200000,"label":" ","price":5.35},{"type":"A","date":"2018-03-27T05:24:26.000Z","volume":98000,"label":"Y","price":5.35},{"type":"A","date":"2018-03-27T05:24:26.000Z","volume":2000,"label":" ","price":5.35},{"type":"A","date":"2018-03-27T05:25:25.000Z","volume":200000,"label":" ","price":5.35},{"type":"A","date":"2018-03-27T05:25:25.000Z","volume":90000,"label":"Y","price":5.35},{"type":"A","date":"2018-03-27T05:25:25.000Z","volume":8000,"label":" ","price":5.35},{"type":"U","date":"2018-03-27T05:25:25.000Z","volume":2000,"label":" ","price":5.35},{"type":"B","date":"2018-03-27T05:25:25.000Z","volume":38000,"label":" ","price":5.35},{"type":"B","date":"2018-03-27T05:25:25.000Z","volume":18000,"label":" ","price":5.35},{"type":"B","date":"2018-03-27T05:25:25.000Z","volume":2000,"label":" ","price":5.35},{"type":"A","date":"2018-03-27T05:25:40.000Z","volume":166000,"label":" ","price":5.35},{"type":"B","date":"2018-03-27T05:25:40.000Z","volume":134000,"label":" ","price":5.35},{"type":"B","date":"2018-03-27T05:25:40.000Z","volume":56000,"label":" ","price":5.35},{"type":"B","date":"2018-03-27T05:25:40.000Z","volume":32000,"label":" ","price":5.35},{"type":"A","date":"2018-03-27T05:26:50.000Z","volume":10000,"label":" ","price":5.35},{"type":"A","date":"2018-03-27T05:26:54.000Z","volume":182000,"label":" ","price":5.35},{"type":"A","date":"2018-03-27T05:26:54.000Z","volume":76000,"label":" ","price":5.35},{"type":"B","date":"2018-03-27T05:26:54.000Z","volume":38000,"label":" ","price":5.35},{"type":"B","date":"2018-03-27T05:26:56.000Z","volume":20000,"label":" ","price":5.35},{"type":"B","date":"2018-03-27T05:28:00.000Z","volume":4000,"label":" ","price":5.35},{"type":"B","date":"2018-03-27T05:28:05.000Z","volume":30000,"label":" ","price":5.35},{"type":"A","date":"2018-03-27T05:28:08.000Z","volume":344000,"label":" ","price":5.36},{"type":"B","date":"2018-03-27T05:28:09.000Z","volume":12000,"label":" ","price":5.36},{"type":"B","date":"2018-03-27T05:28:10.000Z","volume":8000,"label":" ","price":5.36},{"type":"A","date":"2018-03-27T05:30:07.000Z","volume":16000,"label":" ","price":5.36},{"type":"A","date":"2018-03-27T05:30:07.000Z","volume":60000,"label":"Y","price":5.36},{"type":"A","date":"2018-03-27T05:30:07.000Z","volume":40000,"label":" ","price":5.36},{"type":"A","date":"2018-03-27T05:31:57.000Z","volume":172000,"label":" ","price":5.36},{"type":"B","date":"2018-03-27T05:31:57.000Z","volume":28000,"label":" ","price":5.36},{"type":"A","date":"2018-03-27T05:34:15.000Z","volume":300000,"label":" ","price":5.37},{"type":"A","date":"2018-03-27T05:34:15.000Z","volume":202000,"label":" ","price":5.37},{"type":"A","date":"2018-03-27T05:34:15.000Z","volume":10000,"label":" ","price":5.38},{"type":"B","date":"2018-03-27T05:34:53.000Z","volume":114000,"label":" ","price":5.37},{"type":"B","date":"2018-03-27T05:34:55.000Z","volume":8000,"label":"Y","price":5.37},{"type":"B","date":"2018-03-27T05:34:55.000Z","volume":14000,"label":" ","price":5.37},{"type":"B","date":"2018-03-27T05:36:21.000Z","volume":10000,"label":" ","price":5.37},{"type":"A","date":"2018-03-27T05:37:34.000Z","volume":2000,"label":" ","price":5.38},{"type":"B","date":"2018-03-27T05:38:54.000Z","volume":6000,"label":" ","price":5.37},{"type":"B","date":"2018-03-27T05:38:55.000Z","volume":24000,"label":" ","price":5.37},{"type":"B","date":"2018-03-27T05:38:57.000Z","volume":20000,"label":" ","price":5.37},{"type":"B","date":"2018-03-27T05:40:21.000Z","volume":72000,"label":" ","price":5.37},{"type":"B","date":"2018-03-27T05:40:21.000Z","volume":18000,"label":" ","price":5.37},{"type":"B","date":"2018-03-27T05:41:29.000Z","volume":78000,"label":" ","price":5.37},{"type":"B","date":"2018-03-27T05:41:29.000Z","volume":20000,"label":" ","price":5.37},{"type":"B","date":"2018-03-27T05:41:30.000Z","volume":6000,"label":" ","price":5.37},{"type":"B","date":"2018-03-27T05:41:35.000Z","volume":54000,"label":" ","price":5.37},{"type":"B","date":"2018-03-27T05:41:37.000Z","volume":14000,"label":" ","price":5.37},{"type":"B","date":"2018-03-27T05:41:49.000Z","volume":30000,"label":" ","price":5.37},{"type":"B","date":"2018-03-27T05:42:19.000Z","volume":44000,"label":" ","price":5.37},{"type":"A","date":"2018-03-27T05:42:22.000Z","volume":8000,"label":" ","price":5.38},{"type":"B","date":"2018-03-27T05:42:22.000Z","volume":20000,"label":" ","price":5.37},{"type":"A","date":"2018-03-27T05:43:06.000Z","volume":10000,"label":" ","price":5.38},{"type":"A","date":"2018-03-27T05:43:08.000Z","volume":8000,"label":" ","price":5.38},{"type":"B","date":"2018-03-27T05:43:09.000Z","volume":40000,"label":" ","price":5.37},{"type":"B","date":"2018-03-27T05:43:10.000Z","volume":4000,"label":" ","price":5.37},{"type":"A","date":"2018-03-27T05:43:12.000Z","volume":8000,"label":" ","price":5.38},{"type":"B","date":"2018-03-27T05:43:15.000Z","volume":10000,"label":" ","price":5.37},{"type":"B","date":"2018-03-27T05:43:47.000Z","volume":10000,"label":" ","price":5.37},{"type":"A","date":"2018-03-27T05:43:48.000Z","volume":6000,"label":" ","price":5.38},{"type":"B","date":"2018-03-27T05:43:49.000Z","volume":50000,"label":" ","price":5.37},{"type":"B","date":"2018-03-27T05:43:49.000Z","volume":36000,"label":" ","price":5.37},{"type":"B","date":"2018-03-27T05:43:52.000Z","volume":36000,"label":" ","price":5.37},{"type":"A","date":"2018-03-27T05:43:52.000Z","volume":26000,"label":" ","price":5.38},{"type":"B","date":"2018-03-27T05:43:55.000Z","volume":10000,"label":" ","price":5.37},{"type":"B","date":"2018-03-27T05:44:41.000Z","volume":2000,"label":" ","price":5.37},{"type":"B","date":"2018-03-27T05:45:08.000Z","volume":78000,"label":" ","price":5.37},{"type":"B","date":"2018-03-27T05:45:08.000Z","volume":12000,"label":"Y","price":5.37},{"type":"B","date":"2018-03-27T05:45:08.000Z","volume":12000,"label":" ","price":5.37},{"type":"A","date":"2018-03-27T05:45:09.000Z","volume":10000,"label":" ","price":5.38},{"type":"B","date":"2018-03-27T05:45:10.000Z","volume":30000,"label":" ","price":5.37},{"type":"B","date":"2018-03-27T05:45:15.000Z","volume":24000,"label":" ","price":5.37},{"type":"B","date":"2018-03-27T05:45:55.000Z","volume":10000,"label":" ","price":5.37},{"type":"B","date":"2018-03-27T05:45:57.000Z","volume":4000,"label":"Y","price":5.37},{"type":"B","date":"2018-03-27T05:45:57.000Z","volume":12000,"label":" ","price":5.37},{"type":"B","date":"2018-03-27T05:46:05.000Z","volume":54000,"label":" ","price":5.37},{"type":"B","date":"2018-03-27T05:46:05.000Z","volume":124000,"label":" ","price":5.37},{"type":"U","date":"2018-03-27T05:46:05.000Z","volume":2000,"label":" ","price":5.37},{"type":"A","date":"2018-03-27T05:46:07.000Z","volume":8000,"label":" ","price":5.37},{"type":"B","date":"2018-03-27T05:46:10.000Z","volume":2000,"label":" ","price":5.36},{"type":"B","date":"2018-03-27T05:46:12.000Z","volume":54000,"label":" ","price":5.36},{"type":"A","date":"2018-03-27T05:46:14.000Z","volume":12000,"label":"Y","price":5.37},{"type":"A","date":"2018-03-27T05:46:14.000Z","volume":6000,"label":" ","price":5.37},{"type":"B","date":"2018-03-27T05:46:15.000Z","volume":4000,"label":" ","price":5.36},{"type":"A","date":"2018-03-27T05:46:30.000Z","volume":2000,"label":"Y","price":5.37},{"type":"B","date":"2018-03-27T05:46:52.000Z","volume":20000,"label":" ","price":5.36},{"type":"B","date":"2018-03-27T05:47:05.000Z","volume":64000,"label":"Y","price":5.36},{"type":"B","date":"2018-03-27T05:47:05.000Z","volume":10000,"label":" ","price":5.36},{"type":"B","date":"2018-03-27T05:47:05.000Z","volume":28000,"label":"Y","price":5.36},{"type":"B","date":"2018-03-27T05:47:05.000Z","volume":6000,"label":" ","price":5.36},{"type":"B","date":"2018-03-27T05:47:07.000Z","volume":26000,"label":" ","price":5.36},{"type":"A","date":"2018-03-27T05:47:09.000Z","volume":2000,"label":" ","price":5.36},{"type":"B","date":"2018-03-27T05:47:40.000Z","volume":46000,"label":" ","price":5.35},{"type":"A","date":"2018-03-27T05:47:41.000Z","volume":18000,"label":" ","price":5.36},{"type":"A","date":"2018-03-27T05:47:46.000Z","volume":2000,"label":" ","price":5.36},{"type":"A","date":"2018-03-27T05:47:54.000Z","volume":2000,"label":" ","price":5.36},{"type":"B","date":"2018-03-27T05:48:00.000Z","volume":2000,"label":" ","price":5.35},{"type":"A","date":"2018-03-27T05:48:47.000Z","volume":10000,"label":" ","price":5.36},{"type":"A","date":"2018-03-27T05:48:51.000Z","volume":4000,"label":" ","price":5.36},{"type":"A","date":"2018-03-27T05:49:11.000Z","volume":470000,"label":" ","price":5.36},{"type":"U","date":"2018-03-27T05:49:11.000Z","volume":2000,"label":" ","price":5.36},{"type":"A","date":"2018-03-27T05:49:12.000Z","volume":100000,"label":"Y","price":5.36},{"type":"A","date":"2018-03-27T05:49:12.000Z","volume":38000,"label":" ","price":5.36},{"type":"A","date":"2018-03-27T05:49:12.000Z","volume":26000,"label":"Y","price":5.37},{"type":"B","date":"2018-03-27T05:50:15.000Z","volume":60000,"label":" ","price":5.36},{"type":"B","date":"2018-03-27T05:50:16.000Z","volume":16000,"label":" ","price":5.36},{"type":"B","date":"2018-03-27T05:51:20.000Z","volume":18000,"label":" ","price":5.36},{"type":"A","date":"2018-03-27T05:53:05.000Z","volume":2000,"label":" ","price":5.37},{"type":"B","date":"2018-03-27T05:54:09.000Z","volume":54000,"label":" ","price":5.36},{"type":"B","date":"2018-03-27T05:54:09.000Z","volume":18000,"label":" ","price":5.36},{"type":"B","date":"2018-03-27T05:55:08.000Z","volume":62000,"label":" ","price":5.36},{"type":"B","date":"2018-03-27T05:55:08.000Z","volume":16000,"label":" ","price":5.36},{"type":"B","date":"2018-03-27T05:55:10.000Z","volume":16000,"label":" ","price":5.36},{"type":"B","date":"2018-03-27T05:55:12.000Z","volume":10000,"label":" ","price":5.36},{"type":"B","date":"2018-03-27T05:55:15.000Z","volume":20000,"label":" ","price":5.36},{"type":"B","date":"2018-03-27T05:55:24.000Z","volume":2000,"label":" ","price":5.36},{"type":"B","date":"2018-03-27T05:55:26.000Z","volume":12000,"label":" ","price":5.36},{"type":"B","date":"2018-03-27T05:55:41.000Z","volume":2000,"label":" ","price":5.36},{"type":"B","date":"2018-03-27T05:56:03.000Z","volume":126000,"label":" ","price":5.36},{"type":"A","date":"2018-03-27T05:56:03.000Z","volume":2000,"label":" ","price":5.36},{"type":"B","date":"2018-03-27T05:56:07.000Z","volume":64000,"label":"Y","price":5.35},{"type":"B","date":"2018-03-27T05:56:07.000Z","volume":268000,"label":" ","price":5.35},{"type":"U","date":"2018-03-27T05:56:12.000Z","volume":80000,"label":" ","price":5.35},{"type":"B","date":"2018-03-27T05:56:12.000Z","volume":56000,"label":"Y","price":5.35},{"type":"B","date":"2018-03-27T05:56:12.000Z","volume":18000,"label":" ","price":5.35},{"type":"B","date":"2018-03-27T05:56:12.000Z","volume":2000,"label":" ","price":5.35},{"type":"B","date":"2018-03-27T05:56:12.000Z","volume":2000,"label":"Y","price":5.35},{"type":"B","date":"2018-03-27T05:56:12.000Z","volume":4000,"label":" ","price":5.35},{"type":"B","date":"2018-03-27T05:56:15.000Z","volume":2000,"label":" ","price":5.35},{"type":"A","date":"2018-03-27T05:59:01.000Z","volume":2000,"label":" ","price":5.35},{"type":"A","date":"2018-03-27T05:59:13.000Z","volume":324000,"label":" ","price":5.35},{"type":"A","date":"2018-03-27T05:59:13.000Z","volume":2000,"label":" ","price":5.35},{"type":"B","date":"2018-03-27T05:59:14.000Z","volume":74000,"label":" ","price":5.35},{"type":"B","date":"2018-03-27T06:00:20.000Z","volume":58000,"label":" ","price":5.35},{"type":"B","date":"2018-03-27T06:00:20.000Z","volume":4000,"label":" ","price":5.35},{"type":"B","date":"2018-03-27T06:00:22.000Z","volume":2000,"label":" ","price":5.34},{"type":"B","date":"2018-03-27T06:00:44.000Z","volume":20000,"label":" ","price":5.34},{"type":"B","date":"2018-03-27T06:00:44.000Z","volume":4000,"label":" ","price":5.34},{"type":"B","date":"2018-03-27T06:02:00.000Z","volume":10000,"label":"Y","price":5.34},{"type":"A","date":"2018-03-27T06:02:40.000Z","volume":2000,"label":" ","price":5.35},{"type":"A","date":"2018-03-27T06:03:04.000Z","volume":6000,"label":" ","price":5.35},{"type":"B","date":"2018-03-27T06:05:24.000Z","volume":40000,"label":" ","price":5.34},{"type":"B","date":"2018-03-27T06:05:50.000Z","volume":80000,"label":"Y","price":5.34},{"type":"B","date":"2018-03-27T06:05:50.000Z","volume":270000,"label":" ","price":5.34},{"type":"B","date":"2018-03-27T06:05:50.000Z","volume":22000,"label":" ","price":5.34},{"type":"A","date":"2018-03-27T06:05:50.000Z","volume":2000,"label":" ","price":5.34},{"type":"B","date":"2018-03-27T06:06:05.000Z","volume":2000,"label":" ","price":5.33},{"type":"B","date":"2018-03-27T06:07:10.000Z","volume":90000,"label":" ","price":5.33},{"type":"U","date":"2018-03-27T06:07:59.000Z","volume":2000,"label":"X","price":5.335},{"type":"A","date":"2018-03-27T06:08:11.000Z","volume":2000,"label":" ","price":5.34},{"type":"B","date":"2018-03-27T06:09:33.000Z","volume":2000,"label":" ","price":5.33},{"type":"A","date":"2018-03-27T06:10:02.000Z","volume":6000,"label":" ","price":5.34},{"type":"B","date":"2018-03-27T06:10:10.000Z","volume":2000,"label":" ","price":5.33},{"type":"A","date":"2018-03-27T06:10:11.000Z","volume":202000,"label":" ","price":5.34},{"type":"B","date":"2018-03-27T06:10:13.000Z","volume":44000,"label":" ","price":5.34},{"type":"B","date":"2018-03-27T06:11:53.000Z","volume":32000,"label":" ","price":5.34},{"type":"B","date":"2018-03-27T06:12:46.000Z","volume":44000,"label":" ","price":5.34},{"type":"B","date":"2018-03-27T06:12:48.000Z","volume":20000,"label":" ","price":5.34},{"type":"B","date":"2018-03-27T06:12:55.000Z","volume":10000,"label":" ","price":5.34},{"type":"B","date":"2018-03-27T06:13:43.000Z","volume":46000,"label":" ","price":5.34},{"type":"B","date":"2018-03-27T06:13:50.000Z","volume":4000,"label":" ","price":5.34},{"type":"B","date":"2018-03-27T06:14:00.000Z","volume":10000,"label":" ","price":5.34},{"type":"B","date":"2018-03-27T06:14:34.000Z","volume":34000,"label":" ","price":5.34},{"type":"B","date":"2018-03-27T06:14:55.000Z","volume":8000,"label":" ","price":5.34},{"type":"B","date":"2018-03-27T06:15:34.000Z","volume":50000,"label":" ","price":5.34},{"type":"B","date":"2018-03-27T06:15:35.000Z","volume":10000,"label":" ","price":5.34},{"type":"B","date":"2018-03-27T06:16:01.000Z","volume":6000,"label":" ","price":5.34},{"type":"B","date":"2018-03-27T06:16:05.000Z","volume":2000,"label":" ","price":5.34},{"type":"B","date":"2018-03-27T06:16:26.000Z","volume":28000,"label":" ","price":5.34},{"type":"B","date":"2018-03-27T06:16:26.000Z","volume":4000,"label":" ","price":5.34},{"type":"B","date":"2018-03-27T06:16:28.000Z","volume":2000,"label":" ","price":5.34},{"type":"B","date":"2018-03-27T06:16:35.000Z","volume":6000,"label":" ","price":5.34},{"type":"B","date":"2018-03-27T06:17:26.000Z","volume":40000,"label":" ","price":5.34},{"type":"B","date":"2018-03-27T06:17:26.000Z","volume":10000,"label":" ","price":5.34},{"type":"B","date":"2018-03-27T06:17:50.000Z","volume":32000,"label":"Y","price":5.34},{"type":"B","date":"2018-03-27T06:17:50.000Z","volume":46000,"label":" ","price":5.34},{"type":"B","date":"2018-03-27T06:17:53.000Z","volume":2000,"label":" ","price":5.34},{"type":"B","date":"2018-03-27T06:18:14.000Z","volume":2000,"label":" ","price":5.34},{"type":"B","date":"2018-03-27T06:18:18.000Z","volume":32000,"label":"Y","price":5.34},{"type":"B","date":"2018-03-27T06:18:18.000Z","volume":46000,"label":" ","price":5.34},{"type":"B","date":"2018-03-27T06:18:18.000Z","volume":42000,"label":" ","price":5.33},{"type":"B","date":"2018-03-27T06:18:18.000Z","volume":2000,"label":" ","price":5.34}