[{"type":"A","date":"2018-03-23T01:30:02.000Z","volume":2000,"label":" ","price":3.65},{"type":"A","date":"2018-03-23T01:30:02.000Z","volume":2000,"label":" ","price":3.66},{"type":"A","date":"2018-03-23T01:30:02.000Z","volume":2000,"label":" ","price":3.67},{"type":"B","date":"2018-03-23T01:31:02.000Z","volume":2000,"label":" ","price":3.67},{"type":"B","date":"2018-03-23T01:33:17.000Z","volume":4000,"label":" ","price":3.67},{"type":"B","date":"2018-03-23T01:40:44.000Z","volume":22000,"label":" ","price":3.6},{"type":"B","date":"2018-03-23T01:54:13.000Z","volume":16000,"label":" ","price":3.62},{"type":"A","date":"2018-03-23T01:55:34.000Z","volume":10000,"label":" ","price":3.62},{"type":"A","date":"2018-03-23T01:55:39.000Z","volume":4000,"label":" ","price":3.62},{"type":"A","date":"2018-03-23T01:55:49.000Z","volume":2000,"label":" ","price":3.62},{"type":"B","date":"2018-03-23T02:10:48.000Z","volume":6000,"label":" ","price":3.62},{"type":"B","date":"2018-03-23T02:16:21.000Z","volume":22000,"label":" ","price":3.6},{"type":"B","date":"2018-03-23T02:18:56.000Z","volume":2000,"label":" ","price":3.6},{"type":"B","date":"2018-03-23T02:24:42.000Z","volume":2000,"label":" ","price":3.6},{"type":"A","date":"2018-03-23T02:26:58.000Z","volume":2000,"label":" ","price":3.64},{"type":"A","date":"2018-03-23T02:30:47.000Z","volume":2000,"label":" ","price":3.64},{"type":"B","date":"2018-03-23T02:35:35.000Z","volume":2000,"label":" ","price":3.62},{"type":"B","date":"2018-03-23T02:39:48.000Z","volume":4000,"label":" ","price":3.62},{"type":"B","date":"2018-03-23T02:39:48.000Z","volume":8000,"label":" ","price":3.61},{"type":"B","date":"2018-03-23T02:43:48.000Z","volume":2000,"label":" ","price":3.61},{"type":"B","date":"2018-03-23T02:44:46.000Z","volume":10000,"label":" ","price":3.61},{"type":"B","date":"2018-03-23T02:44:48.000Z","volume":2000,"label":" ","price":3.61},{"type":"B","date":"2018-03-23T02:49:08.000Z","volume":2000,"label":" ","price":3.61},{"type":"B","date":"2018-03-23T02:53:55.000Z","volume":40000,"label":" ","price":3.61},{"type":"B","date":"2018-03-23T02:53:55.000Z","volume":102000,"label":" ","price":3.6},{"type":"A","date":"2018-03-23T02:54:01.000Z","volume":2000,"label":" ","price":3.6},{"type":"A","date":"2018-03-23T02:54:04.000Z","volume":4000,"label":" ","price":3.6},{"type":"A","date":"2018-03-23T02:54:07.000Z","volume":4000,"label":" ","price":3.6},{"type":"A","date":"2018-03-23T02:54:21.000Z","volume":2000,"label":" ","price":3.6},{"type":"A","date":"2018-03-23T02:54:27.000Z","volume":2000,"label":" ","price":3.6},{"type":"A","date":"2018-03-23T03:00:55.000Z","volume":2000,"label":" ","price":3.6},{"type":"A","date":"2018-03-23T03:01:22.000Z","volume":20000,"label":" ","price":3.6},{"type":"A","date":"2018-03-23T03:10:49.000Z","volume":4000,"label":" ","price":3.6},{"type":"A","date":"2018-03-23T03:11:01.000Z","volume":2000,"label":" ","price":3.6},{"type":"A","date":"2018-03-23T03:13:12.000Z","volume":4000,"label":" ","price":3.6},{"type":"A","date":"2018-03-23T03:21:55.000Z","volume":4000,"label":" ","price":3.6},{"type":"A","date":"2018-03-23T03:21:58.000Z","volume":2000,"label":" ","price":3.6},{"type":"B","date":"2018-03-23T03:22:00.000Z","volume":2000,"label":" ","price":3.59},{"type":"B","date":"2018-03-23T03:24:53.000Z","volume":2000,"label":" ","price":3.59},{"type":"U","date":"2018-03-23T03:29:53.000Z","volume":2000,"label":"X","price":3.59},{"type":"A","date":"2018-03-23T03:39:13.000Z","volume":4000,"label":" ","price":3.6},{"type":"A","date":"2018-03-23T03:39:24.000Z","volume":4000,"label":" ","price":3.6},{"type":"A","date":"2018-03-23T03:39:28.000Z","volume":4000,"label":" ","price":3.6},{"type":"A","date":"2018-03-23T03:55:18.000Z","volume":2000,"label":" ","price":3.59},{"type":"A","date":"2018-03-23T03:55:27.000Z","volume":2000,"label":" ","price":3.59},{"type":"A","date":"2018-03-23T03:59:02.000Z","volume":2000,"label":" ","price":3.59},{"type":"A","date":"2018-03-23T05:00:04.000Z","volume":2000,"label":" ","price":3.59},{"type":"A","date":"2018-03-23T05:10:19.000Z","volume":4000,"label":" ","price":3.59},{"type":"A","date":"2018-03-23T05:10:35.000Z","volume":2000,"label":" ","price":3.59},{"type":"A","date":"2018-03-23T05:14:27.000Z","volume":4000,"label":" ","price":3.59},{"type":"A","date":"2018-03-23T05:14:35.000Z","volume":4000,"label":" ","price":3.59},{"type":"A","date":"2018-03-23T05:24:23.000Z","volume":4000,"label":" ","price":3.59},{"type":"A","date":"2018-03-23T05:28:51.000Z","volume":2000,"label":" ","price":3.59},{"type":"A","date":"2018-03-23T05:29:16.000Z","volume":2000,"label":" ","price":3.59},{"type":"A","date":"2018-03-23T05:36:10.000Z","volume":4000,"label":" ","price":3.59},{"type":"A","date":"2018-03-23T05:48:31.000Z","volume":2000,"label":" ","price":3.59},{"type":"B","date":"2018-03-23T05:51:28.000Z","volume":6000,"label":" ","price":3.58},{"type":"B","date":"2018-03-23T05:51:28.000Z","volume":8000,"label":" ","price":3.57},{"type":"A","date":"2018-03-23T05:51:48.000Z","volume":2000,"label":" ","price":3.57},{"type":"A","date":"2018-03-23T05:51:52.000Z","volume":2000,"label":" ","price":3.57},{"type":"B","date":"2018-03-23T06:23:18.000Z","volume":14000,"label":" ","price":3.55},{"type":"U","date":"2018-03-23T06:23:18.000Z","volume":2000,"label":"X","price":3.56},{"type":"U","date":"2018-03-23T06:24:58.000Z","volume":10000,"label":" ","price":3.55},{"type":"A","date":"2018-03-23T06:25:42.000Z","volume":2000,"label":" ","price":3.54},{"type":"B","date":"2018-03-23T06:26:40.000Z","volume":10000,"label":" ","price":3.54},{"type":"B","date":"2018-03-23T06:30:02.000Z","volume":4000,"label":" ","price":3.53},{"type":"A","date":"2018-03-23T06:30:25.000Z","volume":2000,"label":" ","price":3.53},{"type":"A","date":"2018-03-23T06:30:30.000Z","volume":4000,"label":" ","price":3.53},{"type":"A","date":"2018-03-23T06:30:51.000Z","volume":2000,"label":" ","price":3.53},{"type":"A","date":"2018-03-23T06:30:55.000Z","volume":2000,"label":" ","price":3.53},{"type":"A","date":"2018-03-23T06:31:35.000Z","volume":16000,"label":" ","price":3.53},{"type":"B","date":"2018-03-23T06:31:38.000Z","volume":2000,"label":" ","price":3.53},{"type":"A","date":"2018-03-23T06:37:27.000Z","volume":4000,"label":" ","price":3.54},{"type":"A","date":"2018-03-23T06:37:31.000Z","volume":2000,"label":" ","price":3.54},{"type":"A","date":"2018-03-23T06:37:37.000Z","volume":2000,"label":" ","price":3.54},{"type":"A","date":"2018-03-23T06:37:37.000Z","volume":4000,"label":" ","price":3.54},{"type":"B","date":"2018-03-23T06:38:36.000Z","volume":10000,"label":" ","price":3.53},{"type":"B","date":"2018-03-23T06:47:49.000Z","volume":4000,"label":" ","price":3.54},{"type":"B","date":"2018-03-23T06:51:51.000Z","volume":8000,"label":" ","price":3.54},{"type":"B","date":"2018-03-23T06:53:12.000Z","volume":2000,"label":" ","price":3.54},{"type":"B","date":"2018-03-23T06:53:21.000Z","volume":4000,"label":" ","price":3.54},{"type":"B","date":"2018-03-23T06:54:51.000Z","volume":4000,"label":" ","price":3.54},{"type":"B","date":"2018-03-23T06:56:51.000Z","volume":4000,"label":" ","price":3.54},{"type":"B","date":"2018-03-23T06:59:51.000Z","volume":6000,"label":" ","price":3.56},{"type":"U","date":"2018-03-23T06:59:51.000Z","volume":2000,"label":"X","price":3.58},{"type":"B","date":"2018-03-23T07:00:52.000Z","volume":2000,"label":" ","price":3.56},{"type":"U","date":"2018-03-23T07:00:52.000Z","volume":2000,"label":"X","price":3.56},{"type":"B","date":"2018-03-23T07:10:23.000Z","volume":4000,"label":" ","price":3.54},{"type":"U","date":"2018-03-23T07:10:23.000Z","volume":2000,"label":"X","price":3.54},{"type":"B","date":"2018-03-23T07:10:53.000Z","volume":16000,"label":" ","price":3.54},{"type":"B","date":"2018-03-23T07:11:53.000Z","volume":4000,"label":" ","price":3.54},{"type":"B","date":"2018-03-23T07:12:42.000Z","volume":2000,"label":" ","price":3.54},{"type":"B","date":"2018-03-23T07:12:53.000Z","volume":4000,"label":" ","price":3.54},{"type":"B","date":"2018-03-23T07:14:23.000Z","volume":4000,"label":" ","price":3.56},{"type":"B","date":"2018-03-23T07:15:54.000Z","volume":4000,"label":" ","price":3.54},{"type":"B","date":"2018-03-23T07:15:55.000Z","volume":2000,"label":" ","price":3.54},{"type":"B","date":"2018-03-23T07:17:55.000Z","volume":4000,"label":" ","price":3.54},{"type":"B","date":"2018-03-23T07:19:25.000Z","volume":4000,"label":" ","price":3.54},{"type":"B","date":"2018-03-23T07:19:25.000Z","volume":2000,"label":" ","price":3.54},{"type":"B","date":"2018-03-23T07:20:55.000Z","volume":4000,"label":" ","price":3.56},{"type":"B","date":"2018-03-23T07:21:19.000Z","volume":2000,"label":" ","price":3.56},{"type":"B","date":"2018-03-23T07:22:25.000Z","volume":2000,"label":" ","price":3.56},{"type":"U","date":"2018-03-23T07:22:25.000Z","volume":2000,"label":"X","price":3.56},{"type":"B","date":"2018-03-23T07:23:55.000Z","volume":4000,"label":" ","price":3.56},{"type":"B","date":"2018-03-23T07:25:26.000Z","volume":4000,"label":" ","price":3.54},{"type":"B","date":"2018-03-23T07:26:26.000Z","volume":2000,"label":" ","price":3.55},{"type":"B","date":"2018-03-23T07:26:56.000Z","volume":4000,"label":" ","price":3.55},{"type":"B","date":"2018-03-23T07:28:26.000Z","volume":2000,"label":" ","price":3.56},{"type":"U","date":"2018-03-23T07:28:26.000Z","volume":2000,"label":"X","price":3.56},{"type":"A","date":"2018-03-23T07:30:24.000Z","volume":2000,"label":" ","price":3.6},{"type":"A","date":"2018-03-23T07:31:51.000Z","volume":100000,"label":" ","price":3.6},{"type":"B","date":"2018-03-23T07:32:16.000Z","volume":2000,"label":" ","price":3.56},{"type":"B","date":"2018-03-23T07:32:26.000Z","volume":12000,"label":" ","price":3.54},{"type":"B","date":"2018-03-23T07:33:26.000Z","volume":4000,"label":" ","price":3.56},{"type":"B","date":"2018-03-23T07:34:26.000Z","volume":4000,"label":" ","price":3.56},{"type":"B","date":"2018-03-23T07:35:26.000Z","volume":4000,"label":" ","price":3.56},{"type":"A","date":"2018-03-23T07:36:28.000Z","volume":2000,"label":" ","price":3.6},{"type":"U","date":"2018-03-23T07:36:35.000Z","volume":1500,"label":"D","price":3.6},{"type":"B","date":"2018-03-23T07:36:56.000Z","volume":4000,"label":" ","price":3.57},{"type":"B","date":"2018-03-23T07:37:41.000Z","volume":2000,"label":" ","price":3.57},{"type":"B","date":"2018-03-23T07:38:26.000Z","volume":4000,"label":" ","price":3.57},{"type":"B","date":"2018-03-23T07:39:56.000Z","volume":4000,"label":" ","price":3.57},{"type":"B","date":"2018-03-23T07:40:57.000Z","volume":4000,"label":" ","price":3.56},{"type":"B","date":"2018-03-23T07:40:57.000Z","volume":4000,"label":" ","price":3.56},{"type":"B","date":"2018-03-23T07:41:57.000Z","volume":4000,"label":" ","price":3.55},{"type":"B","date":"2018-03-23T07:42:57.000Z","volume":4000,"label":" ","price":3.55},{"type":"B","date":"2018-03-23T07:43:57.000Z","volume":4000,"label":" ","price":3.55},{"type":"B","date":"2018-03-23T07:44:57.000Z","volume":4000,"label":" ","price":3.55},{"type":"B","date":"2018-03-23T07:45:57.000Z","volume":4000,"label":" ","price":3.55},{"type":"B","date":"2018-03-23T07:46:00.000Z","volume":2000,"label":" ","price":3.55},{"type":"B","date":"2018-03-23T07:46:28.000Z","volume":4000,"label":" ","price":3.55},{"type":"B","date":"2018-03-23T07:46:28.000Z","volume":2000,"label":" ","price":3.55},{"type":"B","date":"2018-03-23T07:47:28.000Z","volume":4000,"label":" ","price":3.55},{"type":"B","date":"2018-03-23T07:54:05.000Z","volume":2000,"label":" ","price":3.56},{"type":"B","date":"2018-03-23T07:56:29.000Z","volume":2000,"label":" ","price":3.56},{"type":"B","date":"2018-03-23T07:56:30.000Z","volume":4000,"label":" ","price":3.54},{"type":"B","date":"2018-03-23T07:56:48.000Z","volume":2000,"label":" ","price":3.54},{"type":"B","date":"2018-03-23T07:57:00.000Z","volume":6000,"label":" ","price":3.54},{"type":"B","date":"2018-03-23T07:57:13.000Z","volume":2000,"label":" ","price":3.54},{"type":"B","date":"2018-03-23T07:57:22.000Z","volume":2000,"label":" ","price":3.54},{"type":"B","date":"2018-03-23T07:58:00.000Z","volume":6000,"label":" ","price":3.54},{"type":"B","date":"2018-03-23T07:58:31.000Z","volume":4000,"label":" ","price":3.53},{"type":"B","date":"2018-03-23T07:59:01.000Z","volume":4000,"label":" ","price":3.53},{"type":"U","date":"2018-03-23T07:59:02.000Z","volume":2000,"label":"X","price":3.56},{"type":"U","date":"2018-03-23T07:59:23.000Z","volume":2000,"label":"X","price":3.565},{"type":"B","date":"2018-03-23T07:59:30.000Z","volume":4000,"label":" ","price":3.55},{"type":"B","date":"2018-03-23T07:59:43.000Z","volume":2000,"label":" ","price":3.55},{"type":"B","date":"2018-03-23T07:59:55.000Z","volume":10000,"label":" ","price":3.55}]