[{"type":"A","date":"2018-03-20T07:58:22.000Z","volume":20000,"price":5.69,"category":"ubbull"},{"type":"A","date":"2018-03-20T07:54:21.000Z","volume":62000,"price":5.68,"category":"ubbull"},{"type":"A","date":"2018-03-20T07:54:05.000Z","volume":19000,"price":5.68,"category":"ubbull"},{"type":"A","date":"2018-03-20T07:53:07.000Z","volume":50000,"price":5.68,"category":"ubbull"},{"type":"A","date":"2018-03-20T07:52:24.000Z","volume":40000,"price":5.68,"category":"ubbull"},{"type":"A","date":"2018-03-20T07:51:06.000Z","volume":37000,"price":5.68,"category":"ubbull"},{"type":"A","date":"2018-03-20T07:46:20.000Z","volume":67000,"price":5.69,"category":"ubbull"},{"type":"A","date":"2018-03-20T07:42:42.000Z","volume":27000,"price":5.69,"category":"ubbull"},{"type":"A","date":"2018-03-20T07:33:10.000Z","volume":43000,"price":5.69,"category":"ubbull"},{"type":"A","date":"2018-03-20T07:31:53.000Z","volume":97000,"price":5.69,"category":"ubbull"},{"type":"A","date":"2018-03-20T07:31:06.000Z","volume":33000,"price":5.69,"category":"ubbull"},{"type":"A","date":"2018-03-20T07:24:36.000Z","volume":53000,"price":5.69,"category":"ubbull"},{"type":"A","date":"2018-03-20T07:22:43.000Z","volume":50000,"price":5.69,"category":"ubbull"},{"type":"A","date":"2018-03-20T07:11:17.000Z","volume":29000,"price":5.68,"category":"ubbull"},{"type":"A","date":"2018-03-20T07:08:37.000Z","volume":22000,"price":5.68,"category":"ubbull"},{"type":"A","date":"2018-03-20T07:08:28.000Z","volume":37000,"price":5.68,"category":"ubbull"},{"type":"A","date":"2018-03-20T07:07:15.000Z","volume":66000,"price":5.68,"category":"ubbull"},{"type":"A","date":"2018-03-20T06:59:59.000Z","volume":33000,"price":5.68,"category":"ubbull"},{"type":"A","date":"2018-03-20T06:54:29.000Z","volume":15000,"price":5.68,"category":"ubbull"},{"type":"A","date":"2018-03-20T06:45:37.000Z","volume":33000,"price":5.68,"category":"ubbull"},{"type":"A","date":"2018-03-20T06:43:19.000Z","volume":31000,"price":5.66,"category":"ubbull"},{"type":"A","date":"2018-03-20T06:43:19.000Z","volume":53000,"price":5.66,"category":"ubbull"},{"type":"A","date":"2018-03-20T06:39:13.000Z","volume":22000,"price":5.68,"category":"ubbull"},{"type":"A","date":"2018-03-20T06:31:49.000Z","volume":24000,"price":5.69,"category":"ubbull"},{"type":"A","date":"2018-03-20T06:31:49.000Z","volume":184000,"price":5.7,"category":"ubbull"},{"type":"A","date":"2018-03-20T06:31:49.000Z","volume":16000,"price":5.69,"category":"ubbull"},{"type":"A","date":"2018-03-20T06:30:29.000Z","volume":30000,"price":5.69,"category":"ubbull"},{"type":"A","date":"2018-03-20T06:26:22.000Z","volume":25000,"price":5.68,"category":"ubbull"},{"type":"A","date":"2018-03-20T05:49:17.000Z","volume":16000,"price":5.64,"category":"ubbull"},{"type":"A","date":"2018-03-20T05:48:18.000Z","volume":136000,"price":5.65,"category":"ubbull"},{"type":"A","date":"2018-03-20T05:48:18.000Z","volume":43000,"price":5.64,"category":"ubbull"},{"type":"A","date":"2018-03-20T05:43:13.000Z","volume":35000,"price":5.64,"category":"ubbull"},{"type":"A","date":"2018-03-20T05:36:45.000Z","volume":97000,"price":5.63,"category":"ubbull"},{"type":"A","date":"2018-03-20T05:26:26.000Z","volume":41000,"price":5.62,"category":"ubbull"},{"type":"A","date":"2018-03-20T05:21:19.000Z","volume":49000,"price":5.61,"category":"ubbull"},{"type":"A","date":"2018-03-20T05:20:21.000Z","volume":22000,"price":5.61,"category":"ubbull"},{"type":"A","date":"2018-03-20T05:13:29.000Z","volume":24000,"price":5.62,"category":"ubbull"},{"type":"A","date":"2018-03-20T05:11:21.000Z","volume":20000,"price":5.62,"category":"ubbull"},{"type":"A","date":"2018-03-20T05:10:46.000Z","volume":15000,"price":5.62,"category":"ubbull"},{"type":"A","date":"2018-03-20T05:04:12.000Z","volume":23000,"price":5.63,"category":"ubbull"},{"type":"A","date":"2018-03-20T05:03:04.000Z","volume":17000,"price":5.63,"category":"ubbull"},{"type":"A","date":"2018-03-20T05:02:10.000Z","volume":34000,"price":5.63,"category":"ubbull"},{"type":"A","date":"2018-03-20T05:00:24.000Z","volume":24000,"price":5.63,"category":"ubbull"},{"type":"A","date":"2018-03-20T05:00:06.000Z","volume":22000,"price":5.62,"category":"ubbull"},{"type":"A","date":"2018-03-20T05:00:02.000Z","volume":58000,"price":5.62,"category":"ubbull"},{"type":"A","date":"2018-03-20T05:00:00.000Z","volume":67000,"price":5.61,"category":"ubbull"},{"type":"A","date":"2018-03-20T05:00:00.000Z","volume":418000,"price":5.6,"category":"ubbull"},{"type":"A","date":"2018-03-20T05:00:00.000Z","volume":17000,"price":5.59,"category":"ubbull"},{"type":"A","date":"2018-03-20T03:32:37.000Z","volume":20000,"price":5.59,"category":"ubbull"},{"type":"A","date":"2018-03-20T03:00:19.000Z","volume":18000,"price":5.58,"category":"ubbull"},{"type":"A","date":"2018-03-20T03:00:19.000Z","volume":17000,"price":5.58,"category":"ubbull"},{"type":"A","date":"2018-03-20T03:00:18.000Z","volume":17000,"price":5.57,"category":"ubbull"},{"type":"A","date":"2018-03-20T03:00:18.000Z","volume":50000,"price":5.57,"category":"ubbull"},{"type":"A","date":"2018-03-20T03:00:18.000Z","volume":56000,"price":5.57,"category":"ubbull"},{"type":"A","date":"2018-03-20T01:54:43.000Z","volume":16000,"price":5.58,"category":"ubbull"},{"type":"A","date":"2018-03-20T07:59:34.000Z","volume":10000,"price":5.69,"category":"bbull"},{"type":"A","date":"2018-03-20T07:57:53.000Z","volume":5000,"price":5.69,"category":"bbull"},{"type":"A","date":"2018-03-20T07:57:03.000Z","volume":5000,"price":5.69,"category":"bbull"},{"type":"A","date":"2018-03-20T07:54:21.000Z","volume":13000,"price":5.68,"category":"bbull"},{"type":"A","date":"2018-03-20T07:52:08.000Z","volume":8000,"price":5.68,"category":"bbull"},{"type":"A","date":"2018-03-20T07:48:49.000Z","volume":5000,"price":5.69,"category":"bbull"},{"type":"A","date":"2018-03-20T07:48:44.000Z","volume":11000,"price":5.69,"category":"bbull"},{"type":"A","date":"2018-03-20T07:38:39.000Z","volume":6000,"price":5.7,"category":"bbull"},{"type":"A","date":"2018-03-20T07:36:29.000Z","volume":6000,"price":5.7,"category":"bbull"},{"type":"A","date":"2018-03-20T07:33:49.000Z","volume":6000,"price":5.69,"category":"bbull"},{"type":"A","date":"2018-03-20T07:33:18.000Z","volume":7000,"price":5.69,"category":"bbull"},{"type":"A","date":"2018-03-20T07:31:54.000Z","volume":9000,"price":5.69,"category":"bbull"},{"type":"A","date":"2018-03-20T07:28:42.000Z","volume":5000,"price":5.69,"category":"bbull"},{"type":"A","date":"2018-03-20T07:26:41.000Z","volume":6000,"price":5.69,"category":"bbull"},{"type":"A","date":"2018-03-20T07:25:48.000Z","volume":7000,"price":5.69,"category":"bbull"},{"type":"A","date":"2018-03-20T07:23:51.000Z","volume":6000,"price":5.69,"category":"bbull"},{"type":"A","date":"2018-03-20T07:22:43.000Z","volume":6000,"price":5.69,"category":"bbull"},{"type":"A","date":"2018-03-20T07:21:04.000Z","volume":5000,"price":5.69,"category":"bbull"},{"type":"A","date":"2018-03-20T07:18:05.000Z","volume":5000,"price":5.69,"category":"bbull"},{"type":"A","date":"2018-03-20T07:15:56.000Z","volume":6000,"price":5.69,"category":"bbull"},{"type":"A","date":"2018-03-20T07:07:15.000Z","volume":7000,"price":5.68,"category":"bbull"},{"type":"A","date":"2018-03-20T06:59:35.000Z","volume":6000,"price":5.68,"category":"bbull"},{"type":"A","date":"2018-03-20T06:55:24.000Z","volume":12000,"price":5.68,"category":"bbull"},{"type":"A","date":"2018-03-20T06:53:33.000Z","volume":12000,"price":5.68,"category":"bbull"},{"type":"A","date":"2018-03-20T06:53:17.000Z","volume":13000,"price":5.68,"category":"bbull"},{"type":"A","date":"2018-03-20T06:53:14.000Z","volume":13000,"price":5.68,"category":"bbull"},{"type":"A","date":"2018-03-20T06:43:38.000Z","volume":6000,"price":5.67,"category":"bbull"},{"type":"A","date":"2018-03-20T06:43:22.000Z","volume":7000,"price":5.67,"category":"bbull"},{"type":"A","date":"2018-03-20T06:43:19.000Z","volume":5000,"price":5.66,"category":"bbull"},{"type":"A","date":"2018-03-20T06:43:19.000Z","volume":12000,"price":5.66,"category":"bbull"},{"type":"A","date":"2018-03-20T06:35:38.000Z","volume":5000,"price":5.69,"category":"bbull"},{"type":"A","date":"2018-03-20T06:32:01.000Z","volume":7000,"price":5.69,"category":"bbull"},{"type":"A","date":"2018-03-20T06:25:24.000Z","volume":11000,"price":5.68,"category":"bbull"},{"type":"A","date":"2018-03-20T06:17:46.000Z","volume":6000,"price":5.68,"category":"bbull"},{"type":"A","date":"2018-03-20T06:10:44.000Z","volume":6000,"price":5.67,"category":"bbull"},{"type":"A","date":"2018-03-20T06:01:15.000Z","volume":6000,"price":5.65,"category":"bbull"},{"type":"A","date":"2018-03-20T05:56:12.000Z","volume":5000,"price":5.65,"category":"bbull"},{"type":"A","date":"2018-03-20T05:48:21.000Z","volume":5000,"price":5.64,"category":"bbull"},{"type":"A","date":"2018-03-20T05:48:19.000Z","volume":8000,"price":5.64,"category":"bbull"},{"type":"A","date":"2018-03-20T05:44:15.000Z","volume":10000,"price":5.64,"category":"bbull"},{"type":"A","date":"2018-03-20T05:43:44.000Z","volume":8000,"price":5.64,"category":"bbull"},{"type":"A","date":"2018-03-20T05:36:47.000Z","volume":13000,"price":5.64,"category":"bbull"},{"type":"A","date":"2018-03-20T05:36:45.000Z","volume":11000,"price":5.64,"category":"bbull"},{"type":"A","date":"2018-03-20T05:26:27.000Z","volume":5000,"price":5.62,"category":"bbull"},{"type":"A","date":"2018-03-20T05:21:19.000Z","volume":6000,"price":5.61,"category":"bbull"},{"type":"A","date":"2018-03-20T05:10:17.000Z","volume":13000,"price":5.62,"category":"bbull"},{"type":"A","date":"2018-03-20T05:10:17.000Z","volume":8000,"price":5.62,"category":"bbull"},{"type":"A","date":"2018-03-20T05:00:24.000Z","volume":5000,"price":5.63,"category":"bbull"},{"type":"A","date":"2018-03-20T05:00:07.000Z","volume":7000,"price":5.62,"category":"bbull"},{"type":"A","date":"2018-03-20T05:00:02.000Z","volume":7000,"price":5.62,"category":"bbull"},{"type":"A","date":"2018-03-20T05:00:01.000Z","volume":7000,"price":5.61,"category":"bbull"},{"type":"A","date":"2018-03-20T03:34:45.000Z","volume":6000,"price":5.59,"category":"bbull"},{"type":"A","date":"2018-03-20T03:22:23.000Z","volume":6000,"price":5.58,"category":"bbull"},{"type":"A","date":"2018-03-20T03:00:28.000Z","volume":5000,"price":5.59,"category":"bbull"},{"type":"A","date":"2018-03-20T03:00:18.000Z","volume":12000,"price":5.57,"category":"bbull"},{"type":"A","date":"2018-03-20T02:50:57.000Z","volume":5000,"price":5.57,"category":"bbull"},{"type":"A","date":"2018-03-20T02:10:46.000Z","volume":10000,"price":5.58,"category":"bbull"},{"type":"A","date":"2018-03-20T02:07:32.000Z","volume":10000,"price":5.58,"category":"bbull"},{"type":"A","date":"2018-03-20T01:54:43.000Z","volume":9000,"price":5.58,"category":"bbull"},{"type":"A","date":"2018-03-20T01:43:25.000Z","volume":6000,"price":5.56,"category":"bbull"},{"type":"A","date":"2018-03-20T07:59:51.000Z","volume":1000,"price":5.69,"category":"rbull"},{"type":"A","date":"2018-03-20T07:59:38.000Z","volume":1000,"price":5.69,"category":"rbull"},{"type":"A","date":"2018-03-20T07:59:26.000Z","volume":1000,"price":5.69,"category":"rbull"},{"type":"A","date":"2018-03-20T07:59:01.000Z","volume":1000,"price":5.69,"category":"rbull"},{"type":"A","date":"2018-03-20T07:58:52.000Z","volume":1000,"price":5.69,"category":"rbull"},{"type":"A","date":"2018-03-20T07:58:43.000Z","volume":1000,"price":5.69,"category":"rbull"},{"type":"A","date":"2018-03-20T07:58:42.000Z","volume":1000,"price":5.69,"category":"rbull"},{"type":"A","date":"2018-03-20T07:58:02.000Z","volume":1000,"price":5.69,"category":"rbull"},{"type":"A","date":"2018-03-20T07:57:51.000Z","volume":1000,"price":5.69,"category":"rbull"},{"type":"A","date":"2018-03-20T07:56:57.000Z","volume":1000,"price":5.69,"category":"rbull"},{"type":"A","date":"2018-03-20T07:55:37.000Z","volume":1000,"price":5.69,"category":"rbull"},{"type":"A","date":"2018-03-20T07:48:54.000Z","volume":1000,"price":5.69,"category":"rbull"},{"type":"A","date":"2018-03-20T07:48:45.000Z","volume":1000,"price":5.69,"category":"rbull"},{"type":"A","date":"2018-03-20T07:46:55.000Z","volume":1000,"price":5.69,"category":"rbull"},{"type":"A","date":"2018-03-20T07:43:52.000Z","volume":1000,"price":5.69,"category":"rbull"},{"type":"A","date":"2018-03-20T07:42:14.000Z","volume":1000,"price":5.69,"category":"rbull"},{"type":"A","date":"2018-03-20T07:33:51.000Z","volume":1000,"price":5.69,"category":"rbull"},{"type":"A","date":"2018-03-20T07:30:44.000Z","volume":1000,"price":5.69,"category":"rbull"},{"type":"A","date":"2018-03-20T07:28:47.000Z","volume":1000,"price":5.69,"category":"rbull"},{"type":"A","date":"2018-03-20T07:25:29.000Z","volume":1000,"price":5.69,"category":"rbull"},{"type":"A","date":"2018-03-20T07:25:27.000Z","volume":1000,"price":5.69,"category":"rbull"},{"type":"A","date":"2018-03-20T07:24:36.000Z","volume":1000,"price":5.69,"category":"rbull"},{"type":"A","date":"2018-03-20T07:21:10.000Z","volume":1000,"price":5.69,"category":"rbull"},{"type":"A","date":"2018-03-20T07:13:48.000Z","volume":1000,"price":5.69,"category":"rbull"},{"type":"A","date":"2018-03-20T07:10:56.000Z","volume":1000,"price":5.68,"category":"rbull"},{"type":"A","date":"2018-03-20T07:10:56.000Z","volume":1000,"price":5.68,"category":"rbull"},{"type":"A","date":"2018-03-20T07:07:15.000Z","volume":1000,"price":5.68,"category":"rbull"},{"type":"A","date":"2018-03-20T07:05:33.000Z","volume":1000,"price":5.68,"category":"rbull"},{"type":"A","date":"2018-03-20T07:03:21.000Z","volume":1000,"price":5.68,"category":"rbull"},{"type":"A","date":"2018-03-20T06:59:46.000Z","volume":1000,"price":5.68,"category":"rbull"},{"type":"A","date":"2018-03-20T06:59:18.000Z","volume":1000,"price":5.68,"category":"rbull"},{"type":"A","date":"2018-03-20T06:57:17.000Z","volume":1000,"price":5.69,"category":"rbull"},{"type":"A","date":"2018-03-20T06:56:42.000Z","volume":1000,"price":5.69,"category":"rbull"},{"type":"A","date":"2018-03-20T06:55:25.000Z","volume":1000,"price":5.69,"category":"rbull"},{"type":"A","date":"2018-03-20T06:55:24.000Z","volume":1000,"price":5.68,"category":"rbull"},{"type":"A","date":"2018-03-20T06:55:20.000Z","volume":1000,"price":5.68,"category":"rbull"},{"type":"A","date":"2018-03-20T06:54:46.000Z","volume":1000,"price":5.68,"category":"rbull"},{"type":"A","date":"2018-03-20T06:54:30.000Z","volume":1000,"price":5.68,"category":"rbull"},{"type":"A","date":"2018-03-20T06:54:29.000Z","volume":1000,"price":5.68,"category":"rbull"},{"type":"A","date":"2018-03-20T06:53:58.000Z","volume":1000,"price":5.68,"category":"rbull"},{"type":"A","date":"2018-03-20T06:53:44.000Z","volume":1000,"price":5.68,"category":"rbull"},{"type":"A","date":"2018-03-20T06:53:43.000Z","volume":1000,"price":5.68,"category":"rbull"},{"type":"A","date":"2018-03-20T06:53:34.000Z","volume":1000,"price":5.68,"category":"rbull"},{"type":"A","date":"2018-03-20T06:53:23.000Z","volume":1000,"price":5.68,"category":"rbull"},{"type":"A","date":"2018-03-20T06:53:19.000Z","volume":1000,"price":5.68,"category":"rbull"},{"type":"A","date":"2018-03-20T06:53:15.000Z","volume":1000,"price":5.68,"category":"rbull"},{"type":"A","date":"2018-03-20T06:52:53.000Z","volume":1000,"price":5.68,"category":"rbull"},{"type":"A","date":"2018-03-20T06:52:18.000Z","volume":1000,"price":5.68,"category":"rbull"},{"type":"A","date":"2018-03-20T06:51:43.000Z","volume":1000,"price":5.68,"category":"rbull"},{"type":"A","date":"2018-03-20T06:51:08.000Z","volume":1000,"price":5.68,"category":"rbull"},{"type":"A","date":"2018-03-20T06:51:01.000Z","volume":1000,"price":5.68,"category":"rbull"},{"type":"A","date":"2018-03-20T06:50:33.000Z","volume":1000,"price":5.68,"category":"rbull"},{"type":"A","date":"2018-03-20T06:49:58.000Z","volume":1000,"price":5.68,"category":"rbull"},{"type":"A","date":"2018-03-20T06:49:19.000Z","volume":1000,"price":5.68,"category":"rbull"},{"type":"A","date":"2018-03-20T06:48:46.000Z","volume":1000,"price":5.68,"category":"rbull"},{"type":"A","date":"2018-03-20T06:48:44.000Z","volume":1000,"price":5.68,"category":"rbull"},{"type":"A","date":"2018-03-20T06:48:08.000Z","volume":1000,"price":5.68,"category":"rbull"},{"type":"A","date":"2018-03-20T06:47:20.000Z","volume":1000,"price":5.68,"category":"rbull"},{"type":"A","date":"2018-03-20T06:46:23.000Z","volume":1000,"price":5.68,"category":"rbull"},{"type":"A","date":"2018-03-20T06:45:48.000Z","volume":1000,"price":5.68,"category":"rbull"},{"type":"A","date":"2018-03-20T06:45:47.000Z","volume":1000,"price":5.68,"category":"rbull"},{"type":"A","date":"2018-03-20T06:45:10.000Z","volume":1000,"price":5.68,"category":"rbull"},{"type":"A","date":"2018-03-20T06:44:37.000Z","volume":1000,"price":5.68,"category":"rbull"},{"type":"A","date":"2018-03-20T06:44:36.000Z","volume":1000,"price":5.68,"category":"rbull"},{"type":"A","date":"2018-03-20T06:44:03.000Z","volume":1000,"price":5.67,"category":"rbull"},{"type":"A","date":"2018-03-20T06:44:02.000Z","volume":1000,"price":5.67,"category":"rbull"},{"type":"A","date":"2018-03-20T06:43:46.000Z","volume":1000,"price":5.67,"category":"rbull"},{"type":"A","date":"2018-03-20T06:43:38.000Z","volume":1000,"price":5.67,"category":"rbull"},{"type":"A","date":"2018-03-20T06:43:21.000Z","volume":1000,"price":5.66,"category":"rbull"},{"type":"A","date":"2018-03-20T06:40:13.000Z","volume":1000,"price":5.67,"category":"rbull"},{"type":"A","date":"2018-03-20T06:39:53.000Z","volume":1000,"price":5.68,"category":"rbull"},{"type":"A","date":"2018-03-20T06:39:14.000Z","volume":1000,"price":5.68,"category":"rbull"},{"type":"A","date":"2018-03-20T06:39:14.000Z","volume":1000,"price":5.68,"category":"rbull"},{"type":"A","date":"2018-03-20T06:38:43.000Z","volume":1000,"price":5.68,"category":"rbull"},{"type":"A","date":"2018-03-20T06:35:43.000Z","volume":1000,"price":5.69,"category":"rbull"},{"type":"A","date":"2018-03-20T06:35:40.000Z","volume":1000,"price":5.69,"category":"rbull"},{"type":"A","date":"2018-03-20T06:35:17.000Z","volume":1000,"price":5.69,"category":"rbull"},{"type":"A","date":"2018-03-20T06:35:08.000Z","volume":1000,"price":5.69,"category":"rbull"},{"type":"A","date":"2018-03-20T06:34:31.000Z","volume":1000,"price":5.69,"category":"rbull"},{"type":"A","date":"2018-03-20T06:33:58.000Z","volume":1000,"price":5.69,"category":"rbull"},{"type":"A","date":"2018-03-20T06:33:48.000Z","volume":1000,"price":5.69,"category":"rbull"},{"type":"A","date":"2018-03-20T06:33:23.000Z","volume":1000,"price":5.69,"category":"rbull"},{"type":"A","date":"2018-03-20T06:32:44.000Z","volume":1000,"price":5.69,"category":"rbull"},{"type":"A","date":"2018-03-20T06:32:07.000Z","volume":1000,"price":5.69,"category":"rbull"},{"type":"A","date":"2018-03-20T06:32:04.000Z","volume":1000,"price":5.69,"category":"rbull"},{"type":"A","date":"2018-03-20T06:31:51.000Z","volume":1000,"price":5.69,"category":"rbull"},{"type":"A","date":"2018-03-20T06:31:33.000Z","volume":1000,"price":5.69,"category":"rbull"},{"type":"A","date":"2018-03-20T06:31:17.000Z","volume":1000,"price":5.69,"category":"rbull"},{"type":"A","date":"2018-03-20T06:31:00.000Z","volume":1000,"price":5.69,"category":"rbull"},{"type":"A","date":"2018-03-20T06:30:58.000Z","volume":1000,"price":5.69,"category":"rbull"},{"type":"A","date":"2018-03-20T06:30:30.000Z","volume":1000,"price":5.69,"category":"rbull"},{"type":"A","date":"2018-03-20T06:30:20.000Z","volume":1000,"price":5.69,"category":"rbull"},{"type":"A","date":"2018-03-20T06:29:48.000Z","volume":1000,"price":5.69,"category":"rbull"},{"type":"A","date":"2018-03-20T06:29:13.000Z","volume":1000,"price":5.69,"category":"rbull"},{"type":"A","date":"2018-03-20T06:28:34.000Z","volume":1000,"price":5.69,"category":"rbull"},{"type":"A","date":"2018-03-20T06:28:02.000Z","volume":1000,"price":5.69,"category":"rbull"},{"type":"A","date":"2018-03-20T06:27:23.000Z","volume":1000,"price":5.69,"category":"rbull"},{"type":"A","date":"2018-03-20T06:25:24.000Z","volume":1000,"price":5.68,"category":"rbull"},{"type":"A","date":"2018-03-20T06:25:24.000Z","volume":1000,"price":5.68,"category":"rbull"},{"type":"A","date":"2018-03-20T06:23:30.000Z","volume":1000,"price":5.69,"category":"rbull"},{"type":"A","date":"2018-03-20T06:23:23.000Z","volume":1000,"price":5.69,"category":"rbull"},{"type":"A","date":"2018-03-20T06:23:17.000Z","volume":1000,"price":5.69,"category":"rbull"},{"type":"A","date":"2018-03-20T06:22:41.000Z","volume":1000,"price":5.69,"category":"rbull"},{"type":"A","date":"2018-03-20T06:22:41.000Z","volume":1000,"price":5.68,"category":"rbull"},{"type":"A","date":"2018-03-20T06:22:41.000Z","volume":1000,"price":5.68,"category":"rbull"},{"type":"A","date":"2018-03-20T06:22:02.000Z","volume":1000,"price":5.68,"category":"rbull"},{"type":"A","date":"2018-03-20T06:21:30.000Z","volume":1000,"price":5.68,"category":"rbull"},{"type":"A","date":"2018-03-20T06:21:27.000Z","volume":1000,"price":5.68,"category":"rbull"},{"type":"A","date":"2018-03-20T06:20:52.000Z","volume":1000,"price":5.68,"category":"rbull"},{"type":"A","date":"2018-03-20T06:20:32.000Z","volume":1000,"price":5.68,"category":"rbull"},{"type":"A","date":"2018-03-20T06:20:17.000Z","volume":1000,"price":5.68,"category":"rbull"},{"type":"A","date":"2018-03-20T06:19:42.000Z","volume":1000,"price":5.68,"category":"rbull"},{"type":"A","date":"2018-03-20T06:19:07.000Z","volume":1000,"price":5.68,"category":"rbull"},{"type":"A","date":"2018-03-20T06:18:46.000Z","volume":1000,"price":5.68,"category":"rbull"},{"type":"A","date":"2018-03-20T06:18:42.000Z","volume":1000,"price":5.68,"category":"rbull"},{"type":"A","date":"2018-03-20T06:18:33.000Z","volume":1000,"price":5.68,"category":"rbull"},{"type":"A","date":"2018-03-20T06:18:05.000Z","volume":1000,"price":5.68,"category":"rbull"},{"type":"A","date":"2018-03-20T06:17:59.000Z","volume":1000,"price":5.68,"category":"rbull"},{"type":"A","date":"2018-03-20T06:17:57.000Z","volume":1000,"price":5.68,"category":"rbull"},{"type":"A","date":"2018-03-20T06:17:17.000Z","volume":1000,"price":5.68,"category":"rbull"},{"type":"A","date":"2018-03-20T06:16:44.000Z","volume":1000,"price":5.68,"category":"rbull"},{"type":"A","date":"2018-03-20T06:16:42.000Z","volume":1000,"price":5.68,"category":"rbull"},{"type":"A","date":"2018-03-20T06:16:07.000Z","volume":1000,"price":5.68,"category":"rbull"},{"type":"A","date":"2018-03-20T06:15:41.000Z","volume":1000,"price":5.68,"category":"rbull"},{"type":"A","date":"2018-03-20T06:15:32.000Z","volume":1000,"price":5.68,"category":"rbull"},{"type":"A","date":"2018-03-20T06:14:57.000Z","volume":1000,"price":5.68,"category":"rbull"},{"type":"A","date":"2018-03-20T06:14:22.000Z","volume":1000,"price":5.68,"category":"rbull"},{"type":"A","date":"2018-03-20T06:13:48.000Z","volume":1000,"price":5.68,"category":"rbull"},{"type":"A","date":"2018-03-20T06:13:47.000Z","volume":1000,"price":5.68,"category":"rbull"},{"type":"A","date":"2018-03-20T06:13:12.000Z","volume":1000,"price":5.68,"category":"rbull"},{"type":"A","date":"2018-03-20T06:12:34.000Z","volume":1000,"price":5.68,"category":"rbull"},{"type":"A","date":"2018-03-20T06:11:57.000Z","volume":1000,"price":5.68,"category":"rbull"},{"type":"A","date":"2018-03-20T06:11:22.000Z","volume":1000,"price":5.68,"category":"rbull"},{"type":"A","date":"2018-03-20T06:10:45.000Z","volume":1000,"price":5.68,"category":"rbull"},{"type":"A","date":"2018-03-20T06:10:16.000Z","volume":1000,"price":5.67,"category":"rbull"},{"type":"A","date":"2018-03-20T06:10:14.000Z","volume":1000,"price":5.67,"category":"rbull"},{"type":"A","date":"2018-03-20T06:08:09.000Z","volume":1000,"price":5.67,"category":"rbull"},{"type":"A","date":"2018-03-20T06:07:12.000Z","volume":1000,"price":5.67,"category":"rbull"},{"type":"A","date":"2018-03-20T06:03:52.000Z","volume":1000,"price":5.66,"category":"rbull"},{"type":"A","date":"2018-03-20T06:03:52.000Z","volume":1000,"price":5.66,"category":"rbull"},{"type":"A","date":"2018-03-20T06:01:17.000Z","volume":1000,"price":5.66,"category":"rbull"},{"type":"A","date":"2018-03-20T06:01:15.000Z","volume":1000,"price":5.65,"category":"rbull"},{"type":"A","date":"2018-03-20T06:01:10.000Z","volume":1000,"price":5.65,"category":"rbull"},{"type":"A","date":"2018-03-20T05:58:45.000Z","volume":1000,"price":5.65,"category":"rbull"},{"type":"A","date":"2018-03-20T05:57:04.000Z","volume":1000,"price":5.65,"category":"rbull"},{"type":"A","date":"2018-03-20T05:56:43.000Z","volume":1000,"price":5.65,"category":"rbull"},{"type":"A","date":"2018-03-20T05:49:20.000Z","volume":1000,"price":5.65,"category":"rbull"},{"type":"A","date":"2018-03-20T05:49:17.000Z","volume":1000,"price":5.65,"category":"rbull"},{"type":"A","date":"2018-03-20T05:49:17.000Z","volume":1000,"price":5.64,"category":"rbull"},{"type":"A","date":"2018-03-20T05:46:40.000Z","volume":1000,"price":5.65,"category":"rbull"},{"type":"A","date":"2018-03-20T05:45:13.000Z","volume":1000,"price":5.65,"category":"rbull"},{"type":"A","date":"2018-03-20T05:45:05.000Z","volume":1000,"price":5.65,"category":"rbull"},{"type":"A","date":"2018-03-20T05:44:16.000Z","volume":1000,"price":5.64,"category":"rbull"},{"type":"A","date":"2018-03-20T05:43:53.000Z","volume":1000,"price":5.64,"category":"rbull"},{"type":"A","date":"2018-03-20T05:43:45.000Z","volume":1000,"price":5.64,"category":"rbull"},{"type":"A","date":"2018-03-20T05:36:52.000Z","volume":1000,"price":5.64,"category":"rbull"},{"type":"A","date":"2018-03-20T05:25:58.000Z","volume":1000,"price":5.62,"category":"rbull"},{"type":"A","date":"2018-03-20T05:10:46.000Z","volume":1000,"price":5.62,"category":"rbull"},{"type":"A","date":"2018-03-20T05:10:17.000Z","volume":1000,"price":5.62,"category":"rbull"},{"type":"A","date":"2018-03-20T05:08:25.000Z","volume":1000,"price":5.63,"category":"rbull"},{"type":"A","date":"2018-03-20T05:02:33.000Z","volume":1000,"price":5.63,"category":"rbull"},{"type":"A","date":"2018-03-20T05:00:34.000Z","volume":1000,"price":5.63,"category":"rbull"},{"type":"A","date":"2018-03-20T05:00:17.000Z","volume":1000,"price":5.63,"category":"rbull"},{"type":"A","date":"2018-03-20T05:00:06.000Z","volume":1000,"price":5.62,"category":"rbull"},{"type":"A","date":"2018-03-20T05:00:03.000Z","volume":1000,"price":5.62,"category":"rbull"},{"type":"A","date":"2018-03-20T05:00:02.000Z","volume":1000,"price":5.62,"category":"rbull"},{"type":"A","date":"2018-03-20T05:00:02.000Z","volume":1000,"price":5.62,"category":"rbull"},{"type":"A","date":"2018-03-20T05:00:02.000Z","volume":1000,"price":5.62,"category":"rbull"},{"type":"A","date":"2018-03-20T05:00:02.000Z","volume":1000,"price":5.62,"category":"rbull"},{"type":"A","date":"2018-03-20T05:00:01.000Z","volume":1000,"price":5.61,"category":"rbull"},{"type":"A","date":"2018-03-20T05:00:01.000Z","volume":1000,"price":5.61,"category":"rbull"},{"type":"A","date":"2018-03-20T05:00:01.000Z","volume":1000,"price":5.61,"category":"rbull"},{"type":"A","date":"2018-03-20T05:00:01.000Z","volume":1000,"price":5.61,"category":"rbull"},{"type":"A","date":"2018-03-20T05:00:01.000Z","volume":1000,"price":5.61,"category":"rbull"},{"type":"A","date":"2018-03-20T03:59:01.000Z","volume":1000,"price":5.59,"category":"rbull"},{"type":"A","date":"2018-03-20T03:55:07.000Z","volume":1000,"price":5.59,"category":"rbull"},{"type":"A","date":"2018-03-20T03:50:56.000Z","volume":1000,"price":5.59,"category":"rbull"},{"type":"A","date":"2018-03-20T03:50:46.000Z","volume":1000,"price":5.59,"category":"rbull"},{"type":"A","date":"2018-03-20T03:48:15.000Z","volume":1000,"price":5.59,"category":"rbull"},{"type":"A","date":"2018-03-20T03:48:14.000Z","volume":1000,"price":5.59,"category":"rbull"},{"type":"A","date":"2018-03-20T03:47:02.000Z","volume":1000,"price":5.59,"category":"rbull"},{"type":"A","date":"2018-03-20T03:44:14.000Z","volume":1000,"price":5.59,"category":"rbull"},{"type":"A","date":"2018-03-20T03:42:22.000Z","volume":1000,"price":5.59,"category":"rbull"},{"type":"A","date":"2018-03-20T03:40:35.000Z","volume":1000,"price":5.59,"category":"rbull"},{"type":"A","date":"2018-03-20T03:40:34.000Z","volume":1000,"price":5.59,"category":"rbull"},{"type":"A","date":"2018-03-20T03:40:10.000Z","volume":1000,"price":5.59,"category":"rbull"},{"type":"A","date":"2018-03-20T03:39:30.000Z","volume":1000,"price":5.59,"category":"rbull"},{"type":"A","date":"2018-03-20T03:38:44.000Z","volume":1000,"price":5.59,"category":"rbull"},{"type":"A","date":"2018-03-20T03:36:01.000Z","volume":1000,"price":5.59,"category":"rbull"},{"type":"A","date":"2018-03-20T03:36:01.000Z","volume":1000,"price":5.59,"category":"rbull"},{"type":"A","date":"2018-03-20T03:34:46.000Z","volume":1000,"price":5.59,"category":"rbull"},{"type":"A","date":"2018-03-20T03:32:41.000Z","volume":1000,"price":5.59,"category":"rbull"},{"type":"A","date":"2018-03-20T03:32:39.000Z","volume":1000,"price":5.59,"category":"rbull"},{"type":"A","date":"2018-03-20T03:32:09.000Z","volume":1000,"price":5.59,"category":"rbull"},{"type":"A","date":"2018-03-20T03:22:56.000Z","volume":1000,"price":5.59,"category":"rbull"},{"type":"A","date":"2018-03-20T03:22:25.000Z","volume":1000,"price":5.59,"category":"rbull"},{"type":"A","date":"2018-03-20T03:22:23.000Z","volume":1000,"price":5.58,"category":"rbull"},{"type":"A","date":"2018-03-20T03:17:36.000Z","volume":1000,"price":5.59,"category":"rbull"},{"type":"A","date":"2018-03-20T03:17:36.000Z","volume":1000,"price":5.59,"category":"rbull"},{"type":"A","date":"2018-03-20T03:00:09.000Z","volume":1000,"price":5.57,"category":"rbull"},{"type":"A","date":"2018-03-20T02:51:07.000Z","volume":1000,"price":5.57,"category":"rbull"},{"type":"A","date":"2018-03-20T02:50:57.000Z","volume":1000,"price":5.57,"category":"rbull"},{"type":"A","date":"2018-03-20T02:50:56.000Z","volume":1000,"price":5.58,"category":"rbull"},{"type":"A","date":"2018-03-20T02:47:45.000Z","volume":1000,"price":5.58,"category":"rbull"},{"type":"A","date":"2018-03-20T02:45:13.000Z","volume":1000,"price":5.58,"category":"rbull"},{"type":"A","date":"2018-03-20T02:44:05.000Z","volume":1000,"price":5.58,"category":"rbull"},{"type":"A","date":"2018-03-20T02:32:57.000Z","volume":1000,"price":5.58,"category":"rbull"},{"type":"A","date":"2018-03-20T02:22:36.000Z","volume":1000,"price":5.58,"category":"rbull"},{"type":"A","date":"2018-03-20T02:15:25.000Z","volume":1000,"price":5.58,"category":"rbull"},{"type":"A","date":"2018-03-20T02:12:01.000Z","volume":1000,"price":5.58,"category":"rbull"},{"type":"A","date":"2018-03-20T02:07:54.000Z","volume":1000,"price":5.58,"category":"rbull"},{"type":"A","date":"2018-03-20T01:45:22.000Z","volume":1000,"price":5.58,"category":"rbull"},{"type":"A","date":"2018-03-20T01:43:25.000Z","volume":1000,"price":5.56,"category":"rbull"},{"type":"B","date":"2018-03-20T07:59:32.000Z","volume":1000,"price":5.68,"category":"rbear"},{"type":"B","date":"2018-03-20T07:59:04.000Z","volume":1000,"price":5.68,"category":"rbear"},{"type":"B","date":"2018-03-20T07:57:56.000Z","volume":1000,"price":5.68,"category":"rbear"},{"type":"B","date":"2018-03-20T07:57:02.000Z","volume":1000,"price":5.68,"category":"rbear"},{"type":"B","date":"2018-03-20T07:56:24.000Z","volume":1000,"price":5.68,"category":"rbear"},{"type":"B","date":"2018-03-20T07:56:24.000Z","volume":1000,"price":5.68,"category":"rbear"},{"type":"B","date":"2018-03-20T07:55:54.000Z","volume":1000,"price":5.68,"category":"rbear"},{"type":"B","date":"2018-03-20T07:52:20.000Z","volume":1000,"price":5.67,"category":"rbear"},{"type":"B","date":"2018-03-20T07:52:20.000Z","volume":1000,"price":5.67,"category":"rbear"},{"type":"B","date":"2018-03-20T07:50:49.000Z","volume":1000,"price":5.67,"category":"rbear"},{"type":"B","date":"2018-03-20T07:48:44.000Z","volume":1000,"price":5.68,"category":"rbear"},{"type":"B","date":"2018-03-20T07:47:32.000Z","volume":1000,"price":5.68,"category":"rbear"},{"type":"B","date":"2018-03-20T07:47:32.000Z","volume":1000,"price":5.68,"category":"rbear"},{"type":"B","date":"2018-03-20T07:39:03.000Z","volume":1000,"price":5.69,"category":"rbear"},{"type":"B","date":"2018-03-20T07:36:32.000Z","volume":1000,"price":5.69,"category":"rbear"},{"type":"B","date":"2018-03-20T07:36:32.000Z","volume":1000,"price":5.69,"category":"rbear"},{"type":"B","date":"2018-03-20T07:10:47.000Z","volume":1000,"price":5.68,"category":"rbear"},{"type":"B","date":"2018-03-20T07:10:36.000Z","volume":1000,"price":5.68,"category":"rbear"},{"type":"B","date":"2018-03-20T07:10:32.000Z","volume":1000,"price":5.68,"category":"rbear"},{"type":"B","date":"2018-03-20T07:02:16.000Z","volume":1000,"price":5.68,"category":"rbear"},{"type":"B","date":"2018-03-20T06:59:01.000Z","volume":1000,"price":5.67,"category":"rbear"},{"type":"B","date":"2018-03-20T06:58:55.000Z","volume":1000,"price":5.68,"category":"rbear"},{"type":"B","date":"2018-03-20T06:57:18.000Z","volume":1000,"price":5.68,"category":"rbear"},{"type":"B","date":"2018-03-20T06:57:16.000Z","volume":1000,"price":5.68,"category":"rbear"},{"type":"B","date":"2018-03-20T06:57:03.000Z","volume":1000,"price":5.68,"category":"rbear"},{"type":"B","date":"2018-03-20T06:55:25.000Z","volume":1000,"price":5.68,"category":"rbear"},{"type":"B","date":"2018-03-20T06:55:19.000Z","volume":1000,"price":5.67,"category":"rbear"},{"type":"B","date":"2018-03-20T06:54:57.000Z","volume":1000,"price":5.67,"category":"rbear"},{"type":"B","date":"2018-03-20T06:53:45.000Z","volume":1000,"price":5.67,"category":"rbear"},{"type":"B","date":"2018-03-20T06:53:34.000Z","volume":1000,"price":5.67,"category":"rbear"},{"type":"B","date":"2018-03-20T06:52:50.000Z","volume":1000,"price":5.67,"category":"rbear"},{"type":"B","date":"2018-03-20T06:52:48.000Z","volume":1000,"price":5.67,"category":"rbear"},{"type":"B","date":"2018-03-20T06:51:47.000Z","volume":1000,"price":5.67,"category":"rbear"},{"type":"B","date":"2018-03-20T06:50:43.000Z","volume":1000,"price":5.67,"category":"rbear"},{"type":"B","date":"2018-03-20T06:49:44.000Z","volume":1000,"price":5.67,"category":"rbear"},{"type":"B","date":"2018-03-20T06:48:33.000Z","volume":1000,"price":5.67,"category":"rbear"},{"type":"B","date":"2018-03-20T06:47:37.000Z","volume":1000,"price":5.67,"category":"rbear"},{"type":"B","date":"2018-03-20T06:44:04.000Z","volume":1000,"price":5.66,"category":"rbear"},{"type":"B","date":"2018-03-20T06:42:19.000Z","volume":1000,"price":5.65,"category":"rbear"},{"type":"B","date":"2018-03-20T06:42:17.000Z","volume":1000,"price":5.65,"category":"rbear"},{"type":"B","date":"2018-03-20T06:37:47.000Z","volume":1000,"price":5.67,"category":"rbear"},{"type":"B","date":"2018-03-20T06:29:13.000Z","volume":1000,"price":5.68,"category":"rbear"},{"type":"B","date":"2018-03-20T06:27:24.000Z","volume":1000,"price":5.68,"category":"rbear"},{"type":"B","date":"2018-03-20T06:26:25.000Z","volume":1000,"price":5.68,"category":"rbear"},{"type":"B","date":"2018-03-20T06:26:23.000Z","volume":1000,"price":5.68,"category":"rbear"},{"type":"B","date":"2018-03-20T06:24:44.000Z","volume":1000,"price":5.68,"category":"rbear"},{"type":"B","date":"2018-03-20T06:24:44.000Z","volume":1000,"price":5.68,"category":"rbear"},{"type":"B","date":"2018-03-20T06:20:32.000Z","volume":1000,"price":5.67,"category":"rbear"},{"type":"B","date":"2018-03-20T06:20:30.000Z","volume":1000,"price":5.67,"category":"rbear"},{"type":"B","date":"2018-03-20T06:19:42.000Z","volume":1000,"price":5.67,"category":"rbear"},{"type":"B","date":"2018-03-20T06:19:13.000Z","volume":1000,"price":5.67,"category":"rbear"},{"type":"B","date":"2018-03-20T06:19:11.000Z","volume":1000,"price":5.67,"category":"rbear"},{"type":"B","date":"2018-03-20T06:18:42.000Z","volume":1000,"price":5.67,"category":"rbear"},{"type":"B","date":"2018-03-20T06:18:33.000Z","volume":1000,"price":5.67,"category":"rbear"},{"type":"B","date":"2018-03-20T06:18:18.000Z","volume":1000,"price":5.67,"category":"rbear"},{"type":"B","date":"2018-03-20T06:13:47.000Z","volume":1000,"price":5.67,"category":"rbear"},{"type":"B","date":"2018-03-20T06:12:35.000Z","volume":1000,"price":5.67,"category":"rbear"},{"type":"B","date":"2018-03-20T06:08:09.000Z","volume":1000,"price":5.66,"category":"rbear"},{"type":"B","date":"2018-03-20T06:07:18.000Z","volume":1000,"price":5.66,"category":"rbear"},{"type":"B","date":"2018-03-20T06:07:13.000Z","volume":1000,"price":5.66,"category":"rbear"},{"type":"B","date":"2018-03-20T06:07:11.000Z","volume":1000,"price":5.66,"category":"rbear"},{"type":"B","date":"2018-03-20T05:56:41.000Z","volume":1000,"price":5.64,"category":"rbear"},{"type":"B","date":"2018-03-20T05:56:12.000Z","volume":1000,"price":5.64,"category":"rbear"},{"type":"B","date":"2018-03-20T05:53:45.000Z","volume":1000,"price":5.64,"category":"rbear"},{"type":"B","date":"2018-03-20T05:47:45.000Z","volume":1000,"price":5.61,"category":"rbear"},{"type":"B","date":"2018-03-20T05:45:15.000Z","volume":1000,"price":5.64,"category":"rbear"},{"type":"B","date":"2018-03-20T05:43:16.000Z","volume":1000,"price":5.63,"category":"rbear"},{"type":"B","date":"2018-03-20T05:40:12.000Z","volume":1000,"price":5.63,"category":"rbear"},{"type":"B","date":"2018-03-20T05:36:53.000Z","volume":1000,"price":5.63,"category":"rbear"},{"type":"B","date":"2018-03-20T05:35:35.000Z","volume":1000,"price":5.62,"category":"rbear"},{"type":"B","date":"2018-03-20T05:26:26.000Z","volume":1000,"price":5.6,"category":"rbear"},{"type":"B","date":"2018-03-20T05:21:27.000Z","volume":1000,"price":5.6,"category":"rbear"},{"type":"B","date":"2018-03-20T05:16:59.000Z","volume":1000,"price":5.61,"category":"rbear"},{"type":"B","date":"2018-03-20T05:13:32.000Z","volume":1000,"price":5.61,"category":"rbear"},{"type":"B","date":"2018-03-20T05:12:01.000Z","volume":1000,"price":5.61,"category":"rbear"},{"type":"B","date":"2018-03-20T05:12:01.000Z","volume":1000,"price":5.61,"category":"rbear"},{"type":"B","date":"2018-03-20T05:12:00.000Z","volume":1000,"price":5.61,"category":"rbear"},{"type":"B","date":"2018-03-20T05:11:21.000Z","volume":1000,"price":5.62,"category":"rbear"},{"type":"B","date":"2018-03-20T05:08:28.000Z","volume":1000,"price":5.59,"category":"rbear"},{"type":"B","date":"2018-03-20T05:08:25.000Z","volume":1000,"price":5.62,"category":"rbear"},{"type":"B","date":"2018-03-20T05:00:19.000Z","volume":1000,"price":5.61,"category":"rbear"},{"type":"B","date":"2018-03-20T05:00:17.000Z","volume":1000,"price":5.61,"category":"rbear"},{"type":"B","date":"2018-03-20T05:00:07.000Z","volume":1000,"price":5.61,"category":"rbear"},{"type":"B","date":"2018-03-20T05:00:05.000Z","volume":1000,"price":5.61,"category":"rbear"},{"type":"B","date":"2018-03-20T05:00:02.000Z","volume":1000,"price":5.6,"category":"rbear"},{"type":"B","date":"2018-03-20T03:59:34.000Z","volume":1000,"price":5.58,"category":"rbear"},{"type":"B","date":"2018-03-20T03:55:09.000Z","volume":1000,"price":5.58,"category":"rbear"},{"type":"B","date":"2018-03-20T03:55:07.000Z","volume":1000,"price":5.58,"category":"rbear"},{"type":"B","date":"2018-03-20T03:50:56.000Z","volume":1000,"price":5.58,"category":"rbear"},{"type":"B","date":"2018-03-20T03:50:46.000Z","volume":1000,"price":5.58,"category":"rbear"},{"type":"B","date":"2018-03-20T03:49:00.000Z","volume":1000,"price":5.58,"category":"rbear"},{"type":"B","date":"2018-03-20T03:22:55.000Z","volume":1000,"price":5.58,"category":"rbear"},{"type":"B","date":"2018-03-20T03:12:37.000Z","volume":1000,"price":5.58,"category":"rbear"},{"type":"B","date":"2018-03-20T03:02:59.000Z","volume":1000,"price":5.58,"category":"rbear"},{"type":"B","date":"2018-03-20T02:50:57.000Z","volume":1000,"price":5.56,"category":"rbear"},{"type":"B","date":"2018-03-20T02:50:57.000Z","volume":1000,"price":5.57,"category":"rbear"},{"type":"B","date":"2018-03-20T02:50:57.000Z","volume":1000,"price":5.57,"category":"rbear"},{"type":"B","date":"2018-03-20T02:18:24.000Z","volume":1000,"price":5.57,"category":"rbear"},{"type":"B","date":"2018-03-20T02:00:30.000Z","volume":1000,"price":5.56,"category":"rbear"},{"type":"B","date":"2018-03-20T01:43:22.000Z","volume":1000,"price":5.56,"category":"rbear"},{"type":"B","date":"2018-03-20T01:43:22.000Z","volume":1000,"price":5.56,"category":"rbear"},{"type":"B","date":"2018-03-20T01:43:04.000Z","volume":1000,"price":5.56,"category":"rbear"},{"type":"B","date":"2018-03-20T07:58:47.000Z","volume":5000,"price":5.68,"category":"bbear"},{"type":"B","date":"2018-03-20T07:57:02.000Z","volume":5000,"price":5.68,"category":"bbear"},{"type":"B","date":"2018-03-20T07:54:00.000Z","volume":10000,"price":5.67,"category":"bbear"},{"type":"B","date":"2018-03-20T07:49:01.000Z","volume":6000,"price":5.67,"category":"bbear"},{"type":"B","date":"2018-03-20T07:49:01.000Z","volume":7000,"price":5.68,"category":"bbear"},{"type":"B","date":"2018-03-20T07:37:46.000Z","volume":10000,"price":5.69,"category":"bbear"},{"type":"B","date":"2018-03-20T07:27:40.000Z","volume":10000,"price":5.68,"category":"bbear"},{"type":"B","date":"2018-03-20T07:11:17.000Z","volume":9000,"price":5.68,"category":"bbear"},{"type":"B","date":"2018-03-20T07:05:37.000Z","volume":10000,"price":5.67,"category":"bbear"},{"type":"B","date":"2018-03-20T06:58:57.000Z","volume":8000,"price":5.68,"category":"bbear"},{"type":"B","date":"2018-03-20T06:43:21.000Z","volume":5000,"price":5.65,"category":"bbear"},{"type":"B","date":"2018-03-20T06:41:41.000Z","volume":13000,"price":5.66,"category":"bbear"},{"type":"B","date":"2018-03-20T06:40:13.000Z","volume":12000,"price":5.66,"category":"bbear"},{"type":"B","date":"2018-03-20T06:40:12.000Z","volume":14000,"price":5.66,"category":"bbear"},{"type":"B","date":"2018-03-20T06:34:58.000Z","volume":5000,"price":5.68,"category":"bbear"},{"type":"B","date":"2018-03-20T06:25:24.000Z","volume":5000,"price":5.68,"category":"bbear"},{"type":"B","date":"2018-03-20T06:24:45.000Z","volume":8000,"price":5.67,"category":"bbear"},{"type":"B","date":"2018-03-20T06:24:44.000Z","volume":14000,"price":5.68,"category":"bbear"},{"type":"B","date":"2018-03-20T06:24:44.000Z","volume":8000,"price":5.68,"category":"bbear"},{"type":"B","date":"2018-03-20T06:24:43.000Z","volume":7000,"price":5.68,"category":"bbear"},{"type":"B","date":"2018-03-20T06:23:28.000Z","volume":5000,"price":5.68,"category":"bbear"},{"type":"B","date":"2018-03-20T06:23:26.000Z","volume":5000,"price":5.68,"category":"bbear"},{"type":"B","date":"2018-03-20T06:19:11.000Z","volume":10000,"price":5.67,"category":"bbear"},{"type":"B","date":"2018-03-20T06:12:34.000Z","volume":12000,"price":5.67,"category":"bbear"},{"type":"B","date":"2018-03-20T06:07:11.000Z","volume":5000,"price":5.66,"category":"bbear"},{"type":"B","date":"2018-03-20T05:46:41.000Z","volume":6000,"price":5.62,"category":"bbear"},{"type":"B","date":"2018-03-20T05:46:40.000Z","volume":12000,"price":5.64,"category":"bbear"},{"type":"B","date":"2018-03-20T05:43:14.000Z","volume":7000,"price":5.63,"category":"bbear"},{"type":"B","date":"2018-03-20T05:40:10.000Z","volume":10000,"price":5.63,"category":"bbear"},{"type":"B","date":"2018-03-20T05:19:08.000Z","volume":5000,"price":5.6,"category":"bbear"},{"type":"B","date":"2018-03-20T05:16:59.000Z","volume":10000,"price":5.61,"category":"bbear"},{"type":"B","date":"2018-03-20T05:13:30.000Z","volume":9000,"price":5.61,"category":"bbear"},{"type":"B","date":"2018-03-20T05:12:04.000Z","volume":7000,"price":5.59,"category":"bbear"},{"type":"B","date":"2018-03-20T05:12:02.000Z","volume":10000,"price":5.61,"category":"bbear"},{"type":"B","date":"2018-03-20T05:12:00.000Z","volume":8000,"price":5.62,"category":"bbear"},{"type":"B","date":"2018-03-20T05:08:27.000Z","volume":5000,"price":5.6,"category":"bbear"},{"type":"B","date":"2018-03-20T05:08:27.000Z","volume":6000,"price":5.61,"category":"bbear"},{"type":"B","date":"2018-03-20T05:08:24.000Z","volume":5000,"price":5.62,"category":"bbear"},{"type":"B","date":"2018-03-20T05:02:10.000Z","volume":7000,"price":5.61,"category":"bbear"},{"type":"B","date":"2018-03-20T05:00:27.000Z","volume":8000,"price":5.61,"category":"bbear"},{"type":"B","date":"2018-03-20T05:00:26.000Z","volume":10000,"price":5.61,"category":"bbear"},{"type":"B","date":"2018-03-20T05:00:17.000Z","volume":5000,"price":5.61,"category":"bbear"},{"type":"B","date":"2018-03-20T05:00:03.000Z","volume":8000,"price":5.61,"category":"bbear"},{"type":"B","date":"2018-03-20T03:50:48.000Z","volume":5000,"price":5.58,"category":"bbear"},{"type":"B","date":"2018-03-20T03:32:04.000Z","volume":6000,"price":5.58,"category":"bbear"},{"type":"B","date":"2018-03-20T03:17:36.000Z","volume":6000,"price":5.58,"category":"bbear"},{"type":"B","date":"2018-03-20T03:16:16.000Z","volume":10000,"price":5.58,"category":"bbear"},{"type":"B","date":"2018-03-20T02:56:48.000Z","volume":5000,"price":5.56,"category":"bbear"},{"type":"B","date":"2018-03-20T02:50:57.000Z","volume":5000,"price":5.56,"category":"bbear"},{"type":"B","date":"2018-03-20T02:45:10.000Z","volume":6000,"price":5.57,"category":"bbear"},{"type":"B","date":"2018-03-20T02:18:24.000Z","volume":6000,"price":5.57,"category":"bbear"},{"type":"B","date":"2018-03-20T02:16:57.000Z","volume":5000,"price":5.57,"category":"bbear"},{"type":"B","date":"2018-03-20T02:07:38.000Z","volume":5000,"price":5.56,"category":"bbear"},{"type":"B","date":"2018-03-20T01:30:33.000Z","volume":5000,"price":5.56,"category":"bbear"},{"type":"B","date":"2018-03-20T07:55:42.000Z","volume":25000,"price":5.68,"category":"ubbear"},{"type":"B","date":"2018-03-20T07:53:17.000Z","volume":20000,"price":5.67,"category":"ubbear"},{"type":"B","date":"2018-03-20T07:51:06.000Z","volume":67000,"price":5.67,"category":"ubbear"},{"type":"B","date":"2018-03-20T07:49:01.000Z","volume":273000,"price":5.68,"category":"ubbear"},{"type":"B","date":"2018-03-20T07:39:03.000Z","volume":110000,"price":5.69,"category":"ubbear"},{"type":"B","date":"2018-03-20T07:26:00.000Z","volume":19000,"price":5.68,"category":"ubbear"},{"type":"B","date":"2018-03-20T07:10:56.000Z","volume":29000,"price":5.68,"category":"ubbear"},{"type":"B","date":"2018-03-20T07:03:19.000Z","volume":70000,"price":5.68,"category":"ubbear"},{"type":"B","date":"2018-03-20T06:58:59.000Z","volume":25000,"price":5.67,"category":"ubbear"},{"type":"B","date":"2018-03-20T06:58:57.000Z","volume":77000,"price":5.68,"category":"ubbear"},{"type":"B","date":"2018-03-20T06:58:57.000Z","volume":30000,"price":5.68,"category":"ubbear"},{"type":"B","date":"2018-03-20T06:40:12.000Z","volume":14000,"price":5.66,"category":"ubbear"},{"type":"B","date":"2018-03-20T06:40:12.000Z","volume":23000,"price":5.67,"category":"ubbear"},{"type":"B","date":"2018-03-20T06:40:11.000Z","volume":20000,"price":5.67,"category":"ubbear"},{"type":"B","date":"2018-03-20T06:36:03.000Z","volume":141000,"price":5.68,"category":"ubbear"},{"type":"B","date":"2018-03-20T06:24:44.000Z","volume":14000,"price":5.68,"category":"ubbear"},{"type":"B","date":"2018-03-20T06:24:41.000Z","volume":23000,"price":5.68,"category":"ubbear"},{"type":"B","date":"2018-03-20T06:23:24.000Z","volume":15000,"price":5.68,"category":"ubbear"},{"type":"B","date":"2018-03-20T05:46:41.000Z","volume":19000,"price":5.63,"category":"ubbear"},{"type":"B","date":"2018-03-20T05:46:40.000Z","volume":25000,"price":5.63,"category":"ubbear"},{"type":"B","date":"2018-03-20T05:46:40.000Z","volume":28000,"price":5.64,"category":"ubbear"},{"type":"B","date":"2018-03-20T05:46:40.000Z","volume":45000,"price":5.64,"category":"ubbear"},{"type":"B","date":"2018-03-20T05:45:04.000Z","volume":25000,"price":5.64,"category":"ubbear"},{"type":"B","date":"2018-03-20T05:43:14.000Z","volume":18000,"price":5.63,"category":"ubbear"},{"type":"B","date":"2018-03-20T05:19:07.000Z","volume":20000,"price":5.61,"category":"ubbear"},{"type":"B","date":"2018-03-20T05:13:30.000Z","volume":16000,"price":5.61,"category":"ubbear"},{"type":"B","date":"2018-03-20T05:12:01.000Z","volume":15000,"price":5.61,"category":"ubbear"},{"type":"B","date":"2018-03-20T05:12:00.000Z","volume":41000,"price":5.62,"category":"ubbear"},{"type":"B","date":"2018-03-20T05:10:57.000Z","volume":19000,"price":5.62,"category":"ubbear"},{"type":"B","date":"2018-03-20T05:08:28.000Z","volume":17000,"price":5.59,"category":"ubbear"},{"type":"B","date":"2018-03-20T05:08:24.000Z","volume":57000,"price":5.62,"category":"ubbear"},{"type":"B","date":"2018-03-20T05:00:05.000Z","volume":24000,"price":5.61,"category":"ubbear"},{"type":"B","date":"2018-03-20T05:00:02.000Z","volume":58000,"price":5.6,"category":"ubbear"},{"type":"B","date":"2018-03-20T05:00:02.000Z","volume":23000,"price":5.61,"category":"ubbear"},{"type":"B","date":"2018-03-20T03:50:46.000Z","volume":20000,"price":5.58,"category":"ubbear"},{"type":"B","date":"2018-03-20T03:17:35.000Z","volume":61000,"price":5.58,"category":"ubbear"},{"type":"B","date":"2018-03-20T03:00:28.000Z","volume":55000,"price":5.58,"category":"ubbear"},{"type":"B","date":"2018-03-20T02:50:57.000Z","volume":98000,"price":5.57,"category":"ubbear"},{"type":"B","date":"2018-03-20T02:50:56.000Z","volume":25000,"price":5.57,"category":"ubbear"},{"type":"B","date":"2018-03-20T02:45:10.000Z","volume":16000,"price":5.57,"category":"ubbear"},{"type":"B","date":"2018-03-20T02:45:10.000Z","volume":57000,"price":5.57,"category":"ubbear"},{"type":"B","date":"2018-03-20T02:07:34.000Z","volume":50000,"price":5.56,"category":"ubbear"},{"type":"B","date":"2018-03-20T01:43:22.000Z","volume":55000,"price":5.56,"category":"ubbear"},{"type":"B","date":"2018-03-20T01:42:04.000Z","volume":20000,"price":5.56,"category":"ubbear"}]