[{"type":"A","date":"2018-03-21T06:53:30.000Z","volume":220000,"price":0.227,"category":"ubbull"},{"type":"A","date":"2018-03-21T06:23:22.000Z","volume":280000,"price":0.223,"category":"ubbull"},{"type":"A","date":"2018-03-21T03:56:15.000Z","volume":320000,"price":0.22,"category":"ubbull"},{"type":"A","date":"2018-03-21T03:50:07.000Z","volume":240000,"price":0.218,"category":"ubbull"},{"type":"A","date":"2018-03-21T03:29:24.000Z","volume":200000,"price":0.23,"category":"ubbull"},{"type":"A","date":"2018-03-21T03:29:21.000Z","volume":200000,"price":0.23,"category":"ubbull"},{"type":"A","date":"2018-03-21T03:15:47.000Z","volume":200000,"price":0.235,"category":"ubbull"},{"type":"A","date":"2018-03-21T03:04:45.000Z","volume":200000,"price":0.24,"category":"ubbull"},{"type":"A","date":"2018-03-21T03:00:55.000Z","volume":1140000,"price":0.232,"category":"ubbull"},{"type":"A","date":"2018-03-21T02:14:44.000Z","volume":320000,"price":0.237,"category":"ubbull"},{"type":"A","date":"2018-03-21T01:52:05.000Z","volume":440000,"price":0.238,"category":"ubbull"},{"type":"A","date":"2018-03-21T01:50:24.000Z","volume":200000,"price":0.246,"category":"ubbull"},{"type":"A","date":"2018-03-21T01:38:32.000Z","volume":1000000,"price":0.26,"category":"ubbull"},{"type":"A","date":"2018-03-21T01:37:54.000Z","volume":200000,"price":0.26,"category":"ubbull"},{"type":"A","date":"2018-03-21T01:37:54.000Z","volume":400000,"price":0.26,"category":"ubbull"},{"type":"A","date":"2018-03-21T01:35:08.000Z","volume":200000,"price":0.26,"category":"ubbull"},{"type":"A","date":"2018-03-21T01:34:32.000Z","volume":200000,"price":0.26,"category":"ubbull"},{"type":"A","date":"2018-03-21T01:34:12.000Z","volume":200000,"price":0.26,"category":"ubbull"},{"type":"A","date":"2018-03-21T01:30:08.000Z","volume":320000,"price":0.26,"category":"ubbull"},{"type":"A","date":"2018-03-21T01:30:08.000Z","volume":240000,"price":0.26,"category":"ubbull"},{"type":"A","date":"2018-03-21T06:32:41.000Z","volume":140000,"price":0.223,"category":"bbull"},{"type":"A","date":"2018-03-21T05:01:49.000Z","volume":160000,"price":0.228,"category":"bbull"},{"type":"A","date":"2018-03-21T03:45:57.000Z","volume":140000,"price":0.22,"category":"bbull"},{"type":"A","date":"2018-03-21T02:11:03.000Z","volume":120000,"price":0.233,"category":"bbull"},{"type":"A","date":"2018-03-21T01:50:09.000Z","volume":140000,"price":0.25,"category":"bbull"},{"type":"A","date":"2018-03-21T01:31:06.000Z","volume":140000,"price":0.255,"category":"bbull"},{"type":"A","date":"2018-03-21T07:07:06.000Z","volume":20000,"price":0.229,"category":"rbull"},{"type":"A","date":"2018-03-21T07:06:55.000Z","volume":20000,"price":0.229,"category":"rbull"},{"type":"A","date":"2018-03-21T07:06:49.000Z","volume":20000,"price":0.229,"category":"rbull"},{"type":"A","date":"2018-03-21T06:55:14.000Z","volume":20000,"price":0.228,"category":"rbull"},{"type":"A","date":"2018-03-21T06:44:31.000Z","volume":20000,"price":0.224,"category":"rbull"},{"type":"A","date":"2018-03-21T06:38:26.000Z","volume":20000,"price":0.223,"category":"rbull"},{"type":"A","date":"2018-03-21T05:57:20.000Z","volume":20000,"price":0.22,"category":"rbull"},{"type":"A","date":"2018-03-21T05:27:06.000Z","volume":20000,"price":0.225,"category":"rbull"},{"type":"A","date":"2018-03-21T03:59:05.000Z","volume":20000,"price":0.222,"category":"rbull"},{"type":"A","date":"2018-03-21T03:57:45.000Z","volume":20000,"price":0.222,"category":"rbull"},{"type":"A","date":"2018-03-21T03:55:02.000Z","volume":20000,"price":0.22,"category":"rbull"},{"type":"A","date":"2018-03-21T03:54:07.000Z","volume":20000,"price":0.218,"category":"rbull"},{"type":"A","date":"2018-03-21T03:49:17.000Z","volume":20000,"price":0.217,"category":"rbull"},{"type":"A","date":"2018-03-21T03:47:12.000Z","volume":20000,"price":0.22,"category":"rbull"},{"type":"A","date":"2018-03-21T03:46:52.000Z","volume":20000,"price":0.22,"category":"rbull"},{"type":"A","date":"2018-03-21T03:46:03.000Z","volume":20000,"price":0.226,"category":"rbull"},{"type":"A","date":"2018-03-21T03:45:52.000Z","volume":20000,"price":0.22,"category":"rbull"},{"type":"A","date":"2018-03-21T03:43:45.000Z","volume":20000,"price":0.229,"category":"rbull"},{"type":"A","date":"2018-03-21T03:35:22.000Z","volume":20000,"price":0.228,"category":"rbull"},{"type":"A","date":"2018-03-21T03:30:16.000Z","volume":20000,"price":0.235,"category":"rbull"},{"type":"A","date":"2018-03-21T03:30:09.000Z","volume":20000,"price":0.234,"category":"rbull"},{"type":"A","date":"2018-03-21T03:30:09.000Z","volume":20000,"price":0.233,"category":"rbull"},{"type":"A","date":"2018-03-21T03:30:04.000Z","volume":20000,"price":0.23,"category":"rbull"},{"type":"A","date":"2018-03-21T03:29:32.000Z","volume":20000,"price":0.23,"category":"rbull"},{"type":"A","date":"2018-03-21T03:27:46.000Z","volume":20000,"price":0.231,"category":"rbull"},{"type":"A","date":"2018-03-21T03:26:59.000Z","volume":20000,"price":0.233,"category":"rbull"},{"type":"A","date":"2018-03-21T03:26:56.000Z","volume":20000,"price":0.233,"category":"rbull"},{"type":"A","date":"2018-03-21T03:26:55.000Z","volume":20000,"price":0.233,"category":"rbull"},{"type":"A","date":"2018-03-21T03:26:17.000Z","volume":20000,"price":0.244,"category":"rbull"},{"type":"A","date":"2018-03-21T03:17:58.000Z","volume":20000,"price":0.239,"category":"rbull"},{"type":"A","date":"2018-03-21T03:17:58.000Z","volume":20000,"price":0.238,"category":"rbull"},{"type":"A","date":"2018-03-21T03:17:58.000Z","volume":20000,"price":0.237,"category":"rbull"},{"type":"A","date":"2018-03-21T03:17:58.000Z","volume":20000,"price":0.236,"category":"rbull"},{"type":"A","date":"2018-03-21T03:12:47.000Z","volume":20000,"price":0.235,"category":"rbull"},{"type":"A","date":"2018-03-21T03:12:37.000Z","volume":20000,"price":0.235,"category":"rbull"},{"type":"A","date":"2018-03-21T03:12:03.000Z","volume":20000,"price":0.241,"category":"rbull"},{"type":"A","date":"2018-03-21T03:12:03.000Z","volume":20000,"price":0.238,"category":"rbull"},{"type":"A","date":"2018-03-21T03:07:13.000Z","volume":20000,"price":0.235,"category":"rbull"},{"type":"A","date":"2018-03-21T03:06:50.000Z","volume":20000,"price":0.235,"category":"rbull"},{"type":"A","date":"2018-03-21T03:06:48.000Z","volume":20000,"price":0.235,"category":"rbull"},{"type":"A","date":"2018-03-21T03:06:35.000Z","volume":20000,"price":0.235,"category":"rbull"},{"type":"A","date":"2018-03-21T03:05:21.000Z","volume":20000,"price":0.248,"category":"rbull"},{"type":"A","date":"2018-03-21T03:04:50.000Z","volume":20000,"price":0.249,"category":"rbull"},{"type":"A","date":"2018-03-21T03:04:45.000Z","volume":20000,"price":0.239,"category":"rbull"},{"type":"A","date":"2018-03-21T03:02:36.000Z","volume":20000,"price":0.237,"category":"rbull"},{"type":"A","date":"2018-03-21T03:02:31.000Z","volume":20000,"price":0.236,"category":"rbull"},{"type":"A","date":"2018-03-21T03:01:10.000Z","volume":20000,"price":0.239,"category":"rbull"},{"type":"A","date":"2018-03-21T03:01:02.000Z","volume":20000,"price":0.237,"category":"rbull"},{"type":"A","date":"2018-03-21T02:51:36.000Z","volume":20000,"price":0.235,"category":"rbull"},{"type":"A","date":"2018-03-21T02:41:24.000Z","volume":20000,"price":0.236,"category":"rbull"},{"type":"A","date":"2018-03-21T02:35:16.000Z","volume":20000,"price":0.239,"category":"rbull"},{"type":"A","date":"2018-03-21T02:31:23.000Z","volume":20000,"price":0.236,"category":"rbull"},{"type":"A","date":"2018-03-21T02:26:31.000Z","volume":20000,"price":0.236,"category":"rbull"},{"type":"A","date":"2018-03-21T02:24:15.000Z","volume":20000,"price":0.233,"category":"rbull"},{"type":"A","date":"2018-03-21T02:08:46.000Z","volume":20000,"price":0.233,"category":"rbull"},{"type":"A","date":"2018-03-21T01:57:21.000Z","volume":20000,"price":0.232,"category":"rbull"},{"type":"A","date":"2018-03-21T01:56:26.000Z","volume":20000,"price":0.23,"category":"rbull"},{"type":"A","date":"2018-03-21T01:56:26.000Z","volume":20000,"price":0.23,"category":"rbull"},{"type":"A","date":"2018-03-21T01:56:12.000Z","volume":20000,"price":0.229,"category":"rbull"},{"type":"A","date":"2018-03-21T01:55:50.000Z","volume":20000,"price":0.225,"category":"rbull"},{"type":"A","date":"2018-03-21T01:55:25.000Z","volume":20000,"price":0.222,"category":"rbull"},{"type":"A","date":"2018-03-21T01:55:05.000Z","volume":20000,"price":0.222,"category":"rbull"},{"type":"A","date":"2018-03-21T01:55:04.000Z","volume":20000,"price":0.222,"category":"rbull"},{"type":"A","date":"2018-03-21T01:52:30.000Z","volume":20000,"price":0.235,"category":"rbull"},{"type":"A","date":"2018-03-21T01:51:34.000Z","volume":20000,"price":0.242,"category":"rbull"},{"type":"A","date":"2018-03-21T01:48:16.000Z","volume":20000,"price":0.247,"category":"rbull"},{"type":"A","date":"2018-03-21T01:48:16.000Z","volume":20000,"price":0.246,"category":"rbull"},{"type":"A","date":"2018-03-21T01:40:57.000Z","volume":20000,"price":0.26,"category":"rbull"},{"type":"A","date":"2018-03-21T01:39:38.000Z","volume":20000,"price":0.26,"category":"rbull"},{"type":"A","date":"2018-03-21T01:36:15.000Z","volume":20000,"price":0.26,"category":"rbull"},{"type":"A","date":"2018-03-21T01:34:36.000Z","volume":20000,"price":0.26,"category":"rbull"},{"type":"A","date":"2018-03-21T01:30:36.000Z","volume":20000,"price":0.255,"category":"rbull"},{"type":"B","date":"2018-03-21T07:53:23.000Z","volume":20000,"price":0.225,"category":"rbear"},{"type":"B","date":"2018-03-21T07:52:51.000Z","volume":20000,"price":0.227,"category":"rbear"},{"type":"B","date":"2018-03-21T07:34:57.000Z","volume":20000,"price":0.228,"category":"rbear"},{"type":"B","date":"2018-03-21T07:11:15.000Z","volume":20000,"price":0.223,"category":"rbear"},{"type":"B","date":"2018-03-21T07:04:30.000Z","volume":20000,"price":0.228,"category":"rbear"},{"type":"B","date":"2018-03-21T06:57:01.000Z","volume":20000,"price":0.227,"category":"rbear"},{"type":"B","date":"2018-03-21T06:53:35.000Z","volume":20000,"price":0.227,"category":"rbear"},{"type":"B","date":"2018-03-21T06:53:31.000Z","volume":20000,"price":0.227,"category":"rbear"},{"type":"B","date":"2018-03-21T06:45:35.000Z","volume":20000,"price":0.225,"category":"rbear"},{"type":"B","date":"2018-03-21T06:02:32.000Z","volume":20000,"price":0.222,"category":"rbear"},{"type":"B","date":"2018-03-21T05:51:33.000Z","volume":20000,"price":0.22,"category":"rbear"},{"type":"B","date":"2018-03-21T05:40:49.000Z","volume":20000,"price":0.222,"category":"rbear"},{"type":"B","date":"2018-03-21T05:28:52.000Z","volume":20000,"price":0.222,"category":"rbear"},{"type":"B","date":"2018-03-21T05:03:12.000Z","volume":20000,"price":0.228,"category":"rbear"},{"type":"B","date":"2018-03-21T05:03:11.000Z","volume":20000,"price":0.228,"category":"rbear"},{"type":"B","date":"2018-03-21T05:03:07.000Z","volume":20000,"price":0.228,"category":"rbear"},{"type":"B","date":"2018-03-21T05:02:00.000Z","volume":20000,"price":0.228,"category":"rbear"},{"type":"B","date":"2018-03-21T03:54:01.000Z","volume":20000,"price":0.218,"category":"rbear"},{"type":"B","date":"2018-03-21T03:51:47.000Z","volume":20000,"price":0.215,"category":"rbear"},{"type":"B","date":"2018-03-21T03:51:41.000Z","volume":20000,"price":0.216,"category":"rbear"},{"type":"B","date":"2018-03-21T03:50:58.000Z","volume":20000,"price":0.219,"category":"rbear"},{"type":"B","date":"2018-03-21T03:50:34.000Z","volume":20000,"price":0.22,"category":"rbear"},{"type":"B","date":"2018-03-21T03:49:21.000Z","volume":20000,"price":0.217,"category":"rbear"},{"type":"B","date":"2018-03-21T03:49:16.000Z","volume":20000,"price":0.217,"category":"rbear"},{"type":"B","date":"2018-03-21T03:48:59.000Z","volume":20000,"price":0.219,"category":"rbear"},{"type":"B","date":"2018-03-21T03:44:58.000Z","volume":20000,"price":0.22,"category":"rbear"},{"type":"B","date":"2018-03-21T03:44:58.000Z","volume":20000,"price":0.221,"category":"rbear"},{"type":"B","date":"2018-03-21T03:41:57.000Z","volume":20000,"price":0.222,"category":"rbear"},{"type":"B","date":"2018-03-21T03:38:42.000Z","volume":20000,"price":0.228,"category":"rbear"},{"type":"B","date":"2018-03-21T03:32:25.000Z","volume":20000,"price":0.228,"category":"rbear"},{"type":"B","date":"2018-03-21T03:27:35.000Z","volume":20000,"price":0.228,"category":"rbear"},{"type":"B","date":"2018-03-21T03:27:33.000Z","volume":20000,"price":0.228,"category":"rbear"},{"type":"B","date":"2018-03-21T03:27:11.000Z","volume":20000,"price":0.232,"category":"rbear"},{"type":"B","date":"2018-03-21T03:26:47.000Z","volume":20000,"price":0.234,"category":"rbear"},{"type":"B","date":"2018-03-21T03:03:05.000Z","volume":20000,"price":0.232,"category":"rbear"},{"type":"B","date":"2018-03-21T02:51:26.000Z","volume":20000,"price":0.235,"category":"rbear"},{"type":"B","date":"2018-03-21T02:35:41.000Z","volume":20000,"price":0.239,"category":"rbear"},{"type":"B","date":"2018-03-21T02:35:26.000Z","volume":20000,"price":0.239,"category":"rbear"},{"type":"B","date":"2018-03-21T02:23:12.000Z","volume":20000,"price":0.231,"category":"rbear"},{"type":"B","date":"2018-03-21T02:22:21.000Z","volume":20000,"price":0.23,"category":"rbear"},{"type":"B","date":"2018-03-21T02:19:39.000Z","volume":20000,"price":0.231,"category":"rbear"},{"type":"B","date":"2018-03-21T02:14:22.000Z","volume":20000,"price":0.235,"category":"rbear"},{"type":"B","date":"2018-03-21T02:02:33.000Z","volume":20000,"price":0.233,"category":"rbear"},{"type":"B","date":"2018-03-21T01:55:39.000Z","volume":20000,"price":0.223,"category":"rbear"},{"type":"B","date":"2018-03-21T01:54:37.000Z","volume":20000,"price":0.225,"category":"rbear"},{"type":"B","date":"2018-03-21T01:54:37.000Z","volume":20000,"price":0.226,"category":"rbear"},{"type":"B","date":"2018-03-21T01:53:50.000Z","volume":20000,"price":0.231,"category":"rbear"},{"type":"B","date":"2018-03-21T01:53:39.000Z","volume":20000,"price":0.232,"category":"rbear"},{"type":"B","date":"2018-03-21T01:52:18.000Z","volume":20000,"price":0.237,"category":"rbear"},{"type":"B","date":"2018-03-21T01:52:18.000Z","volume":20000,"price":0.239,"category":"rbear"},{"type":"B","date":"2018-03-21T01:42:51.000Z","volume":20000,"price":0.255,"category":"rbear"},{"type":"B","date":"2018-03-21T01:42:33.000Z","volume":20000,"price":0.255,"category":"rbear"},{"type":"B","date":"2018-03-21T01:39:56.000Z","volume":20000,"price":0.255,"category":"rbear"},{"type":"B","date":"2018-03-21T01:39:37.000Z","volume":20000,"price":0.255,"category":"rbear"},{"type":"B","date":"2018-03-21T01:39:33.000Z","volume":20000,"price":0.255,"category":"rbear"},{"type":"B","date":"2018-03-21T01:30:02.000Z","volume":20000,"price":0.25,"category":"rbear"},{"type":"B","date":"2018-03-21T07:52:41.000Z","volume":180000,"price":0.227,"category":"bbear"},{"type":"B","date":"2018-03-21T07:32:44.000Z","volume":120000,"price":0.223,"category":"bbear"},{"type":"B","date":"2018-03-21T07:10:37.000Z","volume":120000,"price":0.23,"category":"bbear"},{"type":"B","date":"2018-03-21T03:51:37.000Z","volume":160000,"price":0.218,"category":"bbear"},{"type":"B","date":"2018-03-21T03:43:35.000Z","volume":180000,"price":0.224,"category":"bbear"},{"type":"B","date":"2018-03-21T03:38:09.000Z","volume":160000,"price":0.228,"category":"bbear"},{"type":"B","date":"2018-03-21T03:12:26.000Z","volume":140000,"price":0.235,"category":"bbear"},{"type":"B","date":"2018-03-21T03:06:29.000Z","volume":180000,"price":0.235,"category":"bbear"},{"type":"B","date":"2018-03-21T03:05:12.000Z","volume":160000,"price":0.24,"category":"bbear"},{"type":"B","date":"2018-03-21T02:57:06.000Z","volume":140000,"price":0.232,"category":"bbear"},{"type":"B","date":"2018-03-21T02:27:36.000Z","volume":120000,"price":0.237,"category":"bbear"},{"type":"B","date":"2018-03-21T01:59:43.000Z","volume":120000,"price":0.23,"category":"bbear"},{"type":"B","date":"2018-03-21T01:53:54.000Z","volume":160000,"price":0.23,"category":"bbear"},{"type":"B","date":"2018-03-21T01:51:59.000Z","volume":120000,"price":0.241,"category":"bbear"},{"type":"B","date":"2018-03-21T01:42:14.000Z","volume":120000,"price":0.255,"category":"bbear"},{"type":"B","date":"2018-03-21T01:30:46.000Z","volume":120000,"price":0.25,"category":"bbear"},{"type":"B","date":"2018-03-21T07:46:25.000Z","volume":240000,"price":0.228,"category":"ubbear"},{"type":"B","date":"2018-03-21T07:10:37.000Z","volume":200000,"price":0.23,"category":"ubbear"},{"type":"B","date":"2018-03-21T03:45:00.000Z","volume":320000,"price":0.22,"category":"ubbear"},{"type":"B","date":"2018-03-21T03:41:09.000Z","volume":200000,"price":0.225,"category":"ubbear"},{"type":"B","date":"2018-03-21T03:41:09.000Z","volume":500000,"price":0.226,"category":"ubbear"},{"type":"B","date":"2018-03-21T03:32:25.000Z","volume":200000,"price":0.227,"category":"ubbear"},{"type":"B","date":"2018-03-21T03:25:53.000Z","volume":200000,"price":0.233,"category":"ubbear"},{"type":"B","date":"2018-03-21T03:04:31.000Z","volume":1200000,"price":0.233,"category":"ubbear"},{"type":"B","date":"2018-03-21T03:04:31.000Z","volume":500000,"price":0.234,"category":"ubbear"},{"type":"B","date":"2018-03-21T03:04:27.000Z","volume":300000,"price":0.234,"category":"ubbear"},{"type":"B","date":"2018-03-21T01:54:37.000Z","volume":260000,"price":0.224,"category":"ubbear"},{"type":"B","date":"2018-03-21T01:52:25.000Z","volume":200000,"price":0.235,"category":"ubbear"},{"type":"B","date":"2018-03-21T01:52:25.000Z","volume":220000,"price":0.236,"category":"ubbear"},{"type":"B","date":"2018-03-21T01:44:34.000Z","volume":360000,"price":0.25,"category":"ubbear"},{"type":"B","date":"2018-03-21T01:44:25.000Z","volume":600000,"price":0.25,"category":"ubbear"},{"type":"B","date":"2018-03-21T01:44:25.000Z","volume":760000,"price":0.25,"category":"ubbear"},{"type":"B","date":"2018-03-21T01:42:57.000Z","volume":220000,"price":0.255,"category":"ubbear"},{"type":"B","date":"2018-03-21T01:42:57.000Z","volume":400000,"price":0.255,"category":"ubbear"},{"type":"B","date":"2018-03-21T01:42:54.000Z","volume":200000,"price":0.255,"category":"ubbear"},{"type":"B","date":"2018-03-21T01:39:07.000Z","volume":280000,"price":0.26,"category":"ubbear"},{"type":"B","date":"2018-03-21T01:37:39.000Z","volume":200000,"price":0.255,"category":"ubbear"},{"type":"B","date":"2018-03-21T01:30:01.000Z","volume":600000,"price":0.255,"category":"ubbear"}]