[{"type":"U","date":"2018-04-19T01:20:00.000Z","volume":50000,"label":"U","price":0.157},{"type":"A","date":"2018-04-19T01:32:13.000Z","volume":31500,"label":" ","price":0.16},{"type":"B","date":"2018-04-19T01:34:38.000Z","volume":236000,"label":" ","price":0.16},{"type":"B","date":"2018-04-19T01:35:08.000Z","volume":78500,"label":" ","price":0.16},{"type":"B","date":"2018-04-19T01:41:25.000Z","volume":49500,"label":" ","price":0.163},{"type":"B","date":"2018-04-19T01:42:49.000Z","volume":17000,"label":" ","price":0.163},{"type":"A","date":"2018-04-19T01:54:27.000Z","volume":109500,"label":" ","price":0.165},{"type":"A","date":"2018-04-19T01:59:08.000Z","volume":34000,"label":" ","price":0.165},{"type":"B","date":"2018-04-19T02:35:22.000Z","volume":50000,"label":" ","price":0.163},{"type":"B","date":"2018-04-19T02:35:23.000Z","volume":50000,"label":" ","price":0.163},{"type":"B","date":"2018-04-19T02:42:16.000Z","volume":33000,"label":" ","price":0.163},{"type":"B","date":"2018-04-19T02:49:49.000Z","volume":20000,"label":" ","price":0.163},{"type":"B","date":"2018-04-19T02:57:58.000Z","volume":7000,"label":" ","price":0.163},{"type":"A","date":"2018-04-19T03:07:25.000Z","volume":13000,"label":" ","price":0.165},{"type":"A","date":"2018-04-19T03:31:48.000Z","volume":775500,"label":" ","price":0.165},{"type":"A","date":"2018-04-19T03:33:33.000Z","volume":7000,"label":"Y","price":0.167},{"type":"A","date":"2018-04-19T03:33:33.000Z","volume":50000,"label":"Y","price":0.169},{"type":"A","date":"2018-04-19T03:33:33.000Z","volume":17000,"label":" ","price":0.169},{"type":"A","date":"2018-04-19T03:33:33.000Z","volume":150500,"label":" ","price":0.17},{"type":"A","date":"2018-04-19T03:57:32.000Z","volume":50000,"label":" ","price":0.165},{"type":"A","date":"2018-04-19T05:03:23.000Z","volume":2000,"label":" ","price":0.167},{"type":"U","date":"2018-04-19T05:05:08.000Z","volume":184,"label":"D","price":0.158},{"type":"A","date":"2018-04-19T05:18:13.000Z","volume":24000,"label":" ","price":0.167},{"type":"A","date":"2018-04-19T05:22:08.000Z","volume":3000,"label":" ","price":0.167},{"type":"B","date":"2018-04-19T06:30:55.000Z","volume":100000,"label":" ","price":0.165},{"type":"A","date":"2018-04-19T06:37:51.000Z","volume":140000,"label":" ","price":0.164},{"type":"B","date":"2018-04-19T06:38:41.000Z","volume":158500,"label":" ","price":0.163},{"type":"B","date":"2018-04-19T06:44:21.000Z","volume":86500,"label":" ","price":0.163},{"type":"A","date":"2018-04-19T06:44:23.000Z","volume":13500,"label":" ","price":0.163},{"type":"B","date":"2018-04-19T06:53:02.000Z","volume":100000,"label":" ","price":0.163},{"type":"A","date":"2018-04-19T06:53:05.000Z","volume":77500,"label":" ","price":0.163},{"type":"A","date":"2018-04-19T06:53:05.000Z","volume":135500,"label":" ","price":0.163},{"type":"A","date":"2018-04-19T06:54:23.000Z","volume":47000,"label":" ","price":0.163},{"type":"B","date":"2018-04-19T06:56:14.000Z","volume":20000,"label":" ","price":0.162},{"type":"A","date":"2018-04-19T06:59:55.000Z","volume":50000,"label":" ","price":0.162},{"type":"A","date":"2018-04-19T06:59:55.000Z","volume":96000,"label":" ","price":0.162},{"type":"B","date":"2018-04-19T07:34:53.000Z","volume":104500,"label":" ","price":0.162},{"type":"B","date":"2018-04-19T07:34:53.000Z","volume":300000,"label":"Y","price":0.161},{"type":"B","date":"2018-04-19T07:34:53.000Z","volume":195500,"label":" ","price":0.161},{"type":"B","date":"2018-04-19T07:36:06.000Z","volume":6500,"label":" ","price":0.161},{"type":"A","date":"2018-04-19T07:41:24.000Z","volume":194000,"label":" ","price":0.161}]