[{"type":"A","date":"2018-03-28T01:32:05.000Z","volume":10000,"label":" ","price":0.96},{"type":"A","date":"2018-03-28T01:32:05.000Z","volume":20000,"label":" ","price":0.97},{"type":"B","date":"2018-03-28T01:50:02.000Z","volume":15000,"label":" ","price":0.96},{"type":"B","date":"2018-03-28T01:54:00.000Z","volume":5000,"label":" ","price":0.96},{"type":"A","date":"2018-03-28T02:00:51.000Z","volume":10000,"label":" ","price":0.96},{"type":"A","date":"2018-03-28T02:23:44.000Z","volume":30000,"label":" ","price":0.96},{"type":"A","date":"2018-03-28T03:10:11.000Z","volume":10000,"label":" ","price":0.96},{"type":"B","date":"2018-03-28T03:15:49.000Z","volume":10000,"label":" ","price":0.96},{"type":"B","date":"2018-03-28T03:29:30.000Z","volume":30000,"label":" ","price":0.95},{"type":"A","date":"2018-03-28T03:33:02.000Z","volume":35000,"label":" ","price":0.96},{"type":"A","date":"2018-03-28T03:34:23.000Z","volume":25000,"label":" ","price":0.96},{"type":"U","date":"2018-03-28T03:35:00.000Z","volume":1000,"label":"D","price":0.91},{"type":"A","date":"2018-03-28T03:46:59.000Z","volume":35000,"label":" ","price":0.96},{"type":"A","date":"2018-03-28T03:55:09.000Z","volume":20000,"label":" ","price":0.96},{"type":"A","date":"2018-03-28T03:55:19.000Z","volume":35000,"label":" ","price":0.96},{"type":"A","date":"2018-03-28T05:19:45.000Z","volume":5000,"label":" ","price":0.96},{"type":"B","date":"2018-03-28T05:36:40.000Z","volume":30000,"label":" ","price":0.95},{"type":"B","date":"2018-03-28T06:06:29.000Z","volume":15000,"label":" ","price":0.95},{"type":"U","date":"2018-03-28T06:07:30.000Z","volume":100,"label":"D","price":0.92},{"type":"U","date":"2018-03-28T06:08:09.000Z","volume":900,"label":"D","price":0.92},{"type":"B","date":"2018-03-28T06:18:01.000Z","volume":15000,"label":" ","price":0.95},{"type":"U","date":"2018-03-28T06:19:14.000Z","volume":1000,"label":"D","price":0.92},{"type":"B","date":"2018-03-28T07:02:42.000Z","volume":20000,"label":" ","price":0.95},{"type":"B","date":"2018-03-28T07:05:52.000Z","volume":20000,"label":" ","price":0.95},{"type":"B","date":"2018-03-28T07:11:32.000Z","volume":15000,"label":" ","price":0.95},{"type":"B","date":"2018-03-28T07:12:17.000Z","volume":20000,"label":" ","price":0.95},{"type":"B","date":"2018-03-28T07:17:52.000Z","volume":5000,"label":" ","price":0.95},{"type":"B","date":"2018-03-28T07:19:03.000Z","volume":50000,"label":" ","price":0.94},{"type":"A","date":"2018-03-28T07:20:14.000Z","volume":90000,"label":" ","price":0.95},{"type":"A","date":"2018-03-28T07:31:05.000Z","volume":30000,"label":" ","price":0.95},{"type":"A","date":"2018-03-28T07:45:01.000Z","volume":20000,"label":" ","price":0.95},{"type":"A","date":"2018-03-28T07:52:20.000Z","volume":60000,"label":" ","price":0.95}]