[{"type":"U","date":"2018-04-04T01:20:00.000Z","volume":24000,"label":"U","price":2.19},{"type":"B","date":"2018-04-04T01:30:11.000Z","volume":1000,"label":" ","price":2.18},{"type":"B","date":"2018-04-04T01:31:25.000Z","volume":13000,"label":" ","price":2.18},{"type":"A","date":"2018-04-04T01:31:29.000Z","volume":11000,"label":" ","price":2.19},{"type":"A","date":"2018-04-04T01:31:33.000Z","volume":3000,"label":" ","price":2.19},{"type":"A","date":"2018-04-04T01:33:07.000Z","volume":20000,"label":" ","price":2.19},{"type":"A","date":"2018-04-04T01:33:34.000Z","volume":1000,"label":" ","price":2.19},{"type":"A","date":"2018-04-04T01:33:39.000Z","volume":100000,"label":" ","price":2.2},{"type":"A","date":"2018-04-04T01:33:39.000Z","volume":28000,"label":" ","price":2.2},{"type":"A","date":"2018-04-04T01:33:44.000Z","volume":5000,"label":" ","price":2.2},{"type":"B","date":"2018-04-04T01:33:55.000Z","volume":10000,"label":" ","price":2.2},{"type":"U","date":"2018-04-04T01:34:05.000Z","volume":5000,"label":"X","price":2.2},{"type":"A","date":"2018-04-04T01:34:14.000Z","volume":250000,"label":" ","price":2.21},{"type":"A","date":"2018-04-04T01:34:18.000Z","volume":31000,"label":" ","price":2.21},{"type":"B","date":"2018-04-04T01:34:18.000Z","volume":3000,"label":"Y","price":2.2},{"type":"B","date":"2018-04-04T01:34:18.000Z","volume":20000,"label":" ","price":2.2},{"type":"U","date":"2018-04-04T01:34:27.000Z","volume":6000,"label":"X","price":2.204},{"type":"A","date":"2018-04-04T01:34:29.000Z","volume":100000,"label":" ","price":2.22},{"type":"A","date":"2018-04-04T01:34:35.000Z","volume":60000,"label":"Y","price":2.22},{"type":"A","date":"2018-04-04T01:34:35.000Z","volume":70000,"label":" ","price":2.22},{"type":"B","date":"2018-04-04T01:35:27.000Z","volume":94000,"label":" ","price":2.22},{"type":"B","date":"2018-04-04T01:35:30.000Z","volume":80000,"label":" ","price":2.21},{"type":"B","date":"2018-04-04T01:35:31.000Z","volume":20000,"label":" ","price":2.21},{"type":"B","date":"2018-04-04T01:35:35.000Z","volume":5000,"label":" ","price":2.21},{"type":"A","date":"2018-04-04T01:35:50.000Z","volume":15000,"label":" ","price":2.21},{"type":"A","date":"2018-04-04T01:36:18.000Z","volume":50000,"label":" ","price":2.22},{"type":"B","date":"2018-04-04T01:36:37.000Z","volume":35000,"label":" ","price":2.21},{"type":"B","date":"2018-04-04T01:37:58.000Z","volume":6000,"label":"Y","price":2.2},{"type":"B","date":"2018-04-04T01:37:58.000Z","volume":48000,"label":" ","price":2.2},{"type":"B","date":"2018-04-04T01:38:54.000Z","volume":4000,"label":" ","price":2.19},{"type":"U","date":"2018-04-04T01:40:15.000Z","volume":2000,"label":"X","price":2.215},{"type":"B","date":"2018-04-04T01:41:28.000Z","volume":108000,"label":" ","price":2.19},{"type":"A","date":"2018-04-04T01:42:32.000Z","volume":9000,"label":" ","price":2.19},{"type":"A","date":"2018-04-04T01:42:46.000Z","volume":27000,"label":" ","price":2.19},{"type":"A","date":"2018-04-04T01:43:44.000Z","volume":190000,"label":" ","price":2.2},{"type":"A","date":"2018-04-04T01:44:44.000Z","volume":50000,"label":" ","price":2.21},{"type":"A","date":"2018-04-04T01:44:46.000Z","volume":25000,"label":" ","price":2.21},{"type":"A","date":"2018-04-04T01:44:48.000Z","volume":20000,"label":" ","price":2.21},{"type":"A","date":"2018-04-04T01:45:17.000Z","volume":15000,"label":" ","price":2.21},{"type":"A","date":"2018-04-04T01:46:18.000Z","volume":10000,"label":" ","price":2.22},{"type":"A","date":"2018-04-04T01:46:25.000Z","volume":2000,"label":" ","price":2.21},{"type":"A","date":"2018-04-04T01:46:36.000Z","volume":30000,"label":" ","price":2.21},{"type":"A","date":"2018-04-04T01:46:48.000Z","volume":15000,"label":" ","price":2.21},{"type":"A","date":"2018-04-04T01:46:48.000Z","volume":8000,"label":" ","price":2.21},{"type":"B","date":"2018-04-04T01:50:08.000Z","volume":167000,"label":" ","price":2.21},{"type":"A","date":"2018-04-04T01:52:22.000Z","volume":20000,"label":" ","price":2.22},{"type":"A","date":"2018-04-04T01:52:41.000Z","volume":10000,"label":" ","price":2.22},{"type":"A","date":"2018-04-04T01:53:05.000Z","volume":1000,"label":" ","price":2.22},{"type":"A","date":"2018-04-04T01:53:05.000Z","volume":152000,"label":" ","price":2.22},{"type":"A","date":"2018-04-04T01:53:05.000Z","volume":18000,"label":" ","price":2.22},{"type":"A","date":"2018-04-04T01:53:15.000Z","volume":300000,"label":" ","price":2.22},{"type":"A","date":"2018-04-04T01:53:15.000Z","volume":111000,"label":" ","price":2.22},{"type":"A","date":"2018-04-04T01:53:18.000Z","volume":2000,"label":" ","price":2.23},{"type":"U","date":"2018-04-04T01:54:23.000Z","volume":20000,"label":" ","price":2.22},{"type":"B","date":"2018-04-04T01:54:35.000Z","volume":4000,"label":" ","price":2.22},{"type":"U","date":"2018-04-04T01:55:50.000Z","volume":6000,"label":" ","price":2.22},{"type":"A","date":"2018-04-04T01:55:55.000Z","volume":2000,"label":" ","price":2.22},{"type":"A","date":"2018-04-04T01:55:55.000Z","volume":12000,"label":" ","price":2.22},{"type":"A","date":"2018-04-04T01:56:04.000Z","volume":8000,"label":" ","price":2.22},{"type":"A","date":"2018-04-04T01:56:11.000Z","volume":4000,"label":" ","price":2.22},{"type":"A","date":"2018-04-04T01:57:27.000Z","volume":2000,"label":" ","price":2.23},{"type":"A","date":"2018-04-04T01:57:54.000Z","volume":842000,"label":" ","price":2.23},{"type":"A","date":"2018-04-04T01:57:54.000Z","volume":43000,"label":"Y","price":2.24},{"type":"A","date":"2018-04-04T01:57:54.000Z","volume":389000,"label":" ","price":2.24},{"type":"A","date":"2018-04-04T01:57:54.000Z","volume":1148000,"label":" ","price":2.25},{"type":"A","date":"2018-04-04T01:57:54.000Z","volume":3000,"label":" ","price":2.25},{"type":"B","date":"2018-04-04T01:57:54.000Z","volume":75000,"label":" ","price":2.25},{"type":"B","date":"2018-04-04T01:57:55.000Z","volume":36000,"label":"Y","price":2.25},{"type":"B","date":"2018-04-04T01:57:55.000Z","volume":1000,"label":" ","price":2.25},{"type":"B","date":"2018-04-04T01:57:55.000Z","volume":3000,"label":" ","price":2.24},{"type":"B","date":"2018-04-04T01:58:04.000Z","volume":4000,"label":" ","price":2.23},{"type":"A","date":"2018-04-04T01:58:12.000Z","volume":2000,"label":" ","price":2.26},{"type":"A","date":"2018-04-04T01:58:23.000Z","volume":7000,"label":" ","price":2.25},{"type":"U","date":"2018-04-04T01:58:24.000Z","volume":3000,"label":"X","price":2.237},{"type":"A","date":"2018-04-04T01:58:27.000Z","volume":107000,"label":" ","price":2.25},{"type":"A","date":"2018-04-04T01:58:27.000Z","volume":3000,"label":" ","price":2.25},{"type":"B","date":"2018-04-04T01:58:28.000Z","volume":85000,"label":" ","price":2.25},{"type":"B","date":"2018-04-04T01:58:28.000Z","volume":19000,"label":" ","price":2.25},{"type":"B","date":"2018-04-04T01:58:28.000Z","volume":16000,"label":" ","price":2.25},{"type":"B","date":"2018-04-04T01:58:33.000Z","volume":40000,"label":" ","price":2.24},{"type":"B","date":"2018-04-04T01:59:49.000Z","volume":48000,"label":" ","price":2.24},{"type":"B","date":"2018-04-04T01:59:50.000Z","volume":1000,"label":" ","price":2.24},{"type":"B","date":"2018-04-04T02:00:05.000Z","volume":75000,"label":" ","price":2.24},{"type":"B","date":"2018-04-04T02:01:02.000Z","volume":13000,"label":" ","price":2.24},{"type":"A","date":"2018-04-04T02:01:05.000Z","volume":6000,"label":" ","price":2.24},{"type":"A","date":"2018-04-04T02:01:20.000Z","volume":5000,"label":" ","price":2.24},{"type":"A","date":"2018-04-04T02:01:35.000Z","volume":12000,"label":" ","price":2.24},{"type":"A","date":"2018-04-04T02:03:31.000Z","volume":10000,"label":" ","price":2.24},{"type":"A","date":"2018-04-04T02:03:32.000Z","volume":2000,"label":" ","price":2.24},{"type":"A","date":"2018-04-04T02:03:54.000Z","volume":80000,"label":" ","price":2.24},{"type":"A","date":"2018-04-04T02:03:54.000Z","volume":42000,"label":" ","price":2.24},{"type":"A","date":"2018-04-04T02:04:02.000Z","volume":2000,"label":" ","price":2.24},{"type":"B","date":"2018-04-04T02:04:44.000Z","volume":10000,"label":" ","price":2.23},{"type":"B","date":"2018-04-04T02:07:06.000Z","volume":14000,"label":" ","price":2.23},{"type":"A","date":"2018-04-04T02:07:09.000Z","volume":1060000,"label":" ","price":2.24},{"type":"A","date":"2018-04-04T02:07:09.000Z","volume":440000,"label":" ","price":2.25},{"type":"A","date":"2018-04-04T02:07:26.000Z","volume":20000,"label":" ","price":2.24},{"type":"A","date":"2018-04-04T02:07:27.000Z","volume":10000,"label":" ","price":2.24},{"type":"A","date":"2018-04-04T02:07:35.000Z","volume":2000,"label":" ","price":2.24},{"type":"A","date":"2018-04-04T02:07:48.000Z","volume":18000,"label":" ","price":2.24},{"type":"U","date":"2018-04-04T02:08:11.000Z","volume":1000,"label":"X","price":2.243},{"type":"B","date":"2018-04-04T02:11:55.000Z","volume":30000,"label":" ","price":2.24},{"type":"B","date":"2018-04-04T02:12:25.000Z","volume":8000,"label":"Y","price":2.24},{"type":"B","date":"2018-04-04T02:12:25.000Z","volume":22000,"label":" ","price":2.24},{"type":"B","date":"2018-04-04T02:12:35.000Z","volume":10000,"label":" ","price":2.24},{"type":"A","date":"2018-04-04T02:13:57.000Z","volume":100000,"label":" ","price":2.24},{"type":"A","date":"2018-04-04T02:14:00.000Z","volume":17000,"label":" ","price":2.24},{"type":"B","date":"2018-04-04T02:14:38.000Z","volume":100000,"label":" ","price":2.24},{"type":"B","date":"2018-04-04T02:14:44.000Z","volume":50000,"label":" ","price":2.24},{"type":"B","date":"2018-04-04T02:14:51.000Z","volume":5000,"label":" ","price":2.24},{"type":"A","date":"2018-04-04T02:16:41.000Z","volume":4000,"label":" ","price":2.24},{"type":"A","date":"2018-04-04T02:17:52.000Z","volume":5000,"label":" ","price":2.24},{"type":"A","date":"2018-04-04T02:19:17.000Z","volume":191000,"label":" ","price":2.24},{"type":"A","date":"2018-04-04T02:19:17.000Z","volume":1309000,"label":" ","price":2.25},{"type":"A","date":"2018-04-04T02:19:36.000Z","volume":100000,"label":" ","price":2.25},{"type":"A","date":"2018-04-04T02:19:37.000Z","volume":100000,"label":" ","price":2.25},{"type":"A","date":"2018-04-04T02:19:40.000Z","volume":10000,"label":" ","price":2.25},{"type":"A","date":"2018-04-04T02:19:42.000Z","volume":148000,"label":" ","price":2.25},{"type":"U","date":"2018-04-04T02:19:42.000Z","volume":33000,"label":"X","price":2.255},{"type":"A","date":"2018-04-04T02:19:55.000Z","volume":10000,"label":" ","price":2.26},{"type":"A","date":"2018-04-04T02:19:55.000Z","volume":6000,"label":" ","price":2.26},{"type":"B","date":"2018-04-04T02:19:55.000Z","volume":100000,"label":" ","price":2.25},{"type":"B","date":"2018-04-04T02:19:56.000Z","volume":28000,"label":" ","price":2.25},{"type":"U","date":"2018-04-04T02:19:57.000Z","volume":6000,"label":"X","price":2.25},{"type":"U","date":"2018-04-04T02:19:57.000Z","volume":12000,"label":"X","price":2.25},{"type":"B","date":"2018-04-04T02:19:59.000Z","volume":34000,"label":" ","price":2.25},{"type":"B","date":"2018-04-04T02:20:00.000Z","volume":21000,"label":" ","price":2.25},{"type":"B","date":"2018-04-04T02:20:05.000Z","volume":8000,"label":" ","price":2.24},{"type":"U","date":"2018-04-04T02:20:19.000Z","volume":2000,"label":"X","price":2.248},{"type":"B","date":"2018-04-04T02:20:25.000Z","volume":29000,"label":" ","price":2.24},{"type":"A","date":"2018-04-04T02:20:25.000Z","volume":59000,"label":" ","price":2.25},{"type":"B","date":"2018-04-04T02:22:34.000Z","volume":34000,"label":" ","price":2.24},{"type":"A","date":"2018-04-04T02:22:52.000Z","volume":7000,"label":" ","price":2.24},{"type":"A","date":"2018-04-04T02:22:53.000Z","volume":15000,"label":" ","price":2.24},{"type":"A","date":"2018-04-04T02:23:57.000Z","volume":1000,"label":" ","price":2.24},{"type":"B","date":"2018-04-04T02:23:58.000Z","volume":2000,"label":" ","price":2.24},{"type":"B","date":"2018-04-04T02:25:06.000Z","volume":30000,"label":" ","price":2.24},{"type":"A","date":"2018-04-04T02:25:07.000Z","volume":70000,"label":" ","price":2.24},{"type":"B","date":"2018-04-04T02:26:45.000Z","volume":20000,"label":" ","price":2.24},{"type":"B","date":"2018-04-04T02:27:35.000Z","volume":155000,"label":" ","price":2.24},{"type":"B","date":"2018-04-04T02:28:42.000Z","volume":30000,"label":" ","price":2.24},{"type":"A","date":"2018-04-04T02:28:52.000Z","volume":7000,"label":" ","price":2.24},{"type":"A","date":"2018-04-04T02:29:12.000Z","volume":26000,"label":" ","price":2.24},{"type":"B","date":"2018-04-04T02:31:24.000Z","volume":20000,"label":" ","price":2.24},{"type":"A","date":"2018-04-04T02:32:57.000Z","volume":5000,"label":" ","price":2.25},{"type":"B","date":"2018-04-04T02:33:12.000Z","volume":23000,"label":" ","price":2.24},{"type":"B","date":"2018-04-04T02:35:39.000Z","volume":2000,"label":" ","price":2.24},{"type":"B","date":"2018-04-04T02:36:09.000Z","volume":1000,"label":" ","price":2.24},{"type":"U","date":"2018-04-04T02:37:33.000Z","volume":2000,"label":"X","price":2.24},{"type":"U","date":"2018-04-04T02:37:33.000Z","volume":2000,"label":"X","price":2.24},{"type":"U","date":"2018-04-04T02:38:35.000Z","volume":1000,"label":"X","price":2.24},{"type":"A","date":"2018-04-04T02:41:58.000Z","volume":10000,"label":" ","price":2.25},{"type":"A","date":"2018-04-04T02:42:09.000Z","volume":7000,"label":" ","price":2.25},{"type":"A","date":"2018-04-04T02:43:12.000Z","volume":100000,"label":" ","price":2.25},{"type":"A","date":"2018-04-04T02:43:33.000Z","volume":7000,"label":" ","price":2.25},{"type":"B","date":"2018-04-04T02:43:40.000Z","volume":3000,"label":" ","price":2.24},{"type":"A","date":"2018-04-04T02:44:22.000Z","volume":36000,"label":" ","price":2.25},{"type":"A","date":"2018-04-04T02:46:00.000Z","volume":3000,"label":" ","price":2.25},{"type":"A","date":"2018-04-04T02:46:41.000Z","volume":30000,"label":" ","price":2.25},{"type":"A","date":"2018-04-04T02:47:05.000Z","volume":2000,"label":" ","price":2.25},{"type":"B","date":"2018-04-04T02:48:32.000Z","volume":1000,"label":" ","price":2.24},{"type":"U","date":"2018-04-04T02:48:35.000Z","volume":1000,"label":"X","price":2.25},{"type":"B","date":"2018-04-04T02:49:15.000Z","volume":1000,"label":" ","price":2.24},{"type":"A","date":"2018-04-04T02:50:53.000Z","volume":32000,"label":" ","price":2.25},{"type":"A","date":"2018-04-04T02:51:02.000Z","volume":1000000,"label":" ","price":2.25},{"type":"A","date":"2018-04-04T02:51:02.000Z","volume":84000,"label":" ","price":2.25},{"type":"A","date":"2018-04-04T02:51:02.000Z","volume":7000,"label":" ","price":2.26},{"type":"A","date":"2018-04-04T02:51:09.000Z","volume":5000,"label":" ","price":2.26},{"type":"A","date":"2018-04-04T02:51:10.000Z","volume":13000,"label":" ","price":2.26},{"type":"A","date":"2018-04-04T02:51:28.000Z","volume":7000,"label":" ","price":2.26},{"type":"A","date":"2018-04-04T02:51:56.000Z","volume":3000,"label":" ","price":2.26},{"type":"A","date":"2018-04-04T02:52:16.000Z","volume":60000,"label":" ","price":2.26},{"type":"A","date":"2018-04-04T02:53:03.000Z","volume":53000,"label":" ","price":2.26},{"type":"A","date":"2018-04-04T02:53:25.000Z","volume":4000,"label":" ","price":2.26},{"type":"A","date":"2018-04-04T02:53:31.000Z","volume":123000,"label":" ","price":2.26},{"type":"A","date":"2018-04-04T02:53:31.000Z","volume":2000,"label":" ","price":2.26},{"type":"U","date":"2018-04-04T02:53:35.000Z","volume":3000,"label":"X","price":2.252},{"type":"A","date":"2018-04-04T02:54:07.000Z","volume":50000,"label":"Y","price":2.26},{"type":"A","date":"2018-04-04T02:54:10.000Z","volume":100000,"label":" ","price":2.26},{"type":"A","date":"2018-04-04T02:54:10.000Z","volume":2000,"label":" ","price":2.26},{"type":"A","date":"2018-04-04T02:54:10.000Z","volume":20000,"label":" ","price":2.26},{"type":"A","date":"2018-04-04T02:54:15.000Z","volume":20000,"label":" ","price":2.26},{"type":"A","date":"2018-04-04T02:54:18.000Z","volume":200000,"label":" ","price":2.26},{"type":"A","date":"2018-04-04T02:54:18.000Z","volume":523000,"label":" ","price":2.26},{"type":"A","date":"2018-04-04T02:54:18.000Z","volume":194000,"label":" ","price":2.26},{"type":"A","date":"2018-04-04T02:54:18.000Z","volume":34000,"label":" ","price":2.26},{"type":"A","date":"2018-04-04T02:54:18.000Z","volume":42000,"label":" ","price":2.26},{"type":"A","date":"2018-04-04T02:54:18.000Z","volume":264000,"label":" ","price":2.26},{"type":"A","date":"2018-04-04T02:54:18.000Z","volume":20000,"label":" ","price":2.26},{"type":"A","date":"2018-04-04T02:54:18.000Z","volume":1000,"label":" ","price":2.26},{"type":"A","date":"2018-04-04T02:54:18.000Z","volume":105000,"label":" ","price":2.26},{"type":"A","date":"2018-04-04T02:54:39.000Z","volume":6000,"label":" ","price":2.27},{"type":"A","date":"2018-04-04T02:54:40.000Z","volume":200000,"label":" ","price":2.27},{"type":"A","date":"2018-04-04T02:55:02.000Z","volume":60000,"label":" ","price":2.27},{"type":"A","date":"2018-04-04T02:55:06.000Z","volume":1000,"label":" ","price":2.27},{"type":"A","date":"2018-04-04T02:55:15.000Z","volume":50000,"label":" ","price":2.27},{"type":"B","date":"2018-04-04T02:55:20.000Z","volume":312000,"label":" ","price":2.26},{"type":"U","date":"2018-04-04T02:55:28.000Z","volume":1000,"label":"X","price":2.261},{"type":"B","date":"2018-04-04T02:55:40.000Z","volume":3000,"label":"Y","price":2.26},{"type":"B","date":"2018-04-04T02:55:40.000Z","volume":45000,"label":" ","price":2.26},{"type":"B","date":"2018-04-04T02:55:59.000Z","volume":16000,"label":" ","price":2.26},{"type":"B","date":"2018-04-04T02:56:06.000Z","volume":10000,"label":" ","price":2.26},{"type":"A","date":"2018-04-04T02:56:41.000Z","volume":3000,"label":" ","price":2.27},{"type":"A","date":"2018-04-04T02:58:23.000Z","volume":30000,"label":" ","price":2.27},{"type":"B","date":"2018-04-04T02:58:23.000Z","volume":5000,"label":" ","price":2.26},{"type":"A","date":"2018-04-04T02:58:26.000Z","volume":30000,"label":" ","price":2.27},{"type":"B","date":"2018-04-04T02:58:27.000Z","volume":6000,"label":" ","price":2.26},{"type":"B","date":"2018-04-04T02:59:09.000Z","volume":4000,"label":" ","price":2.26},{"type":"A","date":"2018-04-04T02:59:30.000Z","volume":13000,"label":" ","price":2.27},{"type":"B","date":"2018-04-04T02:59:59.000Z","volume":4000,"label":" ","price":2.26},{"type":"A","date":"2018-04-04T03:00:04.000Z","volume":5000,"label":" ","price":2.27},{"type":"A","date":"2018-04-04T03:00:10.000Z","volume":7000,"label":" ","price":2.27},{"type":"A","date":"2018-04-04T03:00:19.000Z","volume":26000,"label":" ","price":2.27},{"type":"B","date":"2018-04-04T03:00:33.000Z","volume":8000,"label":" ","price":2.26},{"type":"B","date":"2018-04-04T03:01:03.000Z","volume":4000,"label":" ","price":2.26},{"type":"B","date":"2018-04-04T03:01:35.000Z","volume":795000,"label":" ","price":2.26},{"type":"A","date":"2018-04-04T03:01:36.000Z","volume":1000,"label":" ","price":2.26},{"type":"A","date":"2018-04-04T03:01:36.000Z","volume":2000,"label":" ","price":2.26},{"type":"B","date":"2018-04-04T03:01:36.000Z","volume":4000,"label":" ","price":2.25},{"type":"B","date":"2018-04-04T03:01:38.000Z","volume":112000,"label":" ","price":2.25},{"type":"B","date":"2018-04-04T03:01:54.000Z","volume":3000,"label":" ","price":2.25},{"type":"B","date":"2018-04-04T03:01:56.000Z","volume":22000,"label":" ","price":2.25},{"type":"A","date":"2018-04-04T03:02:03.000Z","volume":3000,"label":" ","price":2.26},{"type":"B","date":"2018-04-04T03:02:36.000Z","volume":100000,"label":" ","price":2.25},{"type":"B","date":"2018-04-04T03:02:37.000Z","volume":20000,"label":" ","price":2.25},{"type":"B","date":"2018-04-04T03:05:34.000Z","volume":5000,"label":" ","price":2.25},{"type":"B","date":"2018-04-04T03:05:59.000Z","volume":5000,"label":" ","price":2.25},{"type":"A","date":"2018-04-04T03:06:26.000Z","volume":30000,"label":" ","price":2.26},{"type":"B","date":"2018-04-04T03:06:39.000Z","volume":4000,"label":" ","price":2.25},{"type":"B","date":"2018-04-04T03:07:34.000Z","volume":5000,"label":" ","price":2.25},{"type":"B","date":"2018-04-04T03:08:54.000Z","volume":1000,"label":" ","price":2.25},{"type":"B","date":"2018-04-04T03:08:58.000Z","volume":5000,"label":" ","price":2.25},{"type":"B","date":"2018-04-04T03:09:03.000Z","volume":1000,"label":" ","price":2.25},{"type":"B","date":"2018-04-04T03:09:38.000Z","volume":4000,"label":" ","price":2.25},{"type":"B","date":"2018-04-04T03:09:53.000Z","volume":5000,"label":" ","price":2.25},{"type":"B","date":"2018-04-04T03:10:27.000Z","volume":1000,"label":" ","price":2.25},{"type":"U","date":"2018-04-04T03:10:40.000Z","volume":2000,"label":"X","price":2.257},{"type":"B","date":"2018-04-04T03:11:37.000Z","volume":50000,"label":" ","price":2.25},{"type":"B","date":"2018-04-04T03:11:42.000Z","volume":789000,"label":" ","price":2.25},{"type":"B","date":"2018-04-04T03:11:42.000Z","volume":34000,"label":" ","price":2.25},{"type":"B","date":"2018-04-04T03:11:46.000Z","volume":244000,"label":" ","price":2.25},{"type":"A","date":"2018-04-04T03:12:18.000Z","volume":4000,"label":" ","price":2.25},{"type":"A","date":"2018-04-04T03:12:23.000Z","volume":20000,"label":" ","price":2.25},{"type":"B","date":"2018-04-04T03:12:38.000Z","volume":200000,"label":" ","price":2.24},{"type":"B","date":"2018-04-04T03:13:55.000Z","volume":1000,"label":" ","price":2.24},{"type":"U","date":"2018-04-04T03:15:40.000Z","volume":3000,"label":"X","price":2.249},{"type":"B","date":"2018-04-04T03:16:26.000Z","volume":1000,"label":" ","price":2.24},{"type":"A","date":"2018-04-04T03:17:27.000Z","volume":5000,"label":" ","price":2.25},{"type":"U","date":"2018-04-04T03:17:40.000Z","volume":1000,"label":"X","price":2.248},{"type":"B","date":"2018-04-04T03:20:17.000Z","volume":22000,"label":" ","price":2.24},{"type":"B","date":"2018-04-04T03:20:37.000Z","volume":1000,"label":" ","price":2.24},{"type":"B","date":"2018-04-04T03:20:57.000Z","volume":1000,"label":" ","price":2.24},{"type":"U","date":"2018-04-04T03:22:40.000Z","volume":2000,"label":"X","price":2.24},{"type":"B","date":"2018-04-04T03:22:54.000Z","volume":1000,"label":" ","price":2.24},{"type":"B","date":"2018-04-04T03:23:24.000Z","volume":10000,"label":" ","price":2.24},{"type":"B","date":"2018-04-04T03:23:29.000Z","volume":10000,"label":" ","price":2.24},{"type":"B","date":"2018-04-04T03:25:44.000Z","volume":60000,"label":" ","price":2.24},{"type":"U","date":"2018-04-04T03:27:40.000Z","volume":2000,"label":"X","price":2.24},{"type":"B","date":"2018-04-04T03:27:47.000Z","volume":1000,"label":" ","price":2.24},{"type":"A","date":"2018-04-04T03:30:23.000Z","volume":6000,"label":" ","price":2.25},{"type":"A","date":"2018-04-04T03:31:37.000Z","volume":10000,"label":" ","price":2.25},{"type":"A","date":"2018-04-04T03:32:00.000Z","volume":90000,"label":" ","price":2.25},{"type":"U","date":"2018-04-04T03:32:40.000Z","volume":2000,"label":"X","price":2.25},{"type":"B","date":"2018-04-04T03:32:58.000Z","volume":1000,"label":" ","price":2.24},{"type":"B","date":"2018-04-04T03:33:11.000Z","volume":100000,"label":" ","price":2.24},{"type":"B","date":"2018-04-04T03:33:44.000Z","volume":2000,"label":" ","price":2.24},{"type":"A","date":"2018-04-04T03:34:13.000Z","volume":20000,"label":" ","price":2.25},{"type":"A","date":"2018-04-04T03:34:34.000Z","volume":10000,"label":" ","price":2.25},{"type":"B","date":"2018-04-04T03:36:03.000Z","volume":100000,"label":" ","price":2.24},{"type":"B","date":"2018-04-04T03:36:21.000Z","volume":80000,"label":" ","price":2.24},{"type":"B","date":"2018-04-04T03:36:21.000Z","volume":138000,"label":" ","price":2.24},{"type":"U","date":"2018-04-04T03:36:25.000Z","volume":20000,"label":" ","price":2.24},{"type":"A","date":"2018-04-04T03:37:13.000Z","volume":4000,"label":" ","price":2.24},{"type":"A","date":"2018-04-04T03:37:38.000Z","volume":20000,"label":" ","price":2.24},{"type":"A","date":"2018-04-04T03:38:30.000Z","volume":1000,"label":" ","price":2.24},{"type":"B","date":"2018-04-04T03:40:47.000Z","volume":1000,"label":" ","price":2.23},{"type":"A","date":"2018-04-04T03:42:13.000Z","volume":6000,"label":" ","price":2.24},{"type":"U","date":"2018-04-04T03:42:40.000Z","volume":3000,"label":"X","price":2.241},{"type":"A","date":"2018-04-04T03:42:54.000Z","volume":61000,"label":" ","price":2.24},{"type":"A","date":"2018-04-04T03:43:53.000Z","volume":108000,"label":" ","price":2.24},{"type":"A","date":"2018-04-04T03:43:55.000Z","volume":6000,"label":" ","price":2.24},{"type":"A","date":"2018-04-04T03:44:26.000Z","volume":5000,"label":" ","price":2.24},{"type":"A","date":"2018-04-04T03:45:28.000Z","volume":2000,"label":" ","price":2.24},{"type":"A","date":"2018-04-04T03:47:58.000Z","volume":20000,"label":" ","price":2.24},{"type":"B","date":"2018-04-04T03:49:12.000Z","volume":30000,"label":" ","price":2.23},{"type":"B","date":"2018-04-04T03:49:16.000Z","volume":50000,"label":" ","price":2.23},{"type":"B","date":"2018-04-04T03:49:16.000Z","volume":16000,"label":"Y","price":2.23},{"type":"B","date":"2018-04-04T03:49:16.000Z","volume":210000,"label":" ","price":2.23},{"type":"A","date":"2018-04-04T03:49:17.000Z","volume":2000,"label":" ","price":2.23},{"type":"A","date":"2018-04-04T03:49:25.000Z","volume":8000,"label":" ","price":2.23},{"type":"A","date":"2018-04-04T03:49:29.000Z","volume":17000,"label":" ","price":2.23},{"type":"B","date":"2018-04-04T03:49:40.000Z","volume":63000,"label":" ","price":2.23},{"type":"A","date":"2018-04-04T03:55:02.000Z","volume":7000,"label":" ","price":2.24},{"type":"A","date":"2018-04-04T03:55:17.000Z","volume":6000,"label":" ","price":2.24},{"type":"A","date":"2018-04-04T03:56:52.000Z","volume":7000,"label":" ","price":2.24},{"type":"A","date":"2018-04-04T03:57:01.000Z","volume":13000,"label":" ","price":2.24},{"type":"A","date":"2018-04-04T05:00:01.000Z","volume":1000,"label":" ","price":2.24},{"type":"B","date":"2018-04-04T05:00:01.000Z","volume":66000,"label":" ","price":2.23},{"type":"A","date":"2018-04-04T05:00:03.000Z","volume":120000,"label":" ","price":2.24},{"type":"A","date":"2018-04-04T05:00:15.000Z","volume":8000,"label":" ","price":2.24},{"type":"B","date":"2018-04-04T05:02:50.000Z","volume":70000,"label":" ","price":2.23},{"type":"B","date":"2018-04-04T05:03:17.000Z","volume":1000,"label":" ","price":2.23},{"type":"U","date":"2018-04-04T05:05:17.000Z","volume":4000,"label":"X","price":2.23},{"type":"A","date":"2018-04-04T05:06:01.000Z","volume":50000,"label":"Y","price":2.24},{"type":"A","date":"2018-04-04T05:06:01.000Z","volume":148000,"label":" ","price":2.24},{"type":"A","date":"2018-04-04T05:06:39.000Z","volume":5000,"label":" ","price":2.24},{"type":"A","date":"2018-04-04T05:07:03.000Z","volume":50000,"label":" ","price":2.24},{"type":"B","date":"2018-04-04T05:07:09.000Z","volume":4000,"label":" ","price":2.24},{"type":"B","date":"2018-04-04T05:07:23.000Z","volume":74000,"label":" ","price":2.24},{"type":"U","date":"2018-04-04T05:10:17.000Z","volume":4000,"label":"X","price":2.24},{"type":"B","date":"2018-04-04T05:14:50.000Z","volume":9000,"label":" ","price":2.23},{"type":"A","date":"2018-04-04T05:15:16.000Z","volume":3000,"label":" ","price":2.24},{"type":"B","date":"2018-04-04T05:17:42.000Z","volume":30000,"label":" ","price":2.23},{"type":"B","date":"2018-04-04T05:18:42.000Z","volume":1000,"label":" ","price":2.23},{"type":"U","date":"2018-04-04T05:20:17.000Z","volume":1000,"label":"X","price":2.231},{"type":"B","date":"2018-04-04T05:24:09.000Z","volume":20000,"label":" ","price":2.23},{"type":"B","date":"2018-04-04T05:24:37.000Z","volume":1000,"label":" ","price":2.23},{"type":"B","date":"2018-04-04T05:26:30.000Z","volume":1000,"label":" ","price":2.23},{"type":"U","date":"2018-04-04T05:27:17.000Z","volume":3000,"label":"X","price":2.23},{"type":"B","date":"2018-04-04T05:30:40.000Z","volume":1000,"label":" ","price":2.23},{"type":"A","date":"2018-04-04T05:31:57.000Z","volume":9000,"label":" ","price":2.24},{"type":"U","date":"2018-04-04T05:32:17.000Z","volume":2000,"label":"X","price":2.239},{"type":"B","date":"2018-04-04T05:38:21.000Z","volume":1000,"label":" ","price":2.23},{"type":"B","date":"2018-04-04T05:39:06.000Z","volume":215000,"label":" ","price":2.23},{"type":"B","date":"2018-04-04T05:39:09.000Z","volume":49000,"label":" ","price":2.23},{"type":"B","date":"2018-04-04T05:40:46.000Z","volume":2000,"label":" ","price":2.23},{"type":"U","date":"2018-04-04T05:42:17.000Z","volume":3000,"label":"X","price":2.23},{"type":"B","date":"2018-04-04T05:42:24.000Z","volume":100000,"label":" ","price":2.23},{"type":"B","date":"2018-04-04T05:42:32.000Z","volume":30000,"label":" ","price":2.23},{"type":"B","date":"2018-04-04T05:42:32.000Z","volume":34000,"label":" ","price":2.23},{"type":"B","date":"2018-04-04T05:43:16.000Z","volume":1000,"label":" ","price":2.22},{"type":"B","date":"2018-04-04T05:43:53.000Z","volume":14000,"label":" ","price":2.23},{"type":"U","date":"2018-04-04T05:44:17.000Z","volume":1000,"label":"X","price":2.23},{"type":"B","date":"2018-04-04T05:47:08.000Z","volume":4000,"label":" ","price":2.22},{"type":"B","date":"2018-04-04T05:47:56.000Z","volume":1000,"label":" ","price":2.22},{"type":"B","date":"2018-04-04T05:48:32.000Z","volume":1000,"label":"Y","price":2.22},{"type":"A","date":"2018-04-04T05:48:48.000Z","volume":3000,"label":" ","price":2.23},{"type":"A","date":"2018-04-04T05:48:52.000Z","volume":4000,"label":" ","price":2.23},{"type":"U","date":"2018-04-04T05:49:17.000Z","volume":2000,"label":"X","price":2.225},{"type":"B","date":"2018-04-04T05:49:50.000Z","volume":269000,"label":" ","price":2.22},{"type":"U","date":"2018-04-04T05:50:04.000Z","volume":10000,"label":" ","price":2.22},{"type":"A","date":"2018-04-04T05:50:21.000Z","volume":51000,"label":" ","price":2.22},{"type":"A","date":"2018-04-04T05:50:25.000Z","volume":2000,"label":"Y","price":2.22},{"type":"A","date":"2018-04-04T05:50:25.000Z","volume":3000,"label":" ","price":2.22},{"type":"A","date":"2018-04-04T05:50:45.000Z","volume":8000,"label":" ","price":2.22},{"type":"B","date":"2018-04-04T05:50:48.000Z","volume":5000,"label":"Y","price":2.22},{"type":"B","date":"2018-04-04T05:52:56.000Z","volume":13000,"label":" ","price":2.22},{"type":"B","date":"2018-04-04T05:53:05.000Z","volume":81000,"label":" ","price":2.22},{"type":"A","date":"2018-04-04T05:53:25.000Z","volume":2000,"label":" ","price":2.22},{"type":"A","date":"2018-04-04T05:53:50.000Z","volume":6000,"label":" ","price":2.22},{"type":"A","date":"2018-04-04T05:53:53.000Z","volume":7000,"label":" ","price":2.22},{"type":"A","date":"2018-04-04T05:53:57.000Z","volume":7000,"label":" ","price":2.22},{"type":"A","date":"2018-04-04T05:53:58.000Z","volume":8000,"label":" ","price":2.22},{"type":"A","date":"2018-04-04T05:54:10.000Z","volume":30000,"label":" ","price":2.22},{"type":"U","date":"2018-04-04T05:54:17.000Z","volume":2000,"label":"X","price":2.22},{"type":"B","date":"2018-04-04T05:55:11.000Z","volume":13000,"label":" ","price":2.22},{"type":"B","date":"2018-04-04T05:56:38.000Z","volume":10000,"label":" ","price":2.22},{"type":"A","date":"2018-04-04T05:58:11.000Z","volume":1000,"label":" ","price":2.23},{"type":"A","date":"2018-04-04T05:58:28.000Z","volume":2000,"label":" ","price":2.23},{"type":"A","date":"2018-04-04T05:58:57.000Z","volume":1000,"label":" ","price":2.23},{"type":"B","date":"2018-04-04T05:59:11.000Z","volume":13000,"label":" ","price":2.22},{"type":"A","date":"2018-04-04T06:01:00.000Z","volume":5000,"label":" ","price":2.23},{"type":"B","date":"2018-04-04T06:01:10.000Z","volume":30000,"label":" ","price":2.22},{"type":"B","date":"2018-04-04T06:03:16.000Z","volume":13000,"label":" ","price":2.22},{"type":"A","date":"2018-04-04T06:03:28.000Z","volume":4000,"label":" ","price":2.23},{"type":"A","date":"2018-04-04T06:03:31.000Z","volume":4000,"label":" ","price":2.23},{"type":"U","date":"2018-04-04T06:04:17.000Z","volume":2000,"label":"X","price":2.222},{"type":"B","date":"2018-04-04T06:06:29.000Z","volume":10000,"label":" ","price":2.22},{"type":"A","date":"2018-04-04T06:07:43.000Z","volume":8000,"label":" ","price":2.23},{"type":"B","date":"2018-04-04T06:07:46.000Z","volume":50000,"label":" ","price":2.22},{"type":"B","date":"2018-04-04T06:07:46.000Z","volume":13000,"label":" ","price":2.22},{"type":"B","date":"2018-04-04T06:08:11.000Z","volume":80000,"label":" ","price":2.22},{"type":"B","date":"2018-04-04T06:08:11.000Z","volume":19000,"label":" ","price":2.22},{"type":"A","date":"2018-04-04T06:08:28.000Z","volume":7000,"label":" ","price":2.22},{"type":"B","date":"2018-04-04T06:08:43.000Z","volume":40000,"label":" ","price":2.21},{"type":"A","date":"2018-04-04T06:08:52.000Z","volume":35000,"label":" ","price":2.22},{"type":"A","date":"2018-04-04T06:08:55.000Z","volume":2000,"label":" ","price":2.22},{"type":"B","date":"2018-04-04T06:09:07.000Z","volume":3000,"label":" ","price":2.21},{"type":"U","date":"2018-04-04T06:09:17.000Z","volume":3000,"label":"X","price":2.219},{"type":"A","date":"2018-04-04T06:09:26.000Z","volume":6000,"label":" ","price":2.22},{"type":"A","date":"2018-04-04T06:10:21.000Z","volume":15000,"label":" ","price":2.22},{"type":"B","date":"2018-04-04T06:12:02.000Z","volume":101000,"label":" ","price":2.21},{"type":"A","date":"2018-04-04T06:12:52.000Z","volume":8000,"label":" ","price":2.22},{"type":"A","date":"2018-04-04T06:12:56.000Z","volume":7000,"label":" ","price":2.22},{"type":"A","date":"2018-04-04T06:12:58.000Z","volume":3000,"label":" ","price":2.22},{"type":"A","date":"2018-04-04T06:12:58.000Z","volume":2000,"label":"Y","price":2.22},{"type":"A","date":"2018-04-04T06:12:58.000Z","volume":4000,"label":" ","price":2.22},{"type":"A","date":"2018-04-04T06:14:25.000Z","volume":2000,"label":" ","price":2.22},{"type":"A","date":"2018-04-04T06:14:34.000Z","volume":34000,"label":" ","price":2.22},{"type":"U","date":"2018-04-04T06:19:17.000Z","volume":2000,"label":"X","price":2.214},{"type":"U","date":"2018-04-04T06:20:40.000Z","volume":3000,"label":" ","price":2.22},{"type":"B","date":"2018-04-04T06:22:16.000Z","volume":9000,"label":" ","price":2.21},{"type":"A","date":"2018-04-04T06:22:26.000Z","volume":2000,"label":" ","price":2.22},{"type":"A","date":"2018-04-04T06:22:26.000Z","volume":19000,"label":" ","price":2.22},{"type":"A","date":"2018-04-04T06:23:29.000Z","volume":7000,"label":" ","price":2.22},{"type":"A","date":"2018-04-04T06:24:49.000Z","volume":21000,"label":" ","price":2.22},{"type":"A","date":"2018-04-04T06:24:55.000Z","volume":8000,"label":" ","price":2.22},{"type":"A","date":"2018-04-04T06:24:59.000Z","volume":4000,"label":" ","price":2.22},{"type":"A","date":"2018-04-04T06:25:01.000Z","volume":3000,"label":" ","price":2.22},{"type":"U","date":"2018-04-04T06:29:17.000Z","volume":3000,"label":"X","price":2.219},{"type":"A","date":"2018-04-04T06:30:20.000Z","volume":7000,"label":" ","price":2.22},{"type":"B","date":"2018-04-04T06:31:27.000Z","volume":1000,"label":" ","price":2.21},{"type":"B","date":"2018-04-04T06:33:21.000Z","volume":9000,"label":" ","price":2.21},{"type":"B","date":"2018-04-04T06:34:15.000Z","volume":50000,"label":" ","price":2.21},{"type":"B","date":"2018-04-04T06:34:15.000Z","volume":17000,"label":"Y","price":2.21},{"type":"B","date":"2018-04-04T06:34:15.000Z","volume":190000,"label":" ","price":2.21},{"type":"B","date":"2018-04-04T06:34:19.000Z","volume":1000,"label":" ","price":2.2},{"type":"A","date":"2018-04-04T06:34:19.000Z","volume":6000,"label":" ","price":2.21},{"type":"A","date":"2018-04-04T06:34:40.000Z","volume":8000,"label":" ","price":2.21},{"type":"A","date":"2018-04-04T06:34:43.000Z","volume":6000,"label":" ","price":2.21},{"type":"A","date":"2018-04-04T06:34:56.000Z","volume":2000,"label":" ","price":2.21},{"type":"A","date":"2018-04-04T06:35:15.000Z","volume":10000,"label":" ","price":2.21},{"type":"U","date":"2018-04-04T06:35:23.000Z","volume":2000,"label":"X","price":2.21},{"type":"B","date":"2018-04-04T06:37:21.000Z","volume":13000,"label":" ","price":2.2},{"type":"A","date":"2018-04-04T06:40:26.000Z","volume":2000,"label":" ","price":2.21},{"type":"A","date":"2018-04-04T06:40:28.000Z","volume":1000,"label":" ","price":2.21},{"type":"B","date":"2018-04-04T06:41:07.000Z","volume":12000,"label":" ","price":2.2},{"type":"A","date":"2018-04-04T06:41:08.000Z","volume":55000,"label":" ","price":2.21},{"type":"B","date":"2018-04-04T06:41:08.000Z","volume":271000,"label":" ","price":2.21},{"type":"B","date":"2018-04-04T06:41:08.000Z","volume":195000,"label":" ","price":2.21},{"type":"B","date":"2018-04-04T06:41:08.000Z","volume":112000,"label":" ","price":2.21},{"type":"B","date":"2018-04-04T06:41:10.000Z","volume":63000,"label":" ","price":2.21},{"type":"B","date":"2018-04-04T06:41:16.000Z","volume":11000,"label":" ","price":2.21},{"type":"B","date":"2018-04-04T06:41:20.000Z","volume":13000,"label":" ","price":2.21},{"type":"U","date":"2018-04-04T06:42:27.000Z","volume":2000,"label":"X","price":2.21},{"type":"A","date":"2018-04-04T06:44:04.000Z","volume":3000,"label":" ","price":2.22},{"type":"A","date":"2018-04-04T06:45:21.000Z","volume":9000,"label":" ","price":2.22},{"type":"A","date":"2018-04-04T06:45:25.000Z","volume":16000,"label":" ","price":2.22},{"type":"A","date":"2018-04-04T06:45:37.000Z","volume":8000,"label":" ","price":2.22},{"type":"B","date":"2018-04-04T06:45:56.000Z","volume":16000,"label":" ","price":2.21},{"type":"B","date":"2018-04-04T06:46:26.000Z","volume":12000,"label":" ","price":2.21},{"type":"B","date":"2018-04-04T06:48:33.000Z","volume":4000,"label":" ","price":2.21},{"type":"B","date":"2018-04-04T06:49:30.000Z","volume":80000,"label":" ","price":2.21},{"type":"B","date":"2018-04-04T06:52:26.000Z","volume":10000,"label":" ","price":2.21},{"type":"U","date":"2018-04-04T06:52:27.000Z","volume":2000,"label":"X","price":2.212},{"type":"A","date":"2018-04-04T06:53:40.000Z","volume":6000,"label":" ","price":2.22},{"type":"A","date":"2018-04-04T06:53:46.000Z","volume":6000,"label":" ","price":2.22},{"type":"A","date":"2018-04-04T06:53:49.000Z","volume":8000,"label":" ","price":2.22},{"type":"B","date":"2018-04-04T06:54:26.000Z","volume":13000,"label":" ","price":2.21},{"type":"B","date":"2018-04-04T06:55:42.000Z","volume":1000,"label":" ","price":2.21},{"type":"B","date":"2018-04-04T06:56:00.000Z","volume":10000,"label":" ","price":2.21},{"type":"B","date":"2018-04-04T06:57:26.000Z","volume":12000,"label":" ","price":2.21},{"type":"U","date":"2018-04-04T06:57:27.000Z","volume":3000,"label":"X","price":2.214},{"type":"B","date":"2018-04-04T06:58:56.000Z","volume":1000,"label":" ","price":2.21},{"type":"B","date":"2018-04-04T07:00:26.000Z","volume":2000,"label":" ","price":2.21},{"type":"U","date":"2018-04-04T07:02:27.000Z","volume":3000,"label":"X","price":2.21},{"type":"B","date":"2018-04-04T07:02:59.000Z","volume":1000,"label":" ","price":2.21},{"type":"U","date":"2018-04-04T07:03:27.000Z","volume":1000,"label":"X","price":2.21},{"type":"B","date":"2018-04-04T07:03:31.000Z","volume":10000,"label":" ","price":2.21},{"type":"B","date":"2018-04-04T07:04:56.000Z","volume":100000,"label":" ","price":2.21},{"type":"B","date":"2018-04-04T07:04:56.000Z","volume":13000,"label":" ","price":2.21},{"type":"B","date":"2018-04-04T07:05:01.000Z","volume":13000,"label":" ","price":2.21},{"type":"B","date":"2018-04-04T07:05:15.000Z","volume":4000,"label":" ","price":2.21},{"type":"B","date":"2018-04-04T07:05:25.000Z","volume":62000,"label":" ","price":2.21},{"type":"A","date":"2018-04-04T07:05:27.000Z","volume":2000,"label":" ","price":2.21},{"type":"U","date":"2018-04-04T07:05:27.000Z","volume":1000,"label":"X","price":2.21},{"type":"A","date":"2018-04-04T07:05:50.000Z","volume":10000,"label":" ","price":2.21},{"type":"B","date":"2018-04-04T07:07:26.000Z","volume":1000,"label":" ","price":2.2},{"type":"B","date":"2018-04-04T07:07:31.000Z","volume":2000,"label":" ","price":2.2},{"type":"B","date":"2018-04-04T07:08:24.000Z","volume":200000,"label":" ","price":2.2},{"type":"B","date":"2018-04-04T07:08:37.000Z","volume":1000,"label":" ","price":2.2},{"type":"B","date":"2018-04-04T07:09:16.000Z","volume":10000,"label":" ","price":2.2},{"type":"A","date":"2018-04-04T07:09:57.000Z","volume":2000,"label":" ","price":2.21},{"type":"A","date":"2018-04-04T07:10:29.000Z","volume":2000,"label":" ","price":2.21},{"type":"B","date":"2018-04-04T07:12:37.000Z","volume":20000,"label":" ","price":2.2},{"type":"A","date":"2018-04-04T07:12:41.000Z","volume":10000,"label":" ","price":2.21},{"type":"A","date":"2018-04-04T07:12:59.000Z","volume":2000,"label":" ","price":2.21},{"type":"B","date":"2018-04-04T07:14:36.000Z","volume":11000,"label":" ","price":2.2},{"type":"A","date":"2018-04-04T07:14:57.000Z","volume":2000,"label":" ","price":2.21},{"type":"U","date":"2018-04-04T07:15:27.000Z","volume":2000,"label":"X","price":2.201},{"type":"A","date":"2018-04-04T07:15:29.000Z","volume":2000,"label":" ","price":2.21},{"type":"B","date":"2018-04-04T07:15:46.000Z","volume":1000,"label":" ","price":2.2},{"type":"A","date":"2018-04-04T07:18:03.000Z","volume":3000,"label":" ","price":2.21},{"type":"A","date":"2018-04-04T07:18:13.000Z","volume":18000,"label":" ","price":2.21},{"type":"A","date":"2018-04-04T07:18:16.000Z","volume":8000,"label":" ","price":2.21},{"type":"B","date":"2018-04-04T07:18:36.000Z","volume":13000,"label":" ","price":2.2},{"type":"A","date":"2018-04-04T07:20:15.000Z","volume":1000,"label":" ","price":2.21},{"type":"B","date":"2018-04-04T07:21:08.000Z","volume":1000,"label":" ","price":2.2},{"type":"A","date":"2018-04-04T07:21:21.000Z","volume":8000,"label":" ","price":2.21},{"type":"A","date":"2018-04-04T07:21:23.000Z","volume":1000,"label":" ","price":2.21},{"type":"A","date":"2018-04-04T07:21:29.000Z","volume":18000,"label":" ","price":2.21},{"type":"U","date":"2018-04-04T07:21:32.000Z","volume":1000,"label":"X","price":2.21},{"type":"B","date":"2018-04-04T07:21:36.000Z","volume":11000,"label":" ","price":2.2},{"type":"U","date":"2018-04-04T07:22:27.000Z","volume":2000,"label":"X","price":2.21},{"type":"B","date":"2018-04-04T07:22:49.000Z","volume":4000,"label":" ","price":2.2},{"type":"A","date":"2018-04-04T07:23:00.000Z","volume":8000,"label":" ","price":2.21},{"type":"A","date":"2018-04-04T07:24:27.000Z","volume":1000,"label":" ","price":2.21},{"type":"U","date":"2018-04-04T07:24:27.000Z","volume":1000,"label":"X","price":2.21},{"type":"A","date":"2018-04-04T07:24:28.000Z","volume":10000,"label":" ","price":2.21},{"type":"A","date":"2018-04-04T07:25:22.000Z","volume":4000,"label":" ","price":2.21},{"type":"U","date":"2018-04-04T07:25:27.000Z","volume":2000,"label":"X","price":2.207},{"type":"B","date":"2018-04-04T07:25:41.000Z","volume":13000,"label":" ","price":2.2},{"type":"A","date":"2018-04-04T07:26:00.000Z","volume":2000,"label":" ","price":2.21},{"type":"A","date":"2018-04-04T07:27:37.000Z","volume":9000,"label":" ","price":2.21},{"type":"A","date":"2018-04-04T07:28:00.000Z","volume":2000,"label":" ","price":2.21},{"type":"B","date":"2018-04-04T07:28:41.000Z","volume":12000,"label":" ","price":2.2},{"type":"U","date":"2018-04-04T07:28:58.000Z","volume":2000,"label":"X","price":2.21},{"type":"A","date":"2018-04-04T07:29:39.000Z","volume":14000,"label":" ","price":2.21},{"type":"B","date":"2018-04-04T07:30:09.000Z","volume":1000,"label":" ","price":2.2},{"type":"A","date":"2018-04-04T07:30:26.000Z","volume":6000,"label":" ","price":2.21},{"type":"B","date":"2018-04-04T07:31:12.000Z","volume":1000,"label":"Y","price":2.2},{"type":"A","date":"2018-04-04T07:32:17.000Z","volume":10000,"label":" ","price":2.21},{"type":"B","date":"2018-04-04T07:33:11.000Z","volume":17000,"label":" ","price":2.2},{"type":"A","date":"2018-04-04T07:33:14.000Z","volume":9000,"label":" ","price":2.21},{"type":"A","date":"2018-04-04T07:34:17.000Z","volume":10000,"label":" ","price":2.21},{"type":"A","date":"2018-04-04T07:35:20.000Z","volume":5000,"label":" ","price":2.21},{"type":"U","date":"2018-04-04T07:35:27.000Z","volume":2000,"label":"X","price":2.206},{"type":"B","date":"2018-04-04T07:35:55.000Z","volume":200000,"label":" ","price":2.2},{"type":"B","date":"2018-04-04T07:36:41.000Z","volume":1000,"label":" ","price":2.2},{"type":"B","date":"2018-04-04T07:37:01.000Z","volume":400000,"label":" ","price":2.2},{"type":"B","date":"2018-04-04T07:37:01.000Z","volume":25000,"label":" ","price":2.2},{"type":"B","date":"2018-04-04T07:37:01.000Z","volume":17000,"label":" ","price":2.2},{"type":"B","date":"2018-04-04T07:37:06.000Z","volume":16000,"label":" ","price":2.2},{"type":"B","date":"2018-04-04T07:37:06.000Z","volume":50000,"label":" ","price":2.2},{"type":"B","date":"2018-04-04T07:37:59.000Z","volume":30000,"label":" ","price":2.2},{"type":"B","date":"2018-04-04T07:38:20.000Z","volume":20000,"label":" ","price":2.2},{"type":"U","date":"2018-04-04T07:38:29.000Z","volume":2000,"label":"X","price":2.2},{"type":"U","date":"2018-04-04T07:39:47.000Z","volume":2000,"label":"X","price":2.2},{"type":"B","date":"2018-04-04T07:39:47.000Z","volume":2000,"label":" ","price":2.2},{"type":"B","date":"2018-04-04T07:40:01.000Z","volume":1000,"label":" ","price":2.2},{"type":"B","date":"2018-04-04T07:40:42.000Z","volume":37000,"label":" ","price":2.2},{"type":"A","date":"2018-04-04T07:43:57.000Z","volume":8000,"label":" ","price":2.2},{"type":"A","date":"2018-04-04T07:45:06.000Z","volume":1000,"label":" ","price":2.2},{"type":"A","date":"2018-04-04T07:45:31.000Z","volume":2000,"label":" ","price":2.2},{"type":"B","date":"2018-04-04T07:45:42.000Z","volume":50000,"label":" ","price":2.19},{"type":"B","date":"2018-04-04T07:45:45.000Z","volume":1000,"label":" ","price":2.19},{"type":"B","date":"2018-04-04T07:45:51.000Z","volume":23000,"label":" ","price":2.19},{"type":"A","date":"2018-04-04T07:45:53.000Z","volume":39000,"label":" ","price":2.2},{"type":"B","date":"2018-04-04T07:47:20.000Z","volume":1000,"label":" ","price":2.19},{"type":"A","date":"2018-04-04T07:47:27.000Z","volume":9000,"label":" ","price":2.2},{"type":"A","date":"2018-04-04T07:47:42.000Z","volume":335000,"label":" ","price":2.2},{"type":"B","date":"2018-04-04T07:47:43.000Z","volume":100000,"label":" ","price":2.2},{"type":"U","date":"2018-04-04T07:47:53.000Z","volume":10000,"label":"X","price":2.205},{"type":"U","date":"2018-04-04T07:47:54.000Z","volume":12000,"label":"X","price":2.205},{"type":"U","date":"2018-04-04T07:48:15.000Z","volume":6000,"label":"X","price":2.205},{"type":"U","date":"2018-04-04T07:48:16.000Z","volume":22000,"label":"X","price":2.205},{"type":"A","date":"2018-04-04T07:48:31.000Z","volume":4000,"label":" ","price":2.21},{"type":"A","date":"2018-04-04T07:50:20.000Z","volume":4000,"label":" ","price":2.21},{"type":"A","date":"2018-04-04T07:50:26.000Z","volume":3000,"label":" ","price":2.21},{"type":"A","date":"2018-04-04T07:50:32.000Z","volume":7000,"label":" ","price":2.21},{"type":"B","date":"2018-04-04T07:51:28.000Z","volume":60000,"label":" ","price":2.2},{"type":"A","date":"2018-04-04T07:51:31.000Z","volume":8000,"label":" ","price":2.21},{"type":"A","date":"2018-04-04T07:51:36.000Z","volume":100000,"label":" ","price":2.21},{"type":"A","date":"2018-04-04T07:52:54.000Z","volume":101000,"label":" ","price":2.21},{"type":"B","date":"2018-04-04T07:54:10.000Z","volume":16000,"label":" ","price":2.2},{"type":"A","date":"2018-04-04T07:54:14.000Z","volume":8000,"label":" ","price":2.21},{"type":"A","date":"2018-04-04T07:55:05.000Z","volume":70000,"label":" ","price":2.21},{"type":"A","date":"2018-04-04T07:55:53.000Z","volume":2000,"label":" ","price":2.21},{"type":"A","date":"2018-04-04T07:55:56.000Z","volume":97000,"label":" ","price":2.21},{"type":"B","date":"2018-04-04T07:55:57.000Z","volume":3000,"label":" ","price":2.21},{"type":"A","date":"2018-04-04T07:56:00.000Z","volume":4000,"label":" ","price":2.21},{"type":"B","date":"2018-04-04T07:56:03.000Z","volume":28000,"label":" ","price":2.21},{"type":"B","date":"2018-04-04T07:56:09.000Z","volume":14000,"label":" ","price":2.21},{"type":"A","date":"2018-04-04T07:56:41.000Z","volume":9000,"label":" ","price":2.22},{"type":"A","date":"2018-04-04T07:56:50.000Z","volume":2000,"label":" ","price":2.22},{"type":"B","date":"2018-04-04T07:57:09.000Z","volume":3000,"label":" ","price":2.21},{"type":"B","date":"2018-04-04T07:57:13.000Z","volume":4000,"label":" ","price":2.21},{"type":"A","date":"2018-04-04T07:57:31.000Z","volume":4000,"label":" ","price":2.22},{"type":"B","date":"2018-04-04T07:57:46.000Z","volume":5000,"label":" ","price":2.21},{"type":"A","date":"2018-04-04T07:57:48.000Z","volume":30000,"label":" ","price":2.22},{"type":"A","date":"2018-04-04T07:57:58.000Z","volume":4000,"label":" ","price":2.22},{"type":"B","date":"2018-04-04T07:58:00.000Z","volume":1000,"label":" ","price":2.21},{"type":"A","date":"2018-04-04T07:58:31.000Z","volume":4000,"label":" ","price":2.22},{"type":"B","date":"2018-04-04T07:58:46.000Z","volume":13000,"label":" ","price":2.21},{"type":"B","date":"2018-04-04T07:58:56.000Z","volume":8000,"label":" ","price":2.21},{"type":"A","date":"2018-04-04T07:59:00.000Z","volume":1000,"label":" ","price":2.22},{"type":"A","date":"2018-04-04T07:59:01.000Z","volume":2000,"label":" ","price":2.22},{"type":"A","date":"2018-04-04T07:59:02.000Z","volume":4000,"label":" ","price":2.22},{"type":"A","date":"2018-04-04T07:59:02.000Z","volume":17000,"label":" ","price":2.22},{"type":"A","date":"2018-04-04T07:59:02.000Z","volume":7000,"label":" ","price":2.22},{"type":"B","date":"2018-04-04T07:59:02.000Z","volume":1000,"label":" ","price":2.21},{"type":"B","date":"2018-04-04T07:59:02.000Z","volume":4000,"label":" ","price":2.21},{"type":"A","date":"2018-04-04T07:59:09.000Z","volume":10000,"label":" ","price":2.22},{"type":"B","date":"2018-04-04T07:59:09.000Z","volume":12000,"label":" ","price":2.21},{"type":"A","date":"2018-04-04T07:59:14.000Z","volume":3000,"label":" ","price":2.22},{"type":"A","date":"2018-04-04T07:59:15.000Z","volume":1000,"label":" ","price":2.22},{"type":"B","date":"2018-04-04T07:59:18.000Z","volume":6000,"label":" ","price":2.21},{"type":"A","date":"2018-04-04T07:59:29.000Z","volume":3000,"label":" ","price":2.22},{"type":"A","date":"2018-04-04T07:59:29.000Z","volume":2000,"label":" ","price":2.22},{"type":"A","date":"2018-04-04T07:59:30.000Z","volume":2000,"label":" ","price":2.22},{"type":"A","date":"2018-04-04T07:59:30.000Z","volume":1000,"label":" ","price":2.22},{"type":"B","date":"2018-04-04T07:59:33.000Z","volume":1000,"label":" ","price":2.21},{"type":"B","date":"2018-04-04T07:59:39.000Z","volume":2000,"label":" ","price":2.21},{"type":"A","date":"2018-04-04T07:59:42.000Z","volume":4000,"label":" ","price":2.22},{"type":"A","date":"2018-04-04T07:59:44.000Z","volume":2000,"label":" ","price":2.22},{"type":"A","date":"2018-04-04T07:59:44.000Z","volume":5000,"label":" ","price":2.22},{"type":"A","date":"2018-04-04T07:59:45.000Z","volume":1000,"label":" ","price":2.22},{"type":"A","date":"2018-04-04T07:59:55.000Z","volume":4000,"label":" ","price":2.22},{"type":"A","date":"2018-04-04T07:59:55.000Z","volume":2000,"label":" ","price":2.22}]