[{"type":"U","date":"2018-03-27T01:20:00.000Z","volume":12000,"label":"U","price":11.3},{"type":"A","date":"2018-03-27T01:30:01.000Z","volume":500,"label":" ","price":11.36},{"type":"B","date":"2018-03-27T01:30:20.000Z","volume":500,"label":" ","price":11.32},{"type":"B","date":"2018-03-27T01:30:20.000Z","volume":14000,"label":" ","price":11.3},{"type":"B","date":"2018-03-27T01:30:20.000Z","volume":500,"label":" ","price":11.3},{"type":"A","date":"2018-03-27T01:30:20.000Z","volume":500,"label":" ","price":11.3},{"type":"A","date":"2018-03-27T01:30:33.000Z","volume":2000,"label":" ","price":11.3},{"type":"A","date":"2018-03-27T01:30:36.000Z","volume":500,"label":" ","price":11.3},{"type":"A","date":"2018-03-27T01:31:42.000Z","volume":500,"label":" ","price":11.3},{"type":"A","date":"2018-03-27T01:31:48.000Z","volume":3000,"label":" ","price":11.3},{"type":"A","date":"2018-03-27T01:31:48.000Z","volume":500,"label":" ","price":11.3},{"type":"A","date":"2018-03-27T01:32:24.000Z","volume":2000,"label":" ","price":11.3},{"type":"B","date":"2018-03-27T01:32:43.000Z","volume":16000,"label":" ","price":11.32},{"type":"U","date":"2018-03-27T01:32:44.000Z","volume":1000,"label":" ","price":11.26},{"type":"B","date":"2018-03-27T01:33:10.000Z","volume":3000,"label":" ","price":11.22},{"type":"A","date":"2018-03-27T01:33:11.000Z","volume":1500,"label":" ","price":11.22},{"type":"A","date":"2018-03-27T01:34:26.000Z","volume":1500,"label":" ","price":11.22},{"type":"A","date":"2018-03-27T01:34:26.000Z","volume":1000,"label":" ","price":11.28},{"type":"A","date":"2018-03-27T01:34:26.000Z","volume":5500,"label":" ","price":11.3},{"type":"A","date":"2018-03-27T01:34:26.000Z","volume":2000,"label":" ","price":11.32},{"type":"A","date":"2018-03-27T01:34:54.000Z","volume":1000,"label":" ","price":11.3},{"type":"U","date":"2018-03-27T01:35:06.000Z","volume":500,"label":" ","price":11.28},{"type":"A","date":"2018-03-27T01:35:25.000Z","volume":2500,"label":" ","price":11.28},{"type":"A","date":"2018-03-27T01:35:25.000Z","volume":4000,"label":" ","price":11.3},{"type":"A","date":"2018-03-27T01:35:25.000Z","volume":2000,"label":" ","price":11.32},{"type":"B","date":"2018-03-27T01:36:00.000Z","volume":2000,"label":" ","price":11.32},{"type":"B","date":"2018-03-27T01:36:00.000Z","volume":500,"label":"Y","price":11.32},{"type":"B","date":"2018-03-27T01:36:00.000Z","volume":26000,"label":" ","price":11.32},{"type":"B","date":"2018-03-27T01:36:00.000Z","volume":5000,"label":" ","price":11.28},{"type":"A","date":"2018-03-27T01:36:18.000Z","volume":1000,"label":" ","price":11.32},{"type":"A","date":"2018-03-27T01:37:28.000Z","volume":5000,"label":" ","price":11.32},{"type":"A","date":"2018-03-27T01:37:30.000Z","volume":500,"label":" ","price":11.32},{"type":"A","date":"2018-03-27T01:37:49.000Z","volume":1000,"label":" ","price":11.32},{"type":"A","date":"2018-03-27T01:38:33.000Z","volume":1500,"label":" ","price":11.3},{"type":"B","date":"2018-03-27T01:38:34.000Z","volume":3500,"label":" ","price":11.26},{"type":"B","date":"2018-03-27T01:38:34.000Z","volume":3500,"label":" ","price":11.26},{"type":"A","date":"2018-03-27T01:38:34.000Z","volume":1000,"label":" ","price":11.26},{"type":"A","date":"2018-03-27T01:40:35.000Z","volume":18500,"label":" ","price":11.26},{"type":"A","date":"2018-03-27T01:40:35.000Z","volume":5500,"label":" ","price":11.28},{"type":"A","date":"2018-03-27T01:40:35.000Z","volume":6000,"label":" ","price":11.3},{"type":"U","date":"2018-03-27T01:40:36.000Z","volume":500,"label":" ","price":11.28},{"type":"A","date":"2018-03-27T01:40:37.000Z","volume":500,"label":" ","price":11.28},{"type":"A","date":"2018-03-27T01:40:47.000Z","volume":500,"label":" ","price":11.28},{"type":"A","date":"2018-03-27T01:42:08.000Z","volume":2000,"label":" ","price":11.28},{"type":"A","date":"2018-03-27T01:42:09.000Z","volume":2500,"label":" ","price":11.28},{"type":"A","date":"2018-03-27T01:42:52.000Z","volume":500,"label":" ","price":11.28},{"type":"A","date":"2018-03-27T01:42:59.000Z","volume":500,"label":" ","price":11.28},{"type":"A","date":"2018-03-27T01:43:24.000Z","volume":1000,"label":" ","price":11.28},{"type":"B","date":"2018-03-27T01:43:39.000Z","volume":20000,"label":" ","price":11.26},{"type":"B","date":"2018-03-27T01:43:39.000Z","volume":500,"label":" ","price":11.26},{"type":"A","date":"2018-03-27T01:44:09.000Z","volume":5000,"label":" ","price":11.26},{"type":"A","date":"2018-03-27T01:44:14.000Z","volume":500,"label":" ","price":11.26},{"type":"A","date":"2018-03-27T01:46:06.000Z","volume":500,"label":" ","price":11.26},{"type":"A","date":"2018-03-27T01:47:12.000Z","volume":2000,"label":" ","price":11.26},{"type":"A","date":"2018-03-27T01:47:29.000Z","volume":500,"label":" ","price":11.26},{"type":"B","date":"2018-03-27T01:47:55.000Z","volume":500,"label":" ","price":11.22},{"type":"U","date":"2018-03-27T01:50:35.000Z","volume":437,"label":"D","price":11.12},{"type":"A","date":"2018-03-27T01:50:40.000Z","volume":2500,"label":" ","price":11.26},{"type":"B","date":"2018-03-27T01:51:40.000Z","volume":500,"label":" ","price":11.26},{"type":"B","date":"2018-03-27T01:51:55.000Z","volume":1000,"label":"Y","price":11.26},{"type":"B","date":"2018-03-27T01:52:23.000Z","volume":13000,"label":" ","price":11.26},{"type":"A","date":"2018-03-27T01:52:23.000Z","volume":1000,"label":" ","price":11.26},{"type":"A","date":"2018-03-27T01:52:42.000Z","volume":500,"label":" ","price":11.26},{"type":"A","date":"2018-03-27T01:54:30.000Z","volume":3000,"label":" ","price":11.26},{"type":"B","date":"2018-03-27T01:55:46.000Z","volume":59000,"label":" ","price":11.26},{"type":"U","date":"2018-03-27T01:55:46.000Z","volume":1500,"label":" ","price":11.26},{"type":"A","date":"2018-03-27T01:56:16.000Z","volume":7000,"label":" ","price":11.28},{"type":"B","date":"2018-03-27T01:56:16.000Z","volume":3000,"label":" ","price":11.28},{"type":"B","date":"2018-03-27T02:01:30.000Z","volume":4000,"label":" ","price":11.24},{"type":"B","date":"2018-03-27T02:03:04.000Z","volume":500,"label":" ","price":11.26},{"type":"B","date":"2018-03-27T02:03:04.000Z","volume":1500,"label":" ","price":11.24},{"type":"B","date":"2018-03-27T02:03:04.000Z","volume":2000,"label":" ","price":11.22},{"type":"A","date":"2018-03-27T02:07:59.000Z","volume":500,"label":" ","price":11.22},{"type":"A","date":"2018-03-27T02:10:53.000Z","volume":4500,"label":" ","price":11.26},{"type":"B","date":"2018-03-27T02:10:58.000Z","volume":3000,"label":" ","price":11.26},{"type":"A","date":"2018-03-27T02:11:01.000Z","volume":3000,"label":" ","price":11.26},{"type":"B","date":"2018-03-27T02:12:02.000Z","volume":2500,"label":" ","price":11.22},{"type":"B","date":"2018-03-27T02:12:02.000Z","volume":1500,"label":" ","price":11.2},{"type":"B","date":"2018-03-27T02:12:23.000Z","volume":1500,"label":" ","price":11.2},{"type":"B","date":"2018-03-27T02:13:24.000Z","volume":1000,"label":" ","price":11.2},{"type":"B","date":"2018-03-27T02:13:24.000Z","volume":500,"label":" ","price":11.18},{"type":"B","date":"2018-03-27T02:13:24.000Z","volume":21500,"label":" ","price":11.16},{"type":"A","date":"2018-03-27T02:17:42.000Z","volume":2000,"label":" ","price":11.18},{"type":"B","date":"2018-03-27T02:19:57.000Z","volume":70000,"label":" ","price":11.1},{"type":"B","date":"2018-03-27T02:19:57.000Z","volume":500,"label":" ","price":11.1},{"type":"A","date":"2018-03-27T02:21:43.000Z","volume":13000,"label":" ","price":11.14},{"type":"A","date":"2018-03-27T02:21:43.000Z","volume":37000,"label":" ","price":11.14},{"type":"A","date":"2018-03-27T02:21:43.000Z","volume":500,"label":" ","price":11.14},{"type":"B","date":"2018-03-27T02:22:52.000Z","volume":13500,"label":" ","price":11.06},{"type":"B","date":"2018-03-27T02:23:22.000Z","volume":500,"label":" ","price":11.06},{"type":"A","date":"2018-03-27T02:23:29.000Z","volume":1500,"label":" ","price":11.06},{"type":"B","date":"2018-03-27T02:23:32.000Z","volume":20000,"label":" ","price":11.04},{"type":"B","date":"2018-03-27T02:23:32.000Z","volume":32500,"label":" ","price":11.04},{"type":"B","date":"2018-03-27T02:23:32.000Z","volume":1500,"label":" ","price":11.04},{"type":"B","date":"2018-03-27T02:23:41.000Z","volume":500,"label":" ","price":11.02},{"type":"A","date":"2018-03-27T02:24:14.000Z","volume":1500,"label":" ","price":11.1},{"type":"U","date":"2018-03-27T02:26:18.000Z","volume":1000,"label":" ","price":11.06},{"type":"A","date":"2018-03-27T02:26:23.000Z","volume":500,"label":" ","price":11.1},{"type":"U","date":"2018-03-27T02:26:25.000Z","volume":257,"label":"D","price":11.22},{"type":"B","date":"2018-03-27T02:29:31.000Z","volume":33000,"label":" ","price":11.02},{"type":"B","date":"2018-03-27T02:29:32.000Z","volume":14500,"label":" ","price":11},{"type":"B","date":"2018-03-27T02:29:33.000Z","volume":14000,"label":" ","price":10.96},{"type":"B","date":"2018-03-27T02:29:33.000Z","volume":500,"label":" ","price":10.94},{"type":"B","date":"2018-03-27T02:29:33.000Z","volume":1000,"label":" ","price":10.92},{"type":"B","date":"2018-03-27T02:29:33.000Z","volume":5500,"label":" ","price":10.9},{"type":"A","date":"2018-03-27T02:33:38.000Z","volume":14000,"label":" ","price":11.02},{"type":"A","date":"2018-03-27T02:33:39.000Z","volume":3000,"label":" ","price":11.04},{"type":"B","date":"2018-03-27T02:33:53.000Z","volume":10000,"label":" ","price":11.02},{"type":"A","date":"2018-03-27T02:33:54.000Z","volume":1000,"label":" ","price":11.04},{"type":"A","date":"2018-03-27T02:33:55.000Z","volume":500,"label":" ","price":11.04},{"type":"A","date":"2018-03-27T02:33:57.000Z","volume":500,"label":" ","price":11.04},{"type":"A","date":"2018-03-27T02:37:46.000Z","volume":2500,"label":" ","price":11.04},{"type":"A","date":"2018-03-27T02:38:23.000Z","volume":500,"label":" ","price":11.04},{"type":"A","date":"2018-03-27T02:38:23.000Z","volume":11000,"label":" ","price":11.04},{"type":"A","date":"2018-03-27T02:38:45.000Z","volume":1500,"label":" ","price":11.06},{"type":"A","date":"2018-03-27T02:43:31.000Z","volume":10000,"label":" ","price":11.06},{"type":"A","date":"2018-03-27T02:43:31.000Z","volume":1000,"label":" ","price":11.06},{"type":"A","date":"2018-03-27T02:43:34.000Z","volume":1000,"label":" ","price":11.06},{"type":"A","date":"2018-03-27T02:44:11.000Z","volume":1000,"label":" ","price":11.06},{"type":"A","date":"2018-03-27T02:44:11.000Z","volume":500,"label":" ","price":11.06},{"type":"B","date":"2018-03-27T02:44:13.000Z","volume":500,"label":" ","price":11.06},{"type":"U","date":"2018-03-27T02:44:13.000Z","volume":500,"label":" ","price":11.06},{"type":"U","date":"2018-03-27T02:44:13.000Z","volume":6500,"label":" ","price":11.06},{"type":"U","date":"2018-03-27T02:44:55.000Z","volume":5000,"label":" ","price":11.06},{"type":"U","date":"2018-03-27T02:44:56.000Z","volume":500,"label":" ","price":11.06},{"type":"A","date":"2018-03-27T02:45:58.000Z","volume":4000,"label":" ","price":11.08},{"type":"A","date":"2018-03-27T02:49:01.000Z","volume":2000,"label":" ","price":11.08},{"type":"B","date":"2018-03-27T02:51:19.000Z","volume":500,"label":" ","price":11.08},{"type":"B","date":"2018-03-27T02:51:28.000Z","volume":3500,"label":" ","price":11.08},{"type":"B","date":"2018-03-27T02:52:55.000Z","volume":1000,"label":" ","price":11.06},{"type":"B","date":"2018-03-27T02:53:15.000Z","volume":9000,"label":" ","price":11.04},{"type":"B","date":"2018-03-27T02:53:15.000Z","volume":30000,"label":" ","price":11.02},{"type":"B","date":"2018-03-27T02:53:16.000Z","volume":500,"label":" ","price":11},{"type":"U","date":"2018-03-27T02:53:22.000Z","volume":1500,"label":" ","price":11.04},{"type":"A","date":"2018-03-27T02:54:11.000Z","volume":1000,"label":" ","price":11.04},{"type":"A","date":"2018-03-27T02:56:25.000Z","volume":8000,"label":" ","price":11.04},{"type":"A","date":"2018-03-27T02:57:08.000Z","volume":1500,"label":" ","price":11.02},{"type":"B","date":"2018-03-27T03:01:46.000Z","volume":500,"label":" ","price":11},{"type":"B","date":"2018-03-27T03:03:35.000Z","volume":29000,"label":" ","price":11},{"type":"B","date":"2018-03-27T03:03:35.000Z","volume":32500,"label":" ","price":11},{"type":"B","date":"2018-03-27T03:03:35.000Z","volume":5000,"label":" ","price":11},{"type":"A","date":"2018-03-27T03:03:35.000Z","volume":1500,"label":" ","price":11.02},{"type":"A","date":"2018-03-27T03:04:44.000Z","volume":6500,"label":" ","price":11.02},{"type":"A","date":"2018-03-27T03:07:13.000Z","volume":1000,"label":" ","price":11.02},{"type":"A","date":"2018-03-27T03:10:12.000Z","volume":5000,"label":" ","price":11.04},{"type":"A","date":"2018-03-27T03:11:17.000Z","volume":1000,"label":"Y","price":11.04},{"type":"A","date":"2018-03-27T03:11:17.000Z","volume":2000,"label":" ","price":11.04},{"type":"A","date":"2018-03-27T03:14:18.000Z","volume":2500,"label":" ","price":11.08},{"type":"A","date":"2018-03-27T03:14:28.000Z","volume":2000,"label":" ","price":11.08},{"type":"A","date":"2018-03-27T03:14:36.000Z","volume":7500,"label":" ","price":11.08},{"type":"A","date":"2018-03-27T03:17:14.000Z","volume":500,"label":" ","price":11.1},{"type":"A","date":"2018-03-27T03:17:58.000Z","volume":13000,"label":" ","price":11.1},{"type":"B","date":"2018-03-27T03:18:07.000Z","volume":6000,"label":" ","price":11.1},{"type":"B","date":"2018-03-27T03:18:11.000Z","volume":5500,"label":" ","price":11.1},{"type":"A","date":"2018-03-27T03:22:42.000Z","volume":2000,"label":" ","price":11.14},{"type":"U","date":"2018-03-27T03:27:20.000Z","volume":500,"label":" ","price":11.1},{"type":"A","date":"2018-03-27T03:28:29.000Z","volume":2500,"label":" ","price":11.1},{"type":"B","date":"2018-03-27T03:30:00.000Z","volume":6500,"label":" ","price":11.08},{"type":"B","date":"2018-03-27T03:30:00.000Z","volume":16500,"label":" ","price":11.06},{"type":"B","date":"2018-03-27T03:30:43.000Z","volume":2000,"label":" ","price":11.08},{"type":"B","date":"2018-03-27T03:31:07.000Z","volume":1000,"label":" ","price":11.04},{"type":"B","date":"2018-03-27T03:31:07.000Z","volume":13000,"label":" ","price":11.02},{"type":"B","date":"2018-03-27T03:31:07.000Z","volume":5000,"label":" ","price":11},{"type":"B","date":"2018-03-27T03:31:08.000Z","volume":3000,"label":" ","price":11},{"type":"A","date":"2018-03-27T03:36:15.000Z","volume":2000,"label":" ","price":11.02},{"type":"A","date":"2018-03-27T03:36:34.000Z","volume":2500,"label":" ","price":11.02},{"type":"A","date":"2018-03-27T03:36:34.000Z","volume":500,"label":" ","price":11.04},{"type":"A","date":"2018-03-27T03:37:51.000Z","volume":10000,"label":" ","price":11.04},{"type":"A","date":"2018-03-27T03:38:30.000Z","volume":3500,"label":" ","price":11.04},{"type":"A","date":"2018-03-27T03:39:25.000Z","volume":500,"label":" ","price":11.08},{"type":"A","date":"2018-03-27T03:41:30.000Z","volume":3000,"label":" ","price":11.08},{"type":"A","date":"2018-03-27T03:41:30.000Z","volume":2000,"label":" ","price":11.1},{"type":"A","date":"2018-03-27T03:42:14.000Z","volume":2000,"label":" ","price":11.12},{"type":"B","date":"2018-03-27T03:47:37.000Z","volume":1500,"label":" ","price":11.12},{"type":"B","date":"2018-03-27T03:47:37.000Z","volume":1500,"label":" ","price":11.12},{"type":"A","date":"2018-03-27T05:00:06.000Z","volume":5000,"label":" ","price":11.14},{"type":"A","date":"2018-03-27T05:00:06.000Z","volume":9000,"label":" ","price":11.14},{"type":"A","date":"2018-03-27T05:04:07.000Z","volume":500,"label":" ","price":11.16},{"type":"A","date":"2018-03-27T05:04:11.000Z","volume":20000,"label":" ","price":11.16},{"type":"A","date":"2018-03-27T05:04:11.000Z","volume":2500,"label":" ","price":11.16},{"type":"A","date":"2018-03-27T05:04:11.000Z","volume":2500,"label":" ","price":11.18},{"type":"A","date":"2018-03-27T05:04:11.000Z","volume":2000,"label":" ","price":11.2},{"type":"B","date":"2018-03-27T05:04:12.000Z","volume":7000,"label":" ","price":11.16},{"type":"B","date":"2018-03-27T05:04:12.000Z","volume":3000,"label":" ","price":11.16},{"type":"U","date":"2018-03-27T05:04:12.000Z","volume":10000,"label":" ","price":11.16},{"type":"U","date":"2018-03-27T05:04:13.000Z","volume":10000,"label":" ","price":11.16},{"type":"A","date":"2018-03-27T05:04:25.000Z","volume":500,"label":" ","price":11.22},{"type":"A","date":"2018-03-27T05:04:26.000Z","volume":1000,"label":" ","price":11.26},{"type":"B","date":"2018-03-27T05:04:33.000Z","volume":8500,"label":" ","price":11.22},{"type":"B","date":"2018-03-27T05:04:38.000Z","volume":500,"label":" ","price":11.22},{"type":"B","date":"2018-03-27T05:18:00.000Z","volume":3500,"label":" ","price":11.18},{"type":"B","date":"2018-03-27T05:20:15.000Z","volume":6500,"label":" ","price":11.16},{"type":"B","date":"2018-03-27T05:28:52.000Z","volume":10000,"label":" ","price":11.16},{"type":"B","date":"2018-03-27T05:28:52.000Z","volume":1500,"label":" ","price":11.16},{"type":"B","date":"2018-03-27T05:29:04.000Z","volume":1000,"label":" ","price":11.16},{"type":"A","date":"2018-03-27T05:32:46.000Z","volume":3000,"label":" ","price":11.18},{"type":"A","date":"2018-03-27T05:33:24.000Z","volume":4500,"label":" ","price":11.18},{"type":"A","date":"2018-03-27T05:33:24.000Z","volume":11500,"label":" ","price":11.2},{"type":"B","date":"2018-03-27T05:33:25.000Z","volume":4500,"label":" ","price":11.2},{"type":"A","date":"2018-03-27T05:33:25.000Z","volume":1000,"label":" ","price":11.2},{"type":"A","date":"2018-03-27T05:35:54.000Z","volume":7000,"label":" ","price":11.2},{"type":"A","date":"2018-03-27T05:35:54.000Z","volume":4500,"label":" ","price":11.22},{"type":"A","date":"2018-03-27T05:35:54.000Z","volume":1000,"label":" ","price":11.26},{"type":"A","date":"2018-03-27T05:35:54.000Z","volume":12500,"label":" ","price":11.28},{"type":"A","date":"2018-03-27T05:35:54.000Z","volume":18500,"label":" ","price":11.3},{"type":"B","date":"2018-03-27T05:35:55.000Z","volume":10000,"label":" ","price":11.3},{"type":"B","date":"2018-03-27T05:35:55.000Z","volume":40000,"label":" ","price":11.3},{"type":"B","date":"2018-03-27T05:35:55.000Z","volume":5000,"label":" ","price":11.3},{"type":"B","date":"2018-03-27T05:35:55.000Z","volume":5000,"label":" ","price":11.3},{"type":"B","date":"2018-03-27T05:35:56.000Z","volume":10000,"label":" ","price":11.3},{"type":"B","date":"2018-03-27T05:35:56.000Z","volume":3500,"label":" ","price":11.3},{"type":"B","date":"2018-03-27T05:35:56.000Z","volume":10000,"label":" ","price":11.3},{"type":"B","date":"2018-03-27T05:35:58.000Z","volume":3500,"label":" ","price":11.3},{"type":"A","date":"2018-03-27T05:36:03.000Z","volume":5000,"label":" ","price":11.34},{"type":"B","date":"2018-03-27T05:36:06.000Z","volume":11000,"label":" ","price":11.32},{"type":"B","date":"2018-03-27T05:36:07.000Z","volume":7500,"label":" ","price":11.3},{"type":"B","date":"2018-03-27T05:36:07.000Z","volume":12000,"label":" ","price":11.3},{"type":"B","date":"2018-03-27T05:36:15.000Z","volume":3000,"label":" ","price":11.32},{"type":"U","date":"2018-03-27T05:36:15.000Z","volume":2000,"label":" ","price":11.32},{"type":"A","date":"2018-03-27T05:36:50.000Z","volume":1000,"label":" ","price":11.36},{"type":"A","date":"2018-03-27T05:36:50.000Z","volume":4000,"label":" ","price":11.38},{"type":"B","date":"2018-03-27T05:37:11.000Z","volume":2000,"label":" ","price":11.24},{"type":"B","date":"2018-03-27T05:37:16.000Z","volume":1500,"label":" ","price":11.26},{"type":"B","date":"2018-03-27T05:38:27.000Z","volume":6000,"label":" ","price":11.24},{"type":"B","date":"2018-03-27T05:38:36.000Z","volume":4000,"label":" ","price":11.24},{"type":"B","date":"2018-03-27T05:40:11.000Z","volume":1500,"label":" ","price":11.24},{"type":"B","date":"2018-03-27T05:40:11.000Z","volume":12000,"label":" ","price":11.24},{"type":"B","date":"2018-03-27T05:40:19.000Z","volume":500,"label":" ","price":11.24},{"type":"B","date":"2018-03-27T05:40:40.000Z","volume":2000,"label":" ","price":11.2},{"type":"A","date":"2018-03-27T05:45:51.000Z","volume":1000,"label":" ","price":11.26},{"type":"B","date":"2018-03-27T05:48:23.000Z","volume":500,"label":" ","price":11.24},{"type":"B","date":"2018-03-27T05:49:24.000Z","volume":500,"label":" ","price":11.22},{"type":"B","date":"2018-03-27T05:50:25.000Z","volume":8500,"label":" ","price":11.22},{"type":"B","date":"2018-03-27T05:50:31.000Z","volume":2500,"label":" ","price":11.2},{"type":"B","date":"2018-03-27T05:53:42.000Z","volume":4000,"label":" ","price":11.16},{"type":"B","date":"2018-03-27T05:55:15.000Z","volume":1000,"label":"Y","price":11.12},{"type":"B","date":"2018-03-27T05:55:15.000Z","volume":4000,"label":" ","price":11.12},{"type":"B","date":"2018-03-27T05:56:41.000Z","volume":14000,"label":" ","price":11.12},{"type":"B","date":"2018-03-27T06:00:32.000Z","volume":1500,"label":" ","price":11.14},{"type":"B","date":"2018-03-27T06:01:01.000Z","volume":1500,"label":" ","price":11.14},{"type":"B","date":"2018-03-27T06:01:23.000Z","volume":2500,"label":" ","price":11.14},{"type":"A","date":"2018-03-27T06:03:01.000Z","volume":3500,"label":" ","price":11.16},{"type":"A","date":"2018-03-27T06:03:01.000Z","volume":3000,"label":" ","price":11.18},{"type":"A","date":"2018-03-27T06:03:01.000Z","volume":9000,"label":" ","price":11.26},{"type":"A","date":"2018-03-27T06:03:01.000Z","volume":14500,"label":" ","price":11.26},{"type":"A","date":"2018-03-27T06:04:28.000Z","volume":6000,"label":" ","price":11.24},{"type":"A","date":"2018-03-27T06:04:28.000Z","volume":4000,"label":" ","price":11.24},{"type":"A","date":"2018-03-27T06:06:24.000Z","volume":2500,"label":" ","price":11.24},{"type":"A","date":"2018-03-27T06:06:24.000Z","volume":1000,"label":" ","price":11.26},{"type":"A","date":"2018-03-27T06:06:24.000Z","volume":17000,"label":" ","price":11.28},{"type":"A","date":"2018-03-27T06:06:24.000Z","volume":79500,"label":" ","price":11.3},{"type":"A","date":"2018-03-27T06:06:38.000Z","volume":15000,"label":" ","price":11.28},{"type":"A","date":"2018-03-27T06:06:43.000Z","volume":10000,"label":" ","price":11.28},{"type":"B","date":"2018-03-27T06:06:43.000Z","volume":2000,"label":" ","price":11.28},{"type":"B","date":"2018-03-27T06:06:43.000Z","volume":3500,"label":" ","price":11.28},{"type":"B","date":"2018-03-27T06:06:44.000Z","volume":10000,"label":" ","price":11.28},{"type":"B","date":"2018-03-27T06:06:44.000Z","volume":1000,"label":" ","price":11.28},{"type":"U","date":"2018-03-27T06:06:50.000Z","volume":2500,"label":"X","price":11.29},{"type":"A","date":"2018-03-27T06:06:53.000Z","volume":4500,"label":" ","price":11.28},{"type":"A","date":"2018-03-27T06:06:54.000Z","volume":7500,"label":" ","price":11.28},{"type":"B","date":"2018-03-27T06:06:55.000Z","volume":2500,"label":" ","price":11.28},{"type":"B","date":"2018-03-27T06:07:08.000Z","volume":500,"label":" ","price":11.28},{"type":"B","date":"2018-03-27T06:07:10.000Z","volume":8000,"label":" ","price":11.28},{"type":"A","date":"2018-03-27T06:09:17.000Z","volume":1000,"label":" ","price":11.32},{"type":"A","date":"2018-03-27T06:09:17.000Z","volume":9000,"label":" ","price":11.34},{"type":"B","date":"2018-03-27T06:14:22.000Z","volume":5000,"label":" ","price":11.24},{"type":"A","date":"2018-03-27T06:15:43.000Z","volume":2000,"label":" ","price":11.24},{"type":"B","date":"2018-03-27T06:18:33.000Z","volume":3500,"label":" ","price":11.2},{"type":"B","date":"2018-03-27T06:19:36.000Z","volume":3000,"label":" ","price":11.2},{"type":"B","date":"2018-03-27T06:20:03.000Z","volume":9000,"label":" ","price":11.2},{"type":"B","date":"2018-03-27T06:20:03.000Z","volume":1000,"label":" ","price":11.18},{"type":"A","date":"2018-03-27T06:23:47.000Z","volume":10000,"label":" ","price":11.24},{"type":"A","date":"2018-03-27T06:24:01.000Z","volume":5500,"label":" ","price":11.24},{"type":"B","date":"2018-03-27T06:24:01.000Z","volume":4500,"label":" ","price":11.24},{"type":"B","date":"2018-03-27T06:24:01.000Z","volume":500,"label":" ","price":11.24},{"type":"U","date":"2018-03-27T06:24:01.000Z","volume":1500,"label":" ","price":11.24},{"type":"A","date":"2018-03-27T06:29:02.000Z","volume":3000,"label":" ","price":11.26},{"type":"A","date":"2018-03-27T06:30:06.000Z","volume":500,"label":" ","price":11.26},{"type":"A","date":"2018-03-27T06:32:30.000Z","volume":500,"label":" ","price":11.26},{"type":"A","date":"2018-03-27T06:35:40.000Z","volume":4000,"label":" ","price":11.24},{"type":"A","date":"2018-03-27T06:37:38.000Z","volume":2000,"label":" ","price":11.26},{"type":"B","date":"2018-03-27T06:38:45.000Z","volume":4500,"label":" ","price":11.24},{"type":"B","date":"2018-03-27T06:39:42.000Z","volume":500,"label":" ","price":11.22},{"type":"A","date":"2018-03-27T06:46:02.000Z","volume":4000,"label":" ","price":11.24},{"type":"B","date":"2018-03-27T06:51:04.000Z","volume":500,"label":" ","price":11.22},{"type":"B","date":"2018-03-27T06:53:16.000Z","volume":1000,"label":" ","price":11.22},{"type":"B","date":"2018-03-27T06:53:26.000Z","volume":50000,"label":" ","price":11.22},{"type":"B","date":"2018-03-27T06:53:26.000Z","volume":5000,"label":" ","price":11.22},{"type":"B","date":"2018-03-27T06:56:00.000Z","volume":500,"label":" ","price":11.2},{"type":"B","date":"2018-03-27T06:58:24.000Z","volume":10000,"label":" ","price":11.2},{"type":"B","date":"2018-03-27T06:58:24.000Z","volume":2500,"label":" ","price":11.2},{"type":"B","date":"2018-03-27T06:58:24.000Z","volume":1500,"label":" ","price":11.2},{"type":"B","date":"2018-03-27T07:05:35.000Z","volume":1000,"label":"Y","price":11.18},{"type":"B","date":"2018-03-27T07:05:35.000Z","volume":5000,"label":" ","price":11.18},{"type":"A","date":"2018-03-27T07:06:44.000Z","volume":5000,"label":" ","price":11.18},{"type":"A","date":"2018-03-27T07:06:50.000Z","volume":2000,"label":" ","price":11.18},{"type":"A","date":"2018-03-27T07:07:59.000Z","volume":5000,"label":" ","price":11.18},{"type":"B","date":"2018-03-27T07:15:42.000Z","volume":1000,"label":" ","price":11.18},{"type":"B","date":"2018-03-27T07:22:36.000Z","volume":7000,"label":" ","price":11.18},{"type":"B","date":"2018-03-27T07:24:50.000Z","volume":1000,"label":" ","price":11.12},{"type":"B","date":"2018-03-27T07:26:02.000Z","volume":500,"label":" ","price":11.12},{"type":"B","date":"2018-03-27T07:31:06.000Z","volume":500,"label":" ","price":11.12},{"type":"B","date":"2018-03-27T07:34:13.000Z","volume":1000,"label":" ","price":11.12},{"type":"B","date":"2018-03-27T07:36:01.000Z","volume":1000,"label":" ","price":11.16},{"type":"B","date":"2018-03-27T07:36:01.000Z","volume":500,"label":" ","price":11.14},{"type":"B","date":"2018-03-27T07:36:07.000Z","volume":3500,"label":" ","price":11.16},{"type":"B","date":"2018-03-27T07:41:02.000Z","volume":1000,"label":" ","price":11.14},{"type":"A","date":"2018-03-27T07:44:17.000Z","volume":10000,"label":" ","price":11.16},{"type":"U","date":"2018-03-27T07:44:50.000Z","volume":100,"label":"D","price":11.3},{"type":"U","date":"2018-03-27T07:44:54.000Z","volume":81,"label":"D","price":11.28},{"type":"A","date":"2018-03-27T07:48:19.000Z","volume":500,"label":" ","price":11.18},{"type":"A","date":"2018-03-27T07:48:19.000Z","volume":3500,"label":" ","price":11.18},{"type":"B","date":"2018-03-27T07:49:34.000Z","volume":4000,"label":" ","price":11.14},{"type":"B","date":"2018-03-27T07:50:07.000Z","volume":1000,"label":" ","price":11.14},{"type":"B","date":"2018-03-27T07:51:58.000Z","volume":500,"label":" ","price":11.16},{"type":"B","date":"2018-03-27T07:52:42.000Z","volume":5000,"label":" ","price":11.16},{"type":"B","date":"2018-03-27T07:53:07.000Z","volume":1500,"label":" ","price":11.16},{"type":"B","date":"2018-03-27T07:53:08.000Z","volume":500,"label":" ","price":11.14},{"type":"B","date":"2018-03-27T07:53:54.000Z","volume":500,"label":" ","price":11.14},{"type":"B","date":"2018-03-27T07:54:25.000Z","volume":2500,"label":" ","price":11.14},{"type":"B","date":"2018-03-27T07:56:41.000Z","volume":1000,"label":"Y","price":11.14},{"type":"B","date":"2018-03-27T07:58:47.000Z","volume":1500,"label":" ","price":11.14},{"type":"B","date":"2018-03-27T07:58:58.000Z","volume":10000,"label":" ","price":11.14},{"type":"A","date":"2018-03-27T07:59:03.000Z","volume":1000,"label":" ","price":11.16},{"type":"B","date":"2018-03-27T07:59:25.000Z","volume":500,"label":" ","price":11.14},{"type":"A","date":"2018-03-27T07:59:31.000Z","volume":500,"label":" ","price":11.16},{"type":"A","date":"2018-03-27T07:59:42.000Z","volume":1000,"label":" ","price":11.16},{"type":"U","date":"2018-03-27T08:08:29.000Z","volume":4500,"label":"U","price":11.2}]