[{"type":"A","date":"2018-04-03T02:06:27.000Z","volume":30000,"label":" ","price":1.55},{"type":"A","date":"2018-04-03T02:10:26.000Z","volume":10000,"label":" ","price":1.55},{"type":"A","date":"2018-04-03T02:47:29.000Z","volume":15000,"label":" ","price":1.56},{"type":"A","date":"2018-04-03T05:08:46.000Z","volume":100000,"label":" ","price":1.56},{"type":"A","date":"2018-04-03T05:32:06.000Z","volume":100000,"label":" ","price":1.56},{"type":"B","date":"2018-04-03T05:33:21.000Z","volume":75000,"label":" ","price":1.55},{"type":"A","date":"2018-04-03T05:36:10.000Z","volume":100000,"label":" ","price":1.56},{"type":"A","date":"2018-04-03T05:53:10.000Z","volume":100000,"label":" ","price":1.55},{"type":"A","date":"2018-04-03T05:54:44.000Z","volume":100000,"label":" ","price":1.55},{"type":"A","date":"2018-04-03T06:05:29.000Z","volume":100000,"label":" ","price":1.55},{"type":"A","date":"2018-04-03T06:07:08.000Z","volume":100000,"label":" ","price":1.55},{"type":"A","date":"2018-04-03T06:08:13.000Z","volume":100000,"label":" ","price":1.55},{"type":"A","date":"2018-04-03T06:12:28.000Z","volume":100000,"label":" ","price":1.55},{"type":"A","date":"2018-04-03T06:17:43.000Z","volume":100000,"label":" ","price":1.55},{"type":"A","date":"2018-04-03T06:19:15.000Z","volume":100000,"label":" ","price":1.55},{"type":"A","date":"2018-04-03T06:21:18.000Z","volume":100000,"label":" ","price":1.55},{"type":"A","date":"2018-04-03T06:22:12.000Z","volume":100000,"label":" ","price":1.55},{"type":"A","date":"2018-04-03T06:23:57.000Z","volume":100000,"label":" ","price":1.55},{"type":"A","date":"2018-04-03T06:27:25.000Z","volume":100000,"label":" ","price":1.55},{"type":"A","date":"2018-04-03T06:28:24.000Z","volume":100000,"label":" ","price":1.55},{"type":"A","date":"2018-04-03T06:29:59.000Z","volume":100000,"label":" ","price":1.55},{"type":"A","date":"2018-04-03T06:32:42.000Z","volume":100000,"label":" ","price":1.55},{"type":"A","date":"2018-04-03T06:33:36.000Z","volume":100000,"label":" ","price":1.55},{"type":"A","date":"2018-04-03T06:34:50.000Z","volume":100000,"label":" ","price":1.55},{"type":"A","date":"2018-04-03T06:38:03.000Z","volume":100000,"label":" ","price":1.55},{"type":"A","date":"2018-04-03T06:53:19.000Z","volume":100000,"label":" ","price":1.55},{"type":"A","date":"2018-04-03T06:55:26.000Z","volume":100000,"label":" ","price":1.55},{"type":"A","date":"2018-04-03T06:56:30.000Z","volume":100000,"label":" ","price":1.55},{"type":"A","date":"2018-04-03T06:56:56.000Z","volume":100000,"label":" ","price":1.55},{"type":"B","date":"2018-04-03T06:57:45.000Z","volume":100000,"label":" ","price":1.56},{"type":"B","date":"2018-04-03T06:58:25.000Z","volume":100000,"label":" ","price":1.57},{"type":"B","date":"2018-04-03T06:59:07.000Z","volume":100000,"label":" ","price":1.58},{"type":"A","date":"2018-04-03T06:59:49.000Z","volume":70000,"label":"Y","price":1.61},{"type":"A","date":"2018-04-03T06:59:49.000Z","volume":10000,"label":" ","price":1.61},{"type":"B","date":"2018-04-03T06:59:51.000Z","volume":90000,"label":" ","price":1.59},{"type":"A","date":"2018-04-03T07:05:03.000Z","volume":5000,"label":" ","price":1.61},{"type":"B","date":"2018-04-03T07:30:03.000Z","volume":45000,"label":" ","price":1.59},{"type":"A","date":"2018-04-03T07:41:26.000Z","volume":5000,"label":" ","price":1.6}]