[{"type":"U","date":"2018-04-16T01:00:04.000Z","volume":136800,"label":"P","price":4.04},{"type":"U","date":"2018-04-16T01:00:04.000Z","volume":1231200,"label":"P","price":4.041},{"type":"U","date":"2018-04-16T01:01:11.000Z","volume":4000,"label":"X","price":4.04},{"type":"U","date":"2018-04-16T01:20:00.000Z","volume":52000,"label":"U","price":4.06},{"type":"B","date":"2018-04-16T01:30:00.000Z","volume":4000,"label":" ","price":4.05},{"type":"B","date":"2018-04-16T01:30:00.000Z","volume":6000,"label":" ","price":4.05},{"type":"B","date":"2018-04-16T01:30:00.000Z","volume":4000,"label":" ","price":4.05},{"type":"B","date":"2018-04-16T01:30:00.000Z","volume":16000,"label":" ","price":4.05},{"type":"B","date":"2018-04-16T01:30:00.000Z","volume":28000,"label":" ","price":4.04},{"type":"B","date":"2018-04-16T01:30:00.000Z","volume":6000,"label":" ","price":4.04},{"type":"A","date":"2018-04-16T01:30:00.000Z","volume":18000,"label":" ","price":4.04},{"type":"A","date":"2018-04-16T01:30:00.000Z","volume":18000,"label":" ","price":4.04},{"type":"B","date":"2018-04-16T01:30:01.000Z","volume":10000,"label":" ","price":4.05},{"type":"A","date":"2018-04-16T01:30:02.000Z","volume":16000,"label":" ","price":4.06},{"type":"A","date":"2018-04-16T01:30:02.000Z","volume":14000,"label":"Y","price":4.06},{"type":"A","date":"2018-04-16T01:30:02.000Z","volume":2000,"label":" ","price":4.06},{"type":"A","date":"2018-04-16T01:30:15.000Z","volume":4000,"label":"Y","price":4.05},{"type":"A","date":"2018-04-16T01:30:15.000Z","volume":6000,"label":" ","price":4.05},{"type":"U","date":"2018-04-16T01:30:20.000Z","volume":1851,"label":"D","price":4},{"type":"U","date":"2018-04-16T01:30:33.000Z","volume":418,"label":"D","price":4},{"type":"U","date":"2018-04-16T01:30:45.000Z","volume":905,"label":"D","price":4},{"type":"U","date":"2018-04-16T01:30:47.000Z","volume":485,"label":"D","price":4.06},{"type":"B","date":"2018-04-16T01:31:02.000Z","volume":50000,"label":" ","price":4.04},{"type":"B","date":"2018-04-16T01:32:47.000Z","volume":20000,"label":" ","price":4.04},{"type":"U","date":"2018-04-16T01:32:48.000Z","volume":972,"label":"D","price":4},{"type":"U","date":"2018-04-16T01:33:03.000Z","volume":1859,"label":"D","price":4},{"type":"B","date":"2018-04-16T01:33:50.000Z","volume":6000,"label":" ","price":4.04},{"type":"B","date":"2018-04-16T01:34:05.000Z","volume":30000,"label":" ","price":4.04},{"type":"B","date":"2018-04-16T01:34:06.000Z","volume":10000,"label":" ","price":4.04},{"type":"U","date":"2018-04-16T01:34:07.000Z","volume":1027,"label":"D","price":4},{"type":"B","date":"2018-04-16T01:34:08.000Z","volume":8000,"label":" ","price":4.04},{"type":"B","date":"2018-04-16T01:34:10.000Z","volume":8000,"label":" ","price":4.04},{"type":"B","date":"2018-04-16T01:34:13.000Z","volume":8000,"label":" ","price":4.04},{"type":"U","date":"2018-04-16T01:34:22.000Z","volume":100,"label":"D","price":4},{"type":"U","date":"2018-04-16T01:34:34.000Z","volume":23,"label":"D","price":4},{"type":"B","date":"2018-04-16T01:34:54.000Z","volume":8000,"label":" ","price":4.04},{"type":"B","date":"2018-04-16T01:37:14.000Z","volume":24000,"label":" ","price":4.04},{"type":"B","date":"2018-04-16T01:37:20.000Z","volume":24000,"label":" ","price":4.04},{"type":"B","date":"2018-04-16T01:37:21.000Z","volume":10000,"label":" ","price":4.04},{"type":"B","date":"2018-04-16T01:37:23.000Z","volume":26000,"label":" ","price":4.04},{"type":"A","date":"2018-04-16T01:37:23.000Z","volume":8000,"label":" ","price":4.05},{"type":"B","date":"2018-04-16T01:37:24.000Z","volume":2000,"label":" ","price":4.04},{"type":"A","date":"2018-04-16T01:38:47.000Z","volume":10000,"label":" ","price":4.04},{"type":"B","date":"2018-04-16T01:40:00.000Z","volume":2000,"label":" ","price":4.03},{"type":"B","date":"2018-04-16T01:40:12.000Z","volume":4000,"label":" ","price":4.03},{"type":"A","date":"2018-04-16T01:40:19.000Z","volume":10000,"label":" ","price":4.04},{"type":"U","date":"2018-04-16T01:40:47.000Z","volume":1853,"label":"D","price":3.99},{"type":"U","date":"2018-04-16T01:40:58.000Z","volume":1303,"label":"D","price":3.99},{"type":"B","date":"2018-04-16T01:41:01.000Z","volume":24000,"label":" ","price":4.03},{"type":"B","date":"2018-04-16T01:41:03.000Z","volume":8000,"label":" ","price":4.03},{"type":"B","date":"2018-04-16T01:41:06.000Z","volume":34000,"label":" ","price":4.03},{"type":"B","date":"2018-04-16T01:41:06.000Z","volume":8000,"label":" ","price":4.03},{"type":"B","date":"2018-04-16T01:41:06.000Z","volume":22000,"label":" ","price":4.03},{"type":"B","date":"2018-04-16T01:41:12.000Z","volume":10000,"label":"Y","price":4.03},{"type":"B","date":"2018-04-16T01:41:14.000Z","volume":10000,"label":"Y","price":4.03},{"type":"B","date":"2018-04-16T01:41:14.000Z","volume":16000,"label":" ","price":4.03},{"type":"B","date":"2018-04-16T01:41:23.000Z","volume":4000,"label":" ","price":4.02},{"type":"A","date":"2018-04-16T01:41:23.000Z","volume":4000,"label":" ","price":4.03},{"type":"A","date":"2018-04-16T01:41:55.000Z","volume":2000,"label":" ","price":4.03},{"type":"A","date":"2018-04-16T01:42:22.000Z","volume":18000,"label":" ","price":4.03},{"type":"A","date":"2018-04-16T01:43:25.000Z","volume":30000,"label":" ","price":4.03},{"type":"A","date":"2018-04-16T01:43:25.000Z","volume":70000,"label":" ","price":4.03},{"type":"A","date":"2018-04-16T01:43:27.000Z","volume":6000,"label":" ","price":4.04},{"type":"A","date":"2018-04-16T01:43:27.000Z","volume":38000,"label":" ","price":4.04},{"type":"B","date":"2018-04-16T01:43:53.000Z","volume":10000,"label":" ","price":4.04},{"type":"B","date":"2018-04-16T01:43:53.000Z","volume":72000,"label":" ","price":4.04},{"type":"B","date":"2018-04-16T01:43:54.000Z","volume":10000,"label":" ","price":4.03},{"type":"A","date":"2018-04-16T01:43:55.000Z","volume":4000,"label":"Y","price":4.04},{"type":"A","date":"2018-04-16T01:43:55.000Z","volume":6000,"label":" ","price":4.04},{"type":"B","date":"2018-04-16T01:43:56.000Z","volume":8000,"label":" ","price":4.03},{"type":"B","date":"2018-04-16T01:44:31.000Z","volume":110000,"label":" ","price":4.03},{"type":"A","date":"2018-04-16T01:44:31.000Z","volume":30000,"label":" ","price":4.03},{"type":"B","date":"2018-04-16T01:44:34.000Z","volume":10000,"label":" ","price":4.02},{"type":"B","date":"2018-04-16T01:44:43.000Z","volume":8000,"label":" ","price":4.02},{"type":"B","date":"2018-04-16T01:44:48.000Z","volume":8000,"label":" ","price":4.02},{"type":"B","date":"2018-04-16T01:44:54.000Z","volume":14000,"label":" ","price":4.02},{"type":"B","date":"2018-04-16T01:46:45.000Z","volume":10000,"label":" ","price":4.02},{"type":"A","date":"2018-04-16T01:47:11.000Z","volume":6000,"label":" ","price":4.03},{"type":"B","date":"2018-04-16T01:47:57.000Z","volume":4000,"label":" ","price":4.02},{"type":"B","date":"2018-04-16T01:48:14.000Z","volume":6000,"label":" ","price":4.02},{"type":"B","date":"2018-04-16T01:48:52.000Z","volume":6000,"label":" ","price":4.02},{"type":"B","date":"2018-04-16T01:48:52.000Z","volume":32000,"label":" ","price":4.02},{"type":"B","date":"2018-04-16T01:48:54.000Z","volume":32000,"label":" ","price":4.02},{"type":"B","date":"2018-04-16T01:48:55.000Z","volume":10000,"label":"Y","price":4.02},{"type":"B","date":"2018-04-16T01:48:57.000Z","volume":10000,"label":"Y","price":4.02},{"type":"A","date":"2018-04-16T01:49:00.000Z","volume":6000,"label":" ","price":4.03},{"type":"B","date":"2018-04-16T01:49:00.000Z","volume":6000,"label":"Y","price":4.02},{"type":"B","date":"2018-04-16T01:49:00.000Z","volume":2000,"label":" ","price":4.02},{"type":"B","date":"2018-04-16T01:49:08.000Z","volume":34000,"label":" ","price":4.02},{"type":"B","date":"2018-04-16T01:49:08.000Z","volume":2000,"label":" ","price":4.02},{"type":"B","date":"2018-04-16T01:49:10.000Z","volume":32000,"label":" ","price":4.02},{"type":"B","date":"2018-04-16T01:50:38.000Z","volume":6000,"label":" ","price":4.02},{"type":"B","date":"2018-04-16T01:51:38.000Z","volume":100000,"label":" ","price":4.02},{"type":"A","date":"2018-04-16T01:51:38.000Z","volume":8000,"label":" ","price":4.03},{"type":"B","date":"2018-04-16T01:51:39.000Z","volume":10000,"label":"Y","price":4.02},{"type":"B","date":"2018-04-16T01:51:39.000Z","volume":16000,"label":" ","price":4.02},{"type":"B","date":"2018-04-16T01:51:40.000Z","volume":10000,"label":" ","price":4.02},{"type":"B","date":"2018-04-16T01:51:43.000Z","volume":2000,"label":" ","price":4.02},{"type":"B","date":"2018-04-16T01:52:12.000Z","volume":4000,"label":" ","price":4.02},{"type":"B","date":"2018-04-16T01:52:36.000Z","volume":14000,"label":" ","price":4.02},{"type":"B","date":"2018-04-16T01:52:44.000Z","volume":2000,"label":" ","price":4.02},{"type":"B","date":"2018-04-16T01:53:21.000Z","volume":6000,"label":" ","price":4.02},{"type":"B","date":"2018-04-16T01:53:22.000Z","volume":8000,"label":" ","price":4.02},{"type":"B","date":"2018-04-16T01:53:29.000Z","volume":8000,"label":" ","price":4.02},{"type":"B","date":"2018-04-16T01:53:29.000Z","volume":4000,"label":" ","price":4.02},{"type":"B","date":"2018-04-16T01:54:28.000Z","volume":30000,"label":" ","price":4.02},{"type":"B","date":"2018-04-16T01:54:29.000Z","volume":6000,"label":" ","price":4.02},{"type":"B","date":"2018-04-16T01:54:38.000Z","volume":34000,"label":" ","price":4.02},{"type":"B","date":"2018-04-16T01:55:07.000Z","volume":10000,"label":"Y","price":4.02},{"type":"B","date":"2018-04-16T01:55:31.000Z","volume":10000,"label":" ","price":4.02},{"type":"B","date":"2018-04-16T01:55:36.000Z","volume":8000,"label":"Y","price":4.02},{"type":"B","date":"2018-04-16T01:56:04.000Z","volume":68000,"label":" ","price":4.02},{"type":"A","date":"2018-04-16T01:56:04.000Z","volume":10000,"label":" ","price":4.03},{"type":"B","date":"2018-04-16T01:56:04.000Z","volume":10000,"label":" ","price":4.02},{"type":"B","date":"2018-04-16T01:56:05.000Z","volume":18000,"label":" ","price":4.02},{"type":"B","date":"2018-04-16T01:56:06.000Z","volume":10000,"label":" ","price":4.02},{"type":"B","date":"2018-04-16T01:56:09.000Z","volume":10000,"label":" ","price":4.02},{"type":"U","date":"2018-04-16T01:56:10.000Z","volume":510,"label":"D","price":3.98},{"type":"B","date":"2018-04-16T01:56:12.000Z","volume":90000,"label":" ","price":4.02},{"type":"B","date":"2018-04-16T01:56:14.000Z","volume":12000,"label":"Y","price":4.02},{"type":"B","date":"2018-04-16T01:56:15.000Z","volume":8000,"label":"Y","price":4.02},{"type":"B","date":"2018-04-16T01:56:17.000Z","volume":8000,"label":"Y","price":4.02},{"type":"B","date":"2018-04-16T01:56:29.000Z","volume":6000,"label":" ","price":4.02},{"type":"B","date":"2018-04-16T01:57:51.000Z","volume":4000,"label":" ","price":4.01},{"type":"B","date":"2018-04-16T01:58:32.000Z","volume":42000,"label":" ","price":4.01},{"type":"B","date":"2018-04-16T01:58:44.000Z","volume":2000,"label":"Y","price":4.01},{"type":"B","date":"2018-04-16T01:58:44.000Z","volume":14000,"label":" ","price":4.01},{"type":"B","date":"2018-04-16T01:58:44.000Z","volume":18000,"label":"Y","price":4.01},{"type":"B","date":"2018-04-16T01:59:23.000Z","volume":10000,"label":" ","price":4.01},{"type":"B","date":"2018-04-16T01:59:32.000Z","volume":10000,"label":" ","price":4.01},{"type":"B","date":"2018-04-16T01:59:41.000Z","volume":10000,"label":" ","price":4.01},{"type":"B","date":"2018-04-16T01:59:44.000Z","volume":10000,"label":" ","price":4.01},{"type":"B","date":"2018-04-16T01:59:45.000Z","volume":8000,"label":"Y","price":4.01},{"type":"B","date":"2018-04-16T01:59:45.000Z","volume":8000,"label":" ","price":4.01},{"type":"B","date":"2018-04-16T01:59:46.000Z","volume":8000,"label":" ","price":4.01},{"type":"B","date":"2018-04-16T02:02:11.000Z","volume":6000,"label":" ","price":4.01},{"type":"B","date":"2018-04-16T02:03:03.000Z","volume":30000,"label":" ","price":4.01},{"type":"A","date":"2018-04-16T02:03:54.000Z","volume":6000,"label":" ","price":4.02},{"type":"A","date":"2018-04-16T02:03:54.000Z","volume":168000,"label":" ","price":4.02},{"type":"A","date":"2018-04-16T02:03:56.000Z","volume":8000,"label":" ","price":4.03},{"type":"B","date":"2018-04-16T02:04:14.000Z","volume":16000,"label":" ","price":4.02},{"type":"A","date":"2018-04-16T02:06:02.000Z","volume":20000,"label":" ","price":4.03},{"type":"A","date":"2018-04-16T02:06:38.000Z","volume":4000,"label":" ","price":4.03},{"type":"A","date":"2018-04-16T02:08:13.000Z","volume":500000,"label":" ","price":4.03},{"type":"A","date":"2018-04-16T02:08:13.000Z","volume":46000,"label":" ","price":4.03},{"type":"A","date":"2018-04-16T02:08:13.000Z","volume":2000,"label":" ","price":4.04},{"type":"A","date":"2018-04-16T02:08:13.000Z","volume":6000,"label":" ","price":4.04},{"type":"A","date":"2018-04-16T02:08:14.000Z","volume":30000,"label":" ","price":4.05},{"type":"A","date":"2018-04-16T02:08:37.000Z","volume":20000,"label":" ","price":4.05},{"type":"B","date":"2018-04-16T02:08:43.000Z","volume":174000,"label":" ","price":4.04},{"type":"B","date":"2018-04-16T02:08:44.000Z","volume":18000,"label":" ","price":4.03},{"type":"B","date":"2018-04-16T02:08:47.000Z","volume":18000,"label":" ","price":4.03},{"type":"B","date":"2018-04-16T02:08:47.000Z","volume":10000,"label":" ","price":4.03},{"type":"B","date":"2018-04-16T02:09:13.000Z","volume":8000,"label":" ","price":4.03},{"type":"B","date":"2018-04-16T02:09:16.000Z","volume":6000,"label":" ","price":4.03},{"type":"A","date":"2018-04-16T02:11:54.000Z","volume":116000,"label":" ","price":4.03},{"type":"A","date":"2018-04-16T02:11:54.000Z","volume":54000,"label":" ","price":4.04},{"type":"A","date":"2018-04-16T02:12:08.000Z","volume":10000,"label":" ","price":4.04},{"type":"B","date":"2018-04-16T02:12:11.000Z","volume":26000,"label":" ","price":4.04},{"type":"A","date":"2018-04-16T02:12:49.000Z","volume":2000,"label":" ","price":4.05},{"type":"B","date":"2018-04-16T02:14:41.000Z","volume":150000,"label":" ","price":4.03},{"type":"B","date":"2018-04-16T02:14:51.000Z","volume":6000,"label":" ","price":4.03},{"type":"A","date":"2018-04-16T02:15:33.000Z","volume":2000,"label":" ","price":4.03},{"type":"A","date":"2018-04-16T02:16:10.000Z","volume":52000,"label":" ","price":4.03},{"type":"B","date":"2018-04-16T02:20:13.000Z","volume":6000,"label":" ","price":4.03},{"type":"B","date":"2018-04-16T02:20:36.000Z","volume":20000,"label":" ","price":4.03},{"type":"A","date":"2018-04-16T02:20:36.000Z","volume":4000,"label":" ","price":4.04},{"type":"B","date":"2018-04-16T02:22:12.000Z","volume":10000,"label":" ","price":4.03},{"type":"A","date":"2018-04-16T02:22:27.000Z","volume":20000,"label":" ","price":4.04},{"type":"A","date":"2018-04-16T02:24:11.000Z","volume":6000,"label":" ","price":4.04},{"type":"A","date":"2018-04-16T02:24:23.000Z","volume":2000,"label":" ","price":4.04},{"type":"A","date":"2018-04-16T02:25:16.000Z","volume":18000,"label":" ","price":4.04},{"type":"A","date":"2018-04-16T02:25:55.000Z","volume":6000,"label":" ","price":4.04},{"type":"B","date":"2018-04-16T02:25:59.000Z","volume":4000,"label":" ","price":4.03},{"type":"A","date":"2018-04-16T02:26:00.000Z","volume":76000,"label":" ","price":4.04},{"type":"A","date":"2018-04-16T02:26:01.000Z","volume":6000,"label":" ","price":4.05},{"type":"B","date":"2018-04-16T02:26:26.000Z","volume":14000,"label":" ","price":4.04},{"type":"B","date":"2018-04-16T02:27:01.000Z","volume":10000,"label":" ","price":4.04},{"type":"B","date":"2018-04-16T02:27:01.000Z","volume":86000,"label":" ","price":4.04},{"type":"B","date":"2018-04-16T02:27:06.000Z","volume":8000,"label":" ","price":4.03},{"type":"B","date":"2018-04-16T02:27:06.000Z","volume":28000,"label":" ","price":4.03},{"type":"B","date":"2018-04-16T02:27:59.000Z","volume":10000,"label":" ","price":4.03},{"type":"B","date":"2018-04-16T02:28:02.000Z","volume":8000,"label":" ","price":4.03},{"type":"B","date":"2018-04-16T02:28:05.000Z","volume":10000,"label":" ","price":4.03},{"type":"B","date":"2018-04-16T02:28:12.000Z","volume":4000,"label":" ","price":4.03},{"type":"B","date":"2018-04-16T02:28:47.000Z","volume":10000,"label":" ","price":4.03},{"type":"B","date":"2018-04-16T02:28:48.000Z","volume":10000,"label":" ","price":4.03},{"type":"B","date":"2018-04-16T02:29:12.000Z","volume":4000,"label":" ","price":4.03},{"type":"A","date":"2018-04-16T02:29:16.000Z","volume":4000,"label":" ","price":4.04},{"type":"B","date":"2018-04-16T02:29:21.000Z","volume":12000,"label":"Y","price":4.03},{"type":"B","date":"2018-04-16T02:29:21.000Z","volume":14000,"label":" ","price":4.03},{"type":"A","date":"2018-04-16T02:30:31.000Z","volume":2000,"label":"Y","price":4.03},{"type":"B","date":"2018-04-16T02:32:09.000Z","volume":4000,"label":" ","price":4.02},{"type":"A","date":"2018-04-16T02:34:33.000Z","volume":4000,"label":" ","price":4.03},{"type":"B","date":"2018-04-16T02:35:39.000Z","volume":2000,"label":" ","price":4.02},{"type":"A","date":"2018-04-16T02:36:11.000Z","volume":210000,"label":" ","price":4.03},{"type":"A","date":"2018-04-16T02:36:11.000Z","volume":12000,"label":" ","price":4.04},{"type":"A","date":"2018-04-16T02:36:12.000Z","volume":20000,"label":" ","price":4.04},{"type":"A","date":"2018-04-16T02:36:12.000Z","volume":20000,"label":" ","price":4.04},{"type":"B","date":"2018-04-16T02:36:32.000Z","volume":10000,"label":" ","price":4.03},{"type":"B","date":"2018-04-16T02:37:14.000Z","volume":16000,"label":" ","price":4.03},{"type":"A","date":"2018-04-16T02:37:17.000Z","volume":4000,"label":" ","price":4.04},{"type":"B","date":"2018-04-16T02:37:38.000Z","volume":30000,"label":" ","price":4.03},{"type":"A","date":"2018-04-16T02:38:28.000Z","volume":4000,"label":" ","price":4.04},{"type":"A","date":"2018-04-16T02:41:01.000Z","volume":22000,"label":" ","price":4.04},{"type":"B","date":"2018-04-16T02:41:44.000Z","volume":16000,"label":" ","price":4.03},{"type":"A","date":"2018-04-16T02:41:46.000Z","volume":4000,"label":" ","price":4.04},{"type":"B","date":"2018-04-16T02:42:47.000Z","volume":6000,"label":" ","price":4.03},{"type":"B","date":"2018-04-16T02:42:50.000Z","volume":8000,"label":" ","price":4.03},{"type":"B","date":"2018-04-16T02:43:04.000Z","volume":34000,"label":" ","price":4.03},{"type":"B","date":"2018-04-16T02:43:13.000Z","volume":4000,"label":" ","price":4.02},{"type":"B","date":"2018-04-16T02:44:29.000Z","volume":8000,"label":" ","price":4.03},{"type":"B","date":"2018-04-16T02:44:36.000Z","volume":40000,"label":" ","price":4.03},{"type":"A","date":"2018-04-16T02:47:38.000Z","volume":2000,"label":" ","price":4.03},{"type":"A","date":"2018-04-16T02:48:25.000Z","volume":10000,"label":" ","price":4.03},{"type":"A","date":"2018-04-16T02:48:28.000Z","volume":4000,"label":" ","price":4.03},{"type":"B","date":"2018-04-16T02:48:53.000Z","volume":4000,"label":" ","price":4.02},{"type":"B","date":"2018-04-16T02:48:54.000Z","volume":2000,"label":" ","price":4.02},{"type":"B","date":"2018-04-16T02:49:02.000Z","volume":4000,"label":" ","price":4.02},{"type":"A","date":"2018-04-16T02:49:19.000Z","volume":2000,"label":" ","price":4.03},{"type":"B","date":"2018-04-16T02:51:56.000Z","volume":4000,"label":" ","price":4.02},{"type":"A","date":"2018-04-16T02:52:18.000Z","volume":28000,"label":" ","price":4.03},{"type":"A","date":"2018-04-16T02:52:18.000Z","volume":104000,"label":" ","price":4.03},{"type":"A","date":"2018-04-16T02:52:20.000Z","volume":6000,"label":" ","price":4.04},{"type":"B","date":"2018-04-16T02:52:22.000Z","volume":66000,"label":" ","price":4.03},{"type":"B","date":"2018-04-16T02:53:09.000Z","volume":10000,"label":" ","price":4.02},{"type":"B","date":"2018-04-16T02:56:20.000Z","volume":64000,"label":" ","price":4.02},{"type":"B","date":"2018-04-16T02:56:20.000Z","volume":214000,"label":" ","price":4.02},{"type":"B","date":"2018-04-16T02:56:22.000Z","volume":22000,"label":" ","price":4.01},{"type":"B","date":"2018-04-16T02:56:23.000Z","volume":10000,"label":" ","price":4.01},{"type":"B","date":"2018-04-16T02:56:29.000Z","volume":6000,"label":" ","price":4.01},{"type":"B","date":"2018-04-16T02:56:49.000Z","volume":10000,"label":" ","price":4.01},{"type":"B","date":"2018-04-16T02:57:14.000Z","volume":16000,"label":" ","price":4.01},{"type":"B","date":"2018-04-16T02:57:15.000Z","volume":8000,"label":" ","price":4.01},{"type":"B","date":"2018-04-16T02:58:37.000Z","volume":120000,"label":" ","price":4.01},{"type":"A","date":"2018-04-16T02:58:37.000Z","volume":8000,"label":" ","price":4.02},{"type":"B","date":"2018-04-16T02:58:38.000Z","volume":18000,"label":" ","price":4.01},{"type":"B","date":"2018-04-16T02:58:39.000Z","volume":10000,"label":" ","price":4.01},{"type":"B","date":"2018-04-16T02:58:41.000Z","volume":24000,"label":" ","price":4.01},{"type":"B","date":"2018-04-16T02:58:44.000Z","volume":10000,"label":" ","price":4.01},{"type":"U","date":"2018-04-16T02:59:20.000Z","volume":36000,"label":" ","price":4.01},{"type":"A","date":"2018-04-16T02:59:38.000Z","volume":2000,"label":" ","price":4.01},{"type":"A","date":"2018-04-16T02:59:38.000Z","volume":8000,"label":" ","price":4.01},{"type":"B","date":"2018-04-16T03:00:52.000Z","volume":6000,"label":" ","price":4},{"type":"B","date":"2018-04-16T03:01:08.000Z","volume":10000,"label":" ","price":4},{"type":"B","date":"2018-04-16T03:04:28.000Z","volume":10000,"label":" ","price":4},{"type":"B","date":"2018-04-16T03:05:13.000Z","volume":6000,"label":" ","price":4},{"type":"A","date":"2018-04-16T03:06:32.000Z","volume":60000,"label":" ","price":4.01},{"type":"A","date":"2018-04-16T03:06:32.000Z","volume":128000,"label":" ","price":4.01},{"type":"A","date":"2018-04-16T03:06:33.000Z","volume":14000,"label":" ","price":4.02},{"type":"B","date":"2018-04-16T03:06:41.000Z","volume":194000,"label":" ","price":4.01},{"type":"A","date":"2018-04-16T03:06:58.000Z","volume":10000,"label":" ","price":4.01},{"type":"A","date":"2018-04-16T03:09:57.000Z","volume":176000,"label":" ","price":4.01},{"type":"A","date":"2018-04-16T03:09:59.000Z","volume":10000,"label":" ","price":4.02},{"type":"B","date":"2018-04-16T03:10:01.000Z","volume":98000,"label":" ","price":4.01},{"type":"A","date":"2018-04-16T03:10:02.000Z","volume":52000,"label":" ","price":4.01},{"type":"A","date":"2018-04-16T03:10:02.000Z","volume":8000,"label":" ","price":4.02},{"type":"A","date":"2018-04-16T03:10:02.000Z","volume":26000,"label":" ","price":4.01},{"type":"A","date":"2018-04-16T03:10:02.000Z","volume":12000,"label":" ","price":4.01},{"type":"U","date":"2018-04-16T03:10:03.000Z","volume":18000,"label":" ","price":4.01},{"type":"B","date":"2018-04-16T03:15:07.000Z","volume":10000,"label":" ","price":4},{"type":"B","date":"2018-04-16T03:20:29.000Z","volume":2000,"label":" ","price":4},{"type":"A","date":"2018-04-16T03:22:23.000Z","volume":4000,"label":" ","price":4.01},{"type":"A","date":"2018-04-16T03:23:20.000Z","volume":20000,"label":" ","price":4.01},{"type":"B","date":"2018-04-16T03:25:48.000Z","volume":4000,"label":" ","price":4},{"type":"A","date":"2018-04-16T03:26:41.000Z","volume":40000,"label":" ","price":4.01},{"type":"A","date":"2018-04-16T03:27:56.000Z","volume":30000,"label":" ","price":4.01},{"type":"A","date":"2018-04-16T03:28:00.000Z","volume":8000,"label":" ","price":4.01},{"type":"B","date":"2018-04-16T03:28:10.000Z","volume":10000,"label":" ","price":4},{"type":"A","date":"2018-04-16T03:28:24.000Z","volume":4000,"label":" ","price":4.01},{"type":"A","date":"2018-04-16T03:30:00.000Z","volume":18000,"label":"Y","price":4.01},{"type":"A","date":"2018-04-16T03:30:00.000Z","volume":838000,"label":" ","price":4.01},{"type":"A","date":"2018-04-16T03:30:00.000Z","volume":16000,"label":" ","price":4.01},{"type":"A","date":"2018-04-16T03:30:01.000Z","volume":46000,"label":" ","price":4.02},{"type":"A","date":"2018-04-16T03:30:09.000Z","volume":4000,"label":" ","price":4.02},{"type":"A","date":"2018-04-16T03:30:09.000Z","volume":24000,"label":" ","price":4.02},{"type":"A","date":"2018-04-16T03:30:10.000Z","volume":4000,"label":" ","price":4.02},{"type":"A","date":"2018-04-16T03:30:15.000Z","volume":2000,"label":" ","price":4.02},{"type":"A","date":"2018-04-16T03:30:18.000Z","volume":2000,"label":" ","price":4.02},{"type":"A","date":"2018-04-16T03:32:18.000Z","volume":6000,"label":" ","price":4.02},{"type":"A","date":"2018-04-16T03:32:27.000Z","volume":20000,"label":" ","price":4.02},{"type":"A","date":"2018-04-16T03:33:02.000Z","volume":8000,"label":" ","price":4.02},{"type":"B","date":"2018-04-16T03:33:25.000Z","volume":8000,"label":" ","price":4.01},{"type":"A","date":"2018-04-16T03:33:26.000Z","volume":2000,"label":" ","price":4.02},{"type":"A","date":"2018-04-16T03:35:14.000Z","volume":2000,"label":" ","price":4.02},{"type":"A","date":"2018-04-16T03:36:06.000Z","volume":2000,"label":" ","price":4.02},{"type":"B","date":"2018-04-16T03:36:44.000Z","volume":4000,"label":" ","price":4.01},{"type":"A","date":"2018-04-16T03:36:45.000Z","volume":6000,"label":" ","price":4.02},{"type":"B","date":"2018-04-16T03:36:52.000Z","volume":6000,"label":" ","price":4.01},{"type":"A","date":"2018-04-16T03:38:48.000Z","volume":4000,"label":" ","price":4.02},{"type":"A","date":"2018-04-16T03:39:26.000Z","volume":4000,"label":" ","price":4.02},{"type":"A","date":"2018-04-16T03:41:07.000Z","volume":2000,"label":" ","price":4.02},{"type":"B","date":"2018-04-16T03:41:09.000Z","volume":34000,"label":" ","price":4.01},{"type":"B","date":"2018-04-16T03:41:11.000Z","volume":6000,"label":" ","price":4.01},{"type":"A","date":"2018-04-16T03:41:11.000Z","volume":2000,"label":" ","price":4.02},{"type":"A","date":"2018-04-16T03:41:28.000Z","volume":4000,"label":" ","price":4.02},{"type":"A","date":"2018-04-16T03:41:52.000Z","volume":4000,"label":" ","price":4.02},{"type":"A","date":"2018-04-16T03:42:34.000Z","volume":384000,"label":" ","price":4.02},{"type":"U","date":"2018-04-16T03:42:34.000Z","volume":22000,"label":" ","price":4.02},{"type":"U","date":"2018-04-16T03:42:34.000Z","volume":10000,"label":" ","price":4.02},{"type":"A","date":"2018-04-16T03:44:41.000Z","volume":8000,"label":" ","price":4.03},{"type":"A","date":"2018-04-16T03:45:19.000Z","volume":4000,"label":" ","price":4.02},{"type":"A","date":"2018-04-16T03:46:45.000Z","volume":2000,"label":" ","price":4.02},{"type":"A","date":"2018-04-16T03:46:45.000Z","volume":2000,"label":"Y","price":4.02},{"type":"A","date":"2018-04-16T03:46:45.000Z","volume":30000,"label":" ","price":4.02},{"type":"B","date":"2018-04-16T03:46:46.000Z","volume":2000,"label":" ","price":4.01},{"type":"A","date":"2018-04-16T03:47:06.000Z","volume":26000,"label":" ","price":4.02},{"type":"A","date":"2018-04-16T03:47:06.000Z","volume":24000,"label":" ","price":4.02},{"type":"U","date":"2018-04-16T03:47:06.000Z","volume":14000,"label":" ","price":4.02},{"type":"A","date":"2018-04-16T03:47:06.000Z","volume":6000,"label":" ","price":4.02},{"type":"A","date":"2018-04-16T03:47:10.000Z","volume":2000,"label":" ","price":4.02},{"type":"A","date":"2018-04-16T03:47:11.000Z","volume":2000,"label":" ","price":4.02},{"type":"A","date":"2018-04-16T03:47:11.000Z","volume":2000,"label":" ","price":4.02},{"type":"A","date":"2018-04-16T03:47:24.000Z","volume":2000,"label":" ","price":4.02},{"type":"A","date":"2018-04-16T03:49:26.000Z","volume":36000,"label":" ","price":4.02},{"type":"A","date":"2018-04-16T03:49:31.000Z","volume":4000,"label":" ","price":4.02},{"type":"A","date":"2018-04-16T03:50:19.000Z","volume":2000,"label":" ","price":4.02},{"type":"A","date":"2018-04-16T03:51:36.000Z","volume":4000,"label":" ","price":4.02},{"type":"A","date":"2018-04-16T03:52:11.000Z","volume":32000,"label":" ","price":4.02},{"type":"A","date":"2018-04-16T03:52:14.000Z","volume":6000,"label":" ","price":4.02},{"type":"B","date":"2018-04-16T03:52:19.000Z","volume":12000,"label":" ","price":4.01},{"type":"A","date":"2018-04-16T03:54:09.000Z","volume":2000,"label":" ","price":4.02},{"type":"A","date":"2018-04-16T03:55:44.000Z","volume":26000,"label":" ","price":4.02},{"type":"B","date":"2018-04-16T03:56:17.000Z","volume":6000,"label":" ","price":4.01},{"type":"B","date":"2018-04-16T03:56:42.000Z","volume":30000,"label":" ","price":4.01},{"type":"B","date":"2018-04-16T03:57:14.000Z","volume":4000,"label":" ","price":4.01},{"type":"A","date":"2018-04-16T03:57:54.000Z","volume":8000,"label":" ","price":4.02},{"type":"B","date":"2018-04-16T03:57:59.000Z","volume":2000,"label":" ","price":4.01},{"type":"B","date":"2018-04-16T03:58:14.000Z","volume":8000,"label":" ","price":4.01},{"type":"B","date":"2018-04-16T03:58:53.000Z","volume":8000,"label":" ","price":4.01},{"type":"B","date":"2018-04-16T03:58:55.000Z","volume":1456000,"label":" ","price":4.01},{"type":"A","date":"2018-04-16T03:58:56.000Z","volume":4000,"label":" ","price":4.01},{"type":"A","date":"2018-04-16T03:58:56.000Z","volume":8000,"label":" ","price":4.01},{"type":"B","date":"2018-04-16T03:58:56.000Z","volume":162000,"label":" ","price":4},{"type":"A","date":"2018-04-16T03:58:58.000Z","volume":6000,"label":" ","price":4.01},{"type":"B","date":"2018-04-16T03:58:58.000Z","volume":32000,"label":" ","price":4},{"type":"B","date":"2018-04-16T03:59:00.000Z","volume":8000,"label":" ","price":4},{"type":"B","date":"2018-04-16T03:59:07.000Z","volume":10000,"label":" ","price":4},{"type":"B","date":"2018-04-16T03:59:18.000Z","volume":10000,"label":" ","price":4},{"type":"B","date":"2018-04-16T03:59:26.000Z","volume":10000,"label":" ","price":4},{"type":"B","date":"2018-04-16T03:59:28.000Z","volume":10000,"label":" ","price":4},{"type":"B","date":"2018-04-16T03:59:29.000Z","volume":2000,"label":" ","price":4},{"type":"A","date":"2018-04-16T03:59:32.000Z","volume":6000,"label":" ","price":4.01},{"type":"B","date":"2018-04-16T03:59:33.000Z","volume":10000,"label":" ","price":4},{"type":"B","date":"2018-04-16T03:59:45.000Z","volume":10000,"label":" ","price":4},{"type":"B","date":"2018-04-16T05:00:00.000Z","volume":4000,"label":" ","price":4},{"type":"A","date":"2018-04-16T05:00:55.000Z","volume":60000,"label":" ","price":4.01},{"type":"B","date":"2018-04-16T05:00:56.000Z","volume":10000,"label":" ","price":4},{"type":"A","date":"2018-04-16T05:03:53.000Z","volume":4000,"label":" ","price":4.01},{"type":"B","date":"2018-04-16T05:03:54.000Z","volume":8000,"label":" ","price":4},{"type":"B","date":"2018-04-16T05:03:55.000Z","volume":6000,"label":" ","price":4},{"type":"A","date":"2018-04-16T05:03:56.000Z","volume":6000,"label":"Y","price":4.01},{"type":"A","date":"2018-04-16T05:04:15.000Z","volume":10000,"label":" ","price":4.01},{"type":"A","date":"2018-04-16T05:05:28.000Z","volume":100000,"label":" ","price":4.01},{"type":"B","date":"2018-04-16T05:05:29.000Z","volume":16000,"label":" ","price":4},{"type":"A","date":"2018-04-16T05:05:31.000Z","volume":6000,"label":" ","price":4.01},{"type":"B","date":"2018-04-16T05:05:32.000Z","volume":10000,"label":" ","price":4},{"type":"A","date":"2018-04-16T05:06:29.000Z","volume":4000,"label":" ","price":4.01},{"type":"B","date":"2018-04-16T05:08:13.000Z","volume":6000,"label":" ","price":4},{"type":"A","date":"2018-04-16T05:09:11.000Z","volume":4000,"label":" ","price":4.01},{"type":"B","date":"2018-04-16T05:10:56.000Z","volume":1000000,"label":" ","price":4},{"type":"B","date":"2018-04-16T05:10:56.000Z","volume":180000,"label":" ","price":4},{"type":"A","date":"2018-04-16T05:10:56.000Z","volume":16000,"label":" ","price":4},{"type":"A","date":"2018-04-16T05:10:59.000Z","volume":10000,"label":" ","price":4},{"type":"B","date":"2018-04-16T05:11:02.000Z","volume":6000,"label":" ","price":3.99},{"type":"B","date":"2018-04-16T05:11:02.000Z","volume":20000,"label":" ","price":3.99},{"type":"B","date":"2018-04-16T05:11:02.000Z","volume":42000,"label":" ","price":3.99},{"type":"A","date":"2018-04-16T05:11:04.000Z","volume":6000,"label":" ","price":4},{"type":"B","date":"2018-04-16T05:12:31.000Z","volume":6000,"label":" ","price":3.99},{"type":"B","date":"2018-04-16T05:13:08.000Z","volume":22000,"label":" ","price":3.99},{"type":"B","date":"2018-04-16T05:13:24.000Z","volume":92000,"label":" ","price":3.99},{"type":"A","date":"2018-04-16T05:13:30.000Z","volume":16000,"label":" ","price":3.99},{"type":"B","date":"2018-04-16T05:15:11.000Z","volume":18000,"label":" ","price":3.99},{"type":"B","date":"2018-04-16T05:16:48.000Z","volume":6000,"label":" ","price":3.99},{"type":"B","date":"2018-04-16T05:19:44.000Z","volume":58000,"label":" ","price":3.99},{"type":"B","date":"2018-04-16T05:21:05.000Z","volume":6000,"label":" ","price":3.98},{"type":"B","date":"2018-04-16T05:21:05.000Z","volume":22000,"label":" ","price":3.98},{"type":"A","date":"2018-04-16T05:22:24.000Z","volume":10000,"label":" ","price":3.99},{"type":"A","date":"2018-04-16T05:22:47.000Z","volume":2000,"label":" ","price":3.99},{"type":"A","date":"2018-04-16T05:23:06.000Z","volume":2000,"label":" ","price":3.99},{"type":"B","date":"2018-04-16T05:24:34.000Z","volume":4000,"label":" ","price":3.98},{"type":"B","date":"2018-04-16T05:25:59.000Z","volume":20000,"label":"Y","price":3.98},{"type":"B","date":"2018-04-16T05:25:59.000Z","volume":70000,"label":" ","price":3.98},{"type":"A","date":"2018-04-16T05:26:01.000Z","volume":10000,"label":" ","price":3.99},{"type":"B","date":"2018-04-16T05:28:40.000Z","volume":6000,"label":" ","price":3.98},{"type":"A","date":"2018-04-16T05:28:56.000Z","volume":2000,"label":" ","price":3.99},{"type":"A","date":"2018-04-16T05:29:03.000Z","volume":10000,"label":" ","price":3.99},{"type":"A","date":"2018-04-16T05:29:39.000Z","volume":2000,"label":" ","price":3.99},{"type":"B","date":"2018-04-16T05:32:54.000Z","volume":6000,"label":" ","price":3.98},{"type":"B","date":"2018-04-16T05:34:32.000Z","volume":40000,"label":" ","price":3.98},{"type":"B","date":"2018-04-16T05:34:53.000Z","volume":10000,"label":" ","price":3.98},{"type":"A","date":"2018-04-16T05:34:53.000Z","volume":4000,"label":" ","price":3.99},{"type":"A","date":"2018-04-16T05:35:04.000Z","volume":304000,"label":" ","price":3.99},{"type":"A","date":"2018-04-16T05:35:04.000Z","volume":16000,"label":" ","price":3.99},{"type":"A","date":"2018-04-16T05:35:04.000Z","volume":20000,"label":" ","price":4},{"type":"A","date":"2018-04-16T05:35:06.000Z","volume":16000,"label":" ","price":4},{"type":"B","date":"2018-04-16T05:35:06.000Z","volume":16000,"label":" ","price":3.99},{"type":"A","date":"2018-04-16T05:36:19.000Z","volume":40000,"label":" ","price":4},{"type":"A","date":"2018-04-16T05:36:20.000Z","volume":4000,"label":" ","price":4},{"type":"A","date":"2018-04-16T05:36:22.000Z","volume":10000,"label":" ","price":4},{"type":"A","date":"2018-04-16T05:37:59.000Z","volume":470000,"label":" ","price":4},{"type":"A","date":"2018-04-16T05:38:02.000Z","volume":4000,"label":"Y","price":4.01},{"type":"A","date":"2018-04-16T05:38:02.000Z","volume":22000,"label":" ","price":4.01},{"type":"A","date":"2018-04-16T05:38:02.000Z","volume":184000,"label":" ","price":4.01},{"type":"A","date":"2018-04-16T05:38:02.000Z","volume":86000,"label":" ","price":4.01},{"type":"B","date":"2018-04-16T05:38:02.000Z","volume":10000,"label":" ","price":4.01},{"type":"B","date":"2018-04-16T05:38:02.000Z","volume":98000,"label":" ","price":4},{"type":"B","date":"2018-04-16T05:38:02.000Z","volume":72000,"label":" ","price":4},{"type":"A","date":"2018-04-16T05:38:02.000Z","volume":8000,"label":" ","price":4.01},{"type":"B","date":"2018-04-16T05:38:03.000Z","volume":30000,"label":" ","price":4},{"type":"A","date":"2018-04-16T05:40:13.000Z","volume":4000,"label":"Y","price":4},{"type":"B","date":"2018-04-16T05:40:32.000Z","volume":2000,"label":" ","price":3.99},{"type":"B","date":"2018-04-16T05:42:02.000Z","volume":4000,"label":" ","price":3.99},{"type":"B","date":"2018-04-16T05:42:17.000Z","volume":16000,"label":" ","price":3.99},{"type":"B","date":"2018-04-16T05:42:17.000Z","volume":34000,"label":" ","price":3.99},{"type":"B","date":"2018-04-16T05:42:18.000Z","volume":42000,"label":" ","price":3.99},{"type":"A","date":"2018-04-16T05:43:54.000Z","volume":2000,"label":" ","price":3.99},{"type":"B","date":"2018-04-16T05:44:41.000Z","volume":10000,"label":" ","price":3.98},{"type":"B","date":"2018-04-16T05:46:06.000Z","volume":6000,"label":" ","price":3.98},{"type":"B","date":"2018-04-16T05:49:03.000Z","volume":4000,"label":" ","price":3.98},{"type":"A","date":"2018-04-16T05:50:56.000Z","volume":8000,"label":" ","price":3.99},{"type":"B","date":"2018-04-16T05:52:06.000Z","volume":4000,"label":" ","price":3.98},{"type":"A","date":"2018-04-16T05:53:04.000Z","volume":4000,"label":" ","price":3.99},{"type":"A","date":"2018-04-16T05:53:48.000Z","volume":14000,"label":" ","price":3.99},{"type":"A","date":"2018-04-16T05:53:59.000Z","volume":20000,"label":" ","price":3.99},{"type":"A","date":"2018-04-16T05:54:09.000Z","volume":2000,"label":" ","price":3.99},{"type":"B","date":"2018-04-16T05:54:54.000Z","volume":4000,"label":" ","price":3.98},{"type":"A","date":"2018-04-16T05:56:00.000Z","volume":18000,"label":" ","price":3.99},{"type":"A","date":"2018-04-16T05:56:03.000Z","volume":6000,"label":" ","price":3.99},{"type":"A","date":"2018-04-16T05:56:31.000Z","volume":10000,"label":" ","price":3.99},{"type":"A","date":"2018-04-16T05:57:30.000Z","volume":230000,"label":" ","price":3.99},{"type":"A","date":"2018-04-16T05:57:32.000Z","volume":12000,"label":" ","price":4},{"type":"A","date":"2018-04-16T05:58:46.000Z","volume":18000,"label":" ","price":4},{"type":"B","date":"2018-04-16T06:00:27.000Z","volume":4000,"label":" ","price":3.99},{"type":"A","date":"2018-04-16T06:01:17.000Z","volume":44000,"label":" ","price":4},{"type":"B","date":"2018-04-16T06:02:18.000Z","volume":222000,"label":" ","price":3.99},{"type":"B","date":"2018-04-16T06:02:18.000Z","volume":28000,"label":" ","price":3.99},{"type":"A","date":"2018-04-16T06:02:19.000Z","volume":4000,"label":" ","price":3.99},{"type":"A","date":"2018-04-16T06:02:24.000Z","volume":4000,"label":" ","price":3.99},{"type":"B","date":"2018-04-16T06:04:28.000Z","volume":6000,"label":" ","price":3.98},{"type":"A","date":"2018-04-16T06:05:41.000Z","volume":50000,"label":" ","price":3.99},{"type":"A","date":"2018-04-16T06:05:41.000Z","volume":8000,"label":" ","price":3.99},{"type":"A","date":"2018-04-16T06:06:23.000Z","volume":10000,"label":" ","price":3.99},{"type":"A","date":"2018-04-16T06:06:39.000Z","volume":2000,"label":"Y","price":3.99},{"type":"A","date":"2018-04-16T06:07:09.000Z","volume":4000,"label":" ","price":3.99},{"type":"B","date":"2018-04-16T06:07:22.000Z","volume":4000,"label":" ","price":3.98},{"type":"B","date":"2018-04-16T06:07:41.000Z","volume":16000,"label":"Y","price":3.98},{"type":"B","date":"2018-04-16T06:07:41.000Z","volume":234000,"label":" ","price":3.98},{"type":"A","date":"2018-04-16T06:07:42.000Z","volume":12000,"label":"Y","price":3.99},{"type":"B","date":"2018-04-16T06:11:20.000Z","volume":6000,"label":" ","price":3.98},{"type":"A","date":"2018-04-16T06:12:16.000Z","volume":14000,"label":" ","price":3.99},{"type":"A","date":"2018-04-16T06:13:26.000Z","volume":2000,"label":" ","price":3.99},{"type":"B","date":"2018-04-16T06:14:03.000Z","volume":4000,"label":" ","price":3.98},{"type":"B","date":"2018-04-16T06:14:06.000Z","volume":12000,"label":" ","price":3.98},{"type":"A","date":"2018-04-16T06:15:25.000Z","volume":24000,"label":" ","price":3.99},{"type":"B","date":"2018-04-16T06:15:26.000Z","volume":6000,"label":" ","price":3.98},{"type":"A","date":"2018-04-16T06:15:39.000Z","volume":2000,"label":" ","price":3.99},{"type":"A","date":"2018-04-16T06:17:49.000Z","volume":12000,"label":" ","price":3.99},{"type":"A","date":"2018-04-16T06:17:49.000Z","volume":16000,"label":" ","price":3.99},{"type":"A","date":"2018-04-16T06:17:52.000Z","volume":6000,"label":"Y","price":3.99},{"type":"B","date":"2018-04-16T06:18:17.000Z","volume":4000,"label":" ","price":3.98},{"type":"A","date":"2018-04-16T06:19:09.000Z","volume":2000,"label":" ","price":3.99},{"type":"A","date":"2018-04-16T06:19:40.000Z","volume":4000,"label":" ","price":3.99},{"type":"A","date":"2018-04-16T06:19:42.000Z","volume":30000,"label":" ","price":3.99},{"type":"B","date":"2018-04-16T06:19:46.000Z","volume":2000,"label":"Y","price":3.98},{"type":"B","date":"2018-04-16T06:19:46.000Z","volume":8000,"label":" ","price":3.98},{"type":"A","date":"2018-04-16T06:20:35.000Z","volume":32000,"label":" ","price":3.99},{"type":"A","date":"2018-04-16T06:21:38.000Z","volume":4000,"label":" ","price":3.99},{"type":"B","date":"2018-04-16T06:22:13.000Z","volume":6000,"label":" ","price":3.98},{"type":"A","date":"2018-04-16T06:23:31.000Z","volume":16000,"label":" ","price":3.99},{"type":"A","date":"2018-04-16T06:24:28.000Z","volume":16000,"label":" ","price":3.99},{"type":"A","date":"2018-04-16T06:24:30.000Z","volume":4000,"label":"Y","price":3.99},{"type":"A","date":"2018-04-16T06:24:30.000Z","volume":2000,"label":" ","price":3.99},{"type":"A","date":"2018-04-16T06:24:54.000Z","volume":8000,"label":" ","price":3.99},{"type":"A","date":"2018-04-16T06:25:07.000Z","volume":8000,"label":" ","price":3.99},{"type":"A","date":"2018-04-16T06:25:20.000Z","volume":8000,"label":" ","price":3.99},{"type":"A","date":"2018-04-16T06:25:20.000Z","volume":2000,"label":" ","price":3.99},{"type":"A","date":"2018-04-16T06:25:33.000Z","volume":8000,"label":" ","price":3.99},{"type":"A","date":"2018-04-16T06:25:45.000Z","volume":8000,"label":" ","price":3.99},{"type":"A","date":"2018-04-16T06:25:53.000Z","volume":4000,"label":" ","price":3.99},{"type":"A","date":"2018-04-16T06:25:59.000Z","volume":8000,"label":" ","price":3.99},{"type":"A","date":"2018-04-16T06:26:00.000Z","volume":24000,"label":" ","price":3.99},{"type":"A","date":"2018-04-16T06:26:00.000Z","volume":6000,"label":" ","price":4},{"type":"B","date":"2018-04-16T06:26:06.000Z","volume":96000,"label":" ","price":3.99},{"type":"B","date":"2018-04-16T06:26:06.000Z","volume":134000,"label":" ","price":3.99},{"type":"A","date":"2018-04-16T06:26:09.000Z","volume":6000,"label":" ","price":3.99},{"type":"A","date":"2018-04-16T06:26:25.000Z","volume":8000,"label":" ","price":3.99},{"type":"A","date":"2018-04-16T06:26:31.000Z","volume":100000,"label":" ","price":3.99},{"type":"A","date":"2018-04-16T06:26:31.000Z","volume":8000,"label":" ","price":3.99},{"type":"A","date":"2018-04-16T06:26:31.000Z","volume":10000,"label":" ","price":3.99},{"type":"A","date":"2018-04-16T06:26:38.000Z","volume":8000,"label":" ","price":3.99},{"type":"A","date":"2018-04-16T06:26:51.000Z","volume":10000,"label":" ","price":3.99},{"type":"A","date":"2018-04-16T06:26:51.000Z","volume":8000,"label":" ","price":3.99},{"type":"B","date":"2018-04-16T06:26:51.000Z","volume":94000,"label":" ","price":3.99},{"type":"A","date":"2018-04-16T06:26:52.000Z","volume":6000,"label":" ","price":3.99},{"type":"A","date":"2018-04-16T06:26:53.000Z","volume":8000,"label":" ","price":3.99},{"type":"A","date":"2018-04-16T06:27:04.000Z","volume":8000,"label":" ","price":4},{"type":"B","date":"2018-04-16T06:27:12.000Z","volume":8000,"label":" ","price":3.98},{"type":"A","date":"2018-04-16T06:27:17.000Z","volume":8000,"label":" ","price":4},{"type":"A","date":"2018-04-16T06:27:30.000Z","volume":8000,"label":" ","price":4},{"type":"A","date":"2018-04-16T06:27:43.000Z","volume":8000,"label":" ","price":4},{"type":"A","date":"2018-04-16T06:27:56.000Z","volume":8000,"label":" ","price":4},{"type":"B","date":"2018-04-16T06:28:02.000Z","volume":2000,"label":"Y","price":3.99},{"type":"B","date":"2018-04-16T06:28:02.000Z","volume":10000,"label":" ","price":3.99},{"type":"B","date":"2018-04-16T06:28:02.000Z","volume":4000,"label":" ","price":3.99},{"type":"A","date":"2018-04-16T06:28:09.000Z","volume":8000,"label":" ","price":3.99},{"type":"A","date":"2018-04-16T06:28:22.000Z","volume":8000,"label":" ","price":3.99},{"type":"A","date":"2018-04-16T06:28:35.000Z","volume":8000,"label":" ","price":3.99},{"type":"A","date":"2018-04-16T06:28:48.000Z","volume":8000,"label":" ","price":3.99},{"type":"A","date":"2018-04-16T06:29:01.000Z","volume":8000,"label":" ","price":3.99},{"type":"A","date":"2018-04-16T06:29:14.000Z","volume":8000,"label":" ","price":4},{"type":"A","date":"2018-04-16T06:29:27.000Z","volume":8000,"label":" ","price":4},{"type":"A","date":"2018-04-16T06:29:40.000Z","volume":8000,"label":" ","price":4},{"type":"A","date":"2018-04-16T06:29:53.000Z","volume":8000,"label":" ","price":4},{"type":"B","date":"2018-04-16T06:29:54.000Z","volume":30000,"label":" ","price":3.99},{"type":"A","date":"2018-04-16T06:30:19.000Z","volume":8000,"label":" ","price":4},{"type":"A","date":"2018-04-16T06:30:32.000Z","volume":8000,"label":" ","price":4},{"type":"A","date":"2018-04-16T06:30:45.000Z","volume":8000,"label":" ","price":4},{"type":"B","date":"2018-04-16T06:30:56.000Z","volume":16000,"label":" ","price":3.99},{"type":"A","date":"2018-04-16T06:31:00.000Z","volume":8000,"label":" ","price":4},{"type":"A","date":"2018-04-16T06:31:15.000Z","volume":8000,"label":" ","price":4},{"type":"A","date":"2018-04-16T06:31:16.000Z","volume":2000,"label":" ","price":4},{"type":"A","date":"2018-04-16T06:31:30.000Z","volume":10000,"label":" ","price":4},{"type":"A","date":"2018-04-16T06:31:30.000Z","volume":2000,"label":" ","price":4},{"type":"A","date":"2018-04-16T06:31:45.000Z","volume":8000,"label":" ","price":4},{"type":"A","date":"2018-04-16T06:31:45.000Z","volume":2000,"label":" ","price":4},{"type":"A","date":"2018-04-16T06:31:46.000Z","volume":6000,"label":" ","price":4},{"type":"A","date":"2018-04-16T06:31:47.000Z","volume":2000,"label":" ","price":4},{"type":"A","date":"2018-04-16T06:32:00.000Z","volume":10000,"label":" ","price":4},{"type":"A","date":"2018-04-16T06:32:00.000Z","volume":2000,"label":" ","price":4},{"type":"A","date":"2018-04-16T06:32:16.000Z","volume":8000,"label":" ","price":4},{"type":"A","date":"2018-04-16T06:32:16.000Z","volume":2000,"label":" ","price":4},{"type":"A","date":"2018-04-16T06:32:40.000Z","volume":10000,"label":" ","price":4},{"type":"A","date":"2018-04-16T06:32:40.000Z","volume":48000,"label":" ","price":4},{"type":"A","date":"2018-04-16T06:32:55.000Z","volume":8000,"label":" ","price":4},{"type":"A","date":"2018-04-16T06:32:55.000Z","volume":8000,"label":" ","price":4},{"type":"A","date":"2018-04-16T06:33:08.000Z","volume":8000,"label":" ","price":4},{"type":"B","date":"2018-04-16T06:33:10.000Z","volume":2000,"label":" ","price":3.99},{"type":"A","date":"2018-04-16T06:33:30.000Z","volume":10000,"label":" ","price":4},{"type":"A","date":"2018-04-16T06:33:33.000Z","volume":6000,"label":" ","price":4},{"type":"A","date":"2018-04-16T06:33:45.000Z","volume":10000,"label":" ","price":4},{"type":"A","date":"2018-04-16T06:34:00.000Z","volume":10000,"label":" ","price":4},{"type":"A","date":"2018-04-16T06:34:13.000Z","volume":8000,"label":" ","price":4},{"type":"A","date":"2018-04-16T06:34:13.000Z","volume":54000,"label":" ","price":4},{"type":"A","date":"2018-04-16T06:34:26.000Z","volume":8000,"label":" ","price":4},{"type":"A","date":"2018-04-16T06:34:27.000Z","volume":6000,"label":" ","price":4},{"type":"A","date":"2018-04-16T06:34:39.000Z","volume":8000,"label":" ","price":4},{"type":"A","date":"2018-04-16T06:34:52.000Z","volume":8000,"label":" ","price":4},{"type":"A","date":"2018-04-16T06:34:53.000Z","volume":6000,"label":" ","price":4},{"type":"A","date":"2018-04-16T06:35:05.000Z","volume":8000,"label":" ","price":4},{"type":"A","date":"2018-04-16T06:35:18.000Z","volume":8000,"label":" ","price":4},{"type":"A","date":"2018-04-16T06:35:31.000Z","volume":8000,"label":" ","price":4},{"type":"A","date":"2018-04-16T06:35:44.000Z","volume":8000,"label":" ","price":4},{"type":"A","date":"2018-04-16T06:35:57.000Z","volume":8000,"label":" ","price":4},{"type":"A","date":"2018-04-16T06:36:03.000Z","volume":20000,"label":" ","price":4},{"type":"A","date":"2018-04-16T06:36:10.000Z","volume":8000,"label":" ","price":4},{"type":"A","date":"2018-04-16T06:36:23.000Z","volume":8000,"label":" ","price":4},{"type":"B","date":"2018-04-16T06:36:34.000Z","volume":4000,"label":" ","price":3.99},{"type":"A","date":"2018-04-16T06:36:45.000Z","volume":10000,"label":" ","price":4},{"type":"A","date":"2018-04-16T06:37:00.000Z","volume":8000,"label":" ","price":4},{"type":"A","date":"2018-04-16T06:37:15.000Z","volume":10000,"label":" ","price":4},{"type":"A","date":"2018-04-16T06:37:28.000Z","volume":8000,"label":" ","price":4},{"type":"A","date":"2018-04-16T06:37:32.000Z","volume":6000,"label":" ","price":4},{"type":"A","date":"2018-04-16T06:37:41.000Z","volume":8000,"label":" ","price":4},{"type":"A","date":"2018-04-16T06:37:54.000Z","volume":8000,"label":" ","price":4},{"type":"A","date":"2018-04-16T06:38:07.000Z","volume":8000,"label":" ","price":4},{"type":"A","date":"2018-04-16T06:38:20.000Z","volume":8000,"label":" ","price":4},{"type":"A","date":"2018-04-16T06:38:33.000Z","volume":8000,"label":" ","price":4},{"type":"A","date":"2018-04-16T06:38:45.000Z","volume":8000,"label":" ","price":4},{"type":"A","date":"2018-04-16T06:38:59.000Z","volume":8000,"label":" ","price":4},{"type":"B","date":"2018-04-16T06:39:11.000Z","volume":790000,"label":" ","price":3.99},{"type":"B","date":"2018-04-16T06:39:11.000Z","volume":110000,"label":" ","price":3.98},{"type":"A","date":"2018-04-16T06:39:13.000Z","volume":32000,"label":" ","price":3.99},{"type":"A","date":"2018-04-16T06:39:21.000Z","volume":86000,"label":" ","price":3.99},{"type":"A","date":"2018-04-16T06:39:38.000Z","volume":8000,"label":" ","price":4},{"type":"A","date":"2018-04-16T06:39:51.000Z","volume":8000,"label":" ","price":4},{"type":"A","date":"2018-04-16T06:40:04.000Z","volume":8000,"label":" ","price":4},{"type":"A","date":"2018-04-16T06:40:15.000Z","volume":8000,"label":" ","price":4},{"type":"B","date":"2018-04-16T06:40:24.000Z","volume":10000,"label":" ","price":3.99},{"type":"A","date":"2018-04-16T06:40:30.000Z","volume":8000,"label":" ","price":4},{"type":"B","date":"2018-04-16T06:40:34.000Z","volume":6000,"label":" ","price":3.99},{"type":"A","date":"2018-04-16T06:40:43.000Z","volume":8000,"label":" ","price":4},{"type":"A","date":"2018-04-16T06:40:56.000Z","volume":8000,"label":" ","price":4},{"type":"A","date":"2018-04-16T06:41:09.000Z","volume":8000,"label":" ","price":4},{"type":"A","date":"2018-04-16T06:41:10.000Z","volume":6000,"label":" ","price":4},{"type":"A","date":"2018-04-16T06:41:35.000Z","volume":12000,"label":" ","price":4},{"type":"A","date":"2018-04-16T06:42:00.000Z","volume":12000,"label":" ","price":4},{"type":"A","date":"2018-04-16T06:42:14.000Z","volume":8000,"label":" ","price":4},{"type":"A","date":"2018-04-16T06:42:27.000Z","volume":8000,"label":" ","price":4},{"type":"A","date":"2018-04-16T06:42:40.000Z","volume":8000,"label":" ","price":4},{"type":"A","date":"2018-04-16T06:42:53.000Z","volume":8000,"label":" ","price":4},{"type":"A","date":"2018-04-16T06:43:06.000Z","volume":8000,"label":" ","price":4},{"type":"A","date":"2018-04-16T06:43:19.000Z","volume":8000,"label":" ","price":4},{"type":"A","date":"2018-04-16T06:43:32.000Z","volume":8000,"label":" ","price":4},{"type":"A","date":"2018-04-16T06:43:45.000Z","volume":8000,"label":" ","price":4},{"type":"A","date":"2018-04-16T06:43:58.000Z","volume":8000,"label":" ","price":4},{"type":"A","date":"2018-04-16T06:44:11.000Z","volume":8000,"label":" ","price":4},{"type":"A","date":"2018-04-16T06:44:24.000Z","volume":8000,"label":" ","price":4},{"type":"B","date":"2018-04-16T06:44:25.000Z","volume":16000,"label":" ","price":3.99},{"type":"A","date":"2018-04-16T06:44:28.000Z","volume":6000,"label":" ","price":4},{"type":"A","date":"2018-04-16T06:44:37.000Z","volume":8000,"label":" ","price":4},{"type":"B","date":"2018-04-16T06:44:39.000Z","volume":6000,"label":" ","price":3.99},{"type":"A","date":"2018-04-16T06:44:50.000Z","volume":8000,"label":" ","price":4},{"type":"A","date":"2018-04-16T06:45:03.000Z","volume":8000,"label":" ","price":4},{"type":"B","date":"2018-04-16T06:45:13.000Z","volume":118000,"label":" ","price":3.99},{"type":"B","date":"2018-04-16T06:45:13.000Z","volume":28000,"label":" ","price":3.99},{"type":"A","date":"2018-04-16T06:45:41.000Z","volume":4000,"label":" ","price":3.99},{"type":"A","date":"2018-04-16T06:45:42.000Z","volume":8000,"label":" ","price":3.99},{"type":"A","date":"2018-04-16T06:45:55.000Z","volume":8000,"label":" ","price":3.99},{"type":"A","date":"2018-04-16T06:46:08.000Z","volume":8000,"label":" ","price":3.99},{"type":"A","date":"2018-04-16T06:46:21.000Z","volume":8000,"label":" ","price":3.99},{"type":"A","date":"2018-04-16T06:46:34.000Z","volume":8000,"label":" ","price":3.99},{"type":"A","date":"2018-04-16T06:46:40.000Z","volume":60000,"label":"Y","price":3.99},{"type":"A","date":"2018-04-16T06:46:40.000Z","volume":34000,"label":" ","price":3.99},{"type":"A","date":"2018-04-16T06:46:40.000Z","volume":8000,"label":" ","price":4},{"type":"A","date":"2018-04-16T06:46:45.000Z","volume":8000,"label":" ","price":4},{"type":"B","date":"2018-04-16T06:46:50.000Z","volume":2000,"label":" ","price":3.99},{"type":"A","date":"2018-04-16T06:47:00.000Z","volume":8000,"label":" ","price":4},{"type":"A","date":"2018-04-16T06:47:13.000Z","volume":8000,"label":" ","price":4},{"type":"A","date":"2018-04-16T06:47:26.000Z","volume":10000,"label":" ","price":4},{"type":"A","date":"2018-04-16T06:47:39.000Z","volume":8000,"label":" ","price":4},{"type":"A","date":"2018-04-16T06:47:52.000Z","volume":8000,"label":" ","price":4},{"type":"A","date":"2018-04-16T06:48:05.000Z","volume":8000,"label":" ","price":4},{"type":"A","date":"2018-04-16T06:48:18.000Z","volume":8000,"label":" ","price":4},{"type":"A","date":"2018-04-16T06:48:31.000Z","volume":8000,"label":" ","price":4},{"type":"A","date":"2018-04-16T06:48:44.000Z","volume":8000,"label":" ","price":4},{"type":"A","date":"2018-04-16T06:48:57.000Z","volume":8000,"label":" ","price":4},{"type":"A","date":"2018-04-16T06:48:59.000Z","volume":6000,"label":" ","price":4},{"type":"A","date":"2018-04-16T06:49:10.000Z","volume":8000,"label":" ","price":4},{"type":"A","date":"2018-04-16T06:49:23.000Z","volume":8000,"label":" ","price":4},{"type":"A","date":"2018-04-16T06:49:36.000Z","volume":8000,"label":" ","price":4},{"type":"B","date":"2018-04-16T06:49:41.000Z","volume":22000,"label":" ","price":3.99},{"type":"A","date":"2018-04-16T06:49:49.000Z","volume":8000,"label":" ","price":4},{"type":"A","date":"2018-04-16T06:50:02.000Z","volume":8000,"label":" ","price":4},{"type":"B","date":"2018-04-16T06:50:11.000Z","volume":4000,"label":" ","price":3.99},{"type":"B","date":"2018-04-16T06:50:17.000Z","volume":16000,"label":" ","price":3.99},{"type":"A","date":"2018-04-16T06:50:20.000Z","volume":8000,"label":" ","price":4},{"type":"A","date":"2018-04-16T06:50:40.000Z","volume":8000,"label":" ","price":4},{"type":"A","date":"2018-04-16T06:50:54.000Z","volume":8000,"label":" ","price":4},{"type":"B","date":"2018-04-16T06:51:03.000Z","volume":10000,"label":" ","price":3.99},{"type":"A","date":"2018-04-16T06:51:07.000Z","volume":6000,"label":" ","price":4},{"type":"A","date":"2018-04-16T06:51:15.000Z","volume":12000,"label":" ","price":4},{"type":"A","date":"2018-04-16T06:51:30.000Z","volume":8000,"label":" ","price":4},{"type":"A","date":"2018-04-16T06:51:45.000Z","volume":10000,"label":" ","price":4},{"type":"A","date":"2018-04-16T06:51:59.000Z","volume":8000,"label":" ","price":4},{"type":"A","date":"2018-04-16T06:52:12.000Z","volume":8000,"label":" ","price":4},{"type":"A","date":"2018-04-16T06:52:25.000Z","volume":8000,"label":" ","price":4},{"type":"A","date":"2018-04-16T06:52:38.000Z","volume":8000,"label":" ","price":4},{"type":"A","date":"2018-04-16T06:52:51.000Z","volume":8000,"label":" ","price":4},{"type":"A","date":"2018-04-16T06:53:04.000Z","volume":8000,"label":" ","price":4},{"type":"A","date":"2018-04-16T06:53:15.000Z","volume":8000,"label":" ","price":4},{"type":"B","date":"2018-04-16T06:53:18.000Z","volume":50000,"label":" ","price":3.99},{"type":"A","date":"2018-04-16T06:53:56.000Z","volume":10000,"label":" ","price":3.99},{"type":"A","date":"2018-04-16T06:54:09.000Z","volume":8000,"label":" ","price":3.99},{"type":"B","date":"2018-04-16T06:54:11.000Z","volume":6000,"label":" ","price":3.98},{"type":"A","date":"2018-04-16T06:54:22.000Z","volume":8000,"label":" ","price":3.99},{"type":"A","date":"2018-04-16T06:54:35.000Z","volume":8000,"label":" ","price":3.99},{"type":"A","date":"2018-04-16T06:54:48.000Z","volume":8000,"label":" ","price":3.99},{"type":"A","date":"2018-04-16T06:55:01.000Z","volume":8000,"label":" ","price":3.99},{"type":"A","date":"2018-04-16T06:55:03.000Z","volume":6000,"label":" ","price":3.99},{"type":"A","date":"2018-04-16T06:55:14.000Z","volume":8000,"label":" ","price":3.99},{"type":"A","date":"2018-04-16T06:55:27.000Z","volume":8000,"label":" ","price":3.99},{"type":"A","date":"2018-04-16T06:55:40.000Z","volume":8000,"label":" ","price":3.99},{"type":"B","date":"2018-04-16T06:55:41.000Z","volume":24000,"label":" ","price":3.98},{"type":"A","date":"2018-04-16T06:55:48.000Z","volume":2000,"label":" ","price":3.99},{"type":"A","date":"2018-04-16T06:55:53.000Z","volume":8000,"label":" ","price":3.99},{"type":"A","date":"2018-04-16T06:56:06.000Z","volume":8000,"label":" ","price":3.99},{"type":"A","date":"2018-04-16T06:56:19.000Z","volume":8000,"label":" ","price":3.99},{"type":"A","date":"2018-04-16T06:56:32.000Z","volume":8000,"label":" ","price":3.99},{"type":"A","date":"2018-04-16T06:56:45.000Z","volume":8000,"label":" ","price":3.99},{"type":"A","date":"2018-04-16T06:56:50.000Z","volume":4000,"label":" ","price":3.99},{"type":"A","date":"2018-04-16T06:56:58.000Z","volume":8000,"label":" ","price":3.99},{"type":"B","date":"2018-04-16T06:57:03.000Z","volume":4000,"label":" ","price":3.98},{"type":"A","date":"2018-04-16T06:57:11.000Z","volume":8000,"label":" ","price":3.99},{"type":"A","date":"2018-04-16T06:57:14.000Z","volume":6000,"label":" ","price":3.99},{"type":"B","date":"2018-04-16T06:57:19.000Z","volume":6000,"label":" ","price":3.98},{"type":"A","date":"2018-04-16T06:57:24.000Z","volume":8000,"label":" ","price":3.99},{"type":"A","date":"2018-04-16T06:57:37.000Z","volume":8000,"label":" ","price":3.99},{"type":"A","date":"2018-04-16T06:57:50.000Z","volume":8000,"label":" ","price":3.99},{"type":"A","date":"2018-04-16T06:57:58.000Z","volume":20000,"label":" ","price":3.99},{"type":"A","date":"2018-04-16T06:58:03.000Z","volume":8000,"label":" ","price":3.99},{"type":"A","date":"2018-04-16T06:58:14.000Z","volume":10000,"label":" ","price":3.99},{"type":"A","date":"2018-04-16T06:58:15.000Z","volume":8000,"label":" ","price":3.99},{"type":"A","date":"2018-04-16T06:58:29.000Z","volume":8000,"label":" ","price":3.99},{"type":"A","date":"2018-04-16T06:58:42.000Z","volume":8000,"label":" ","price":3.99},{"type":"A","date":"2018-04-16T06:58:55.000Z","volume":8000,"label":" ","price":3.99},{"type":"B","date":"2018-04-16T06:59:06.000Z","volume":120000,"label":" ","price":3.98},{"type":"A","date":"2018-04-16T06:59:20.000Z","volume":12000,"label":" ","price":3.99},{"type":"A","date":"2018-04-16T06:59:31.000Z","volume":28000,"label":" ","price":3.99},{"type":"A","date":"2018-04-16T07:00:03.000Z","volume":2000,"label":" ","price":3.99},{"type":"A","date":"2018-04-16T07:00:03.000Z","volume":10000,"label":" ","price":3.99},{"type":"A","date":"2018-04-16T07:00:09.000Z","volume":2000,"label":" ","price":3.99},{"type":"A","date":"2018-04-16T07:00:09.000Z","volume":6000,"label":" ","price":4},{"type":"A","date":"2018-04-16T07:01:06.000Z","volume":52000,"label":" ","price":4},{"type":"B","date":"2018-04-16T07:02:26.000Z","volume":2000,"label":" ","price":3.99},{"type":"U","date":"2018-04-16T07:02:48.000Z","volume":1249,"label":"D","price":3.95},{"type":"A","date":"2018-04-16T07:04:12.000Z","volume":24000,"label":" ","price":4},{"type":"B","date":"2018-04-16T07:04:33.000Z","volume":90000,"label":" ","price":3.99},{"type":"B","date":"2018-04-16T07:04:51.000Z","volume":2000,"label":" ","price":3.98},{"type":"B","date":"2018-04-16T07:05:39.000Z","volume":4000,"label":" ","price":3.98},{"type":"A","date":"2018-04-16T07:05:45.000Z","volume":4000,"label":" ","price":3.99},{"type":"A","date":"2018-04-16T07:06:05.000Z","volume":38000,"label":" ","price":3.99},{"type":"A","date":"2018-04-16T07:06:06.000Z","volume":10000,"label":" ","price":3.99},{"type":"A","date":"2018-04-16T07:06:32.000Z","volume":30000,"label":" ","price":3.99},{"type":"B","date":"2018-04-16T07:07:41.000Z","volume":24000,"label":" ","price":3.98},{"type":"A","date":"2018-04-16T07:08:47.000Z","volume":14000,"label":"Y","price":3.99},{"type":"A","date":"2018-04-16T07:08:47.000Z","volume":6000,"label":" ","price":3.99},{"type":"A","date":"2018-04-16T07:09:24.000Z","volume":2000,"label":" ","price":3.99},{"type":"A","date":"2018-04-16T07:09:58.000Z","volume":8000,"label":" ","price":3.99},{"type":"A","date":"2018-04-16T07:10:24.000Z","volume":10000,"label":" ","price":3.99},{"type":"A","date":"2018-04-16T07:10:50.000Z","volume":8000,"label":" ","price":3.99},{"type":"A","date":"2018-04-16T07:10:51.000Z","volume":2000,"label":" ","price":3.99},{"type":"A","date":"2018-04-16T07:10:53.000Z","volume":2000,"label":" ","price":3.99},{"type":"A","date":"2018-04-16T07:11:16.000Z","volume":8000,"label":" ","price":3.99},{"type":"B","date":"2018-04-16T07:11:27.000Z","volume":2000,"label":" ","price":3.98},{"type":"A","date":"2018-04-16T07:11:42.000Z","volume":8000,"label":" ","price":3.99},{"type":"A","date":"2018-04-16T07:11:44.000Z","volume":4000,"label":"Y","price":3.99},{"type":"A","date":"2018-04-16T07:11:44.000Z","volume":6000,"label":" ","price":3.99},{"type":"A","date":"2018-04-16T07:11:46.000Z","volume":36000,"label":" ","price":3.99},{"type":"A","date":"2018-04-16T07:12:21.000Z","volume":8000,"label":" ","price":3.99},{"type":"A","date":"2018-04-16T07:12:26.000Z","volume":4000,"label":" ","price":3.99},{"type":"A","date":"2018-04-16T07:12:52.000Z","volume":2000,"label":" ","price":3.99},{"type":"A","date":"2018-04-16T07:13:13.000Z","volume":10000,"label":" ","price":3.99},{"type":"A","date":"2018-04-16T07:13:26.000Z","volume":2000,"label":" ","price":3.99},{"type":"B","date":"2018-04-16T07:13:33.000Z","volume":2000,"label":" ","price":3.98},{"type":"A","date":"2018-04-16T07:13:39.000Z","volume":8000,"label":" ","price":3.99},{"type":"A","date":"2018-04-16T07:13:42.000Z","volume":20000,"label":" ","price":3.99},{"type":"A","date":"2018-04-16T07:14:05.000Z","volume":8000,"label":" ","price":3.99},{"type":"A","date":"2018-04-16T07:14:30.000Z","volume":8000,"label":" ","price":3.99},{"type":"A","date":"2018-04-16T07:14:36.000Z","volume":4000,"label":" ","price":3.99},{"type":"A","date":"2018-04-16T07:14:57.000Z","volume":8000,"label":" ","price":3.99},{"type":"A","date":"2018-04-16T07:14:57.000Z","volume":20000,"label":" ","price":3.99},{"type":"A","date":"2018-04-16T07:15:21.000Z","volume":2000,"label":" ","price":3.99},{"type":"A","date":"2018-04-16T07:15:23.000Z","volume":8000,"label":" ","price":3.99},{"type":"B","date":"2018-04-16T07:15:42.000Z","volume":10000,"label":" ","price":3.98},{"type":"A","date":"2018-04-16T07:15:49.000Z","volume":8000,"label":" ","price":3.99},{"type":"A","date":"2018-04-16T07:16:28.000Z","volume":8000,"label":" ","price":3.99},{"type":"A","date":"2018-04-16T07:16:39.000Z","volume":2000,"label":" ","price":3.99},{"type":"A","date":"2018-04-16T07:17:20.000Z","volume":10000,"label":" ","price":3.99},{"type":"A","date":"2018-04-16T07:17:24.000Z","volume":8000,"label":" ","price":3.99},{"type":"A","date":"2018-04-16T07:17:46.000Z","volume":8000,"label":" ","price":3.99},{"type":"A","date":"2018-04-16T07:18:05.000Z","volume":2000,"label":" ","price":3.99},{"type":"A","date":"2018-04-16T07:18:12.000Z","volume":8000,"label":" ","price":3.99},{"type":"A","date":"2018-04-16T07:18:38.000Z","volume":8000,"label":" ","price":3.99},{"type":"A","date":"2018-04-16T07:19:00.000Z","volume":8000,"label":" ","price":3.99},{"type":"A","date":"2018-04-16T07:19:20.000Z","volume":92000,"label":" ","price":3.99},{"type":"A","date":"2018-04-16T07:19:22.000Z","volume":8000,"label":" ","price":4},{"type":"A","date":"2018-04-16T07:19:30.000Z","volume":8000,"label":" ","price":4},{"type":"B","date":"2018-04-16T07:19:54.000Z","volume":156000,"label":" ","price":3.99},{"type":"B","date":"2018-04-16T07:19:54.000Z","volume":62000,"label":" ","price":3.99},{"type":"A","date":"2018-04-16T07:20:24.000Z","volume":2000,"label":" ","price":3.99},{"type":"A","date":"2018-04-16T07:21:05.000Z","volume":18000,"label":" ","price":3.99},{"type":"A","date":"2018-04-16T07:21:09.000Z","volume":4000,"label":"Y","price":3.99},{"type":"A","date":"2018-04-16T07:21:09.000Z","volume":4000,"label":" ","price":3.99},{"type":"A","date":"2018-04-16T07:21:14.000Z","volume":8000,"label":" ","price":3.99},{"type":"A","date":"2018-04-16T07:21:40.000Z","volume":8000,"label":" ","price":3.99},{"type":"A","date":"2018-04-16T07:22:06.000Z","volume":8000,"label":" ","price":3.99},{"type":"A","date":"2018-04-16T07:22:24.000Z","volume":2000,"label":" ","price":3.99},{"type":"A","date":"2018-04-16T07:22:30.000Z","volume":8000,"label":" ","price":3.99},{"type":"A","date":"2018-04-16T07:22:58.000Z","volume":8000,"label":" ","price":3.99},{"type":"A","date":"2018-04-16T07:23:00.000Z","volume":2000,"label":" ","price":3.99},{"type":"A","date":"2018-04-16T07:23:03.000Z","volume":8000,"label":" ","price":3.99},{"type":"A","date":"2018-04-16T07:23:24.000Z","volume":8000,"label":" ","price":3.99},{"type":"A","date":"2018-04-16T07:23:50.000Z","volume":8000,"label":" ","price":3.99},{"type":"A","date":"2018-04-16T07:24:05.000Z","volume":48000,"label":" ","price":3.99},{"type":"A","date":"2018-04-16T07:24:29.000Z","volume":8000,"label":" ","price":4},{"type":"B","date":"2018-04-16T07:24:29.000Z","volume":156000,"label":" ","price":3.99},{"type":"B","date":"2018-04-16T07:24:29.000Z","volume":26000,"label":" ","price":3.99},{"type":"A","date":"2018-04-16T07:25:39.000Z","volume":60000,"label":" ","price":3.99},{"type":"B","date":"2018-04-16T07:25:40.000Z","volume":16000,"label":" ","price":3.99},{"type":"B","date":"2018-04-16T07:25:42.000Z","volume":20000,"label":" ","price":3.99},{"type":"U","date":"2018-04-16T07:26:30.000Z","volume":8000,"label":" ","price":3.99},{"type":"U","date":"2018-04-16T07:27:00.000Z","volume":8000,"label":" ","price":3.99},{"type":"A","date":"2018-04-16T07:27:14.000Z","volume":4000,"label":" ","price":4},{"type":"U","date":"2018-04-16T07:27:30.000Z","volume":8000,"label":" ","price":3.99},{"type":"A","date":"2018-04-16T07:28:23.000Z","volume":8000,"label":" ","price":3.99},{"type":"A","date":"2018-04-16T07:28:24.000Z","volume":14000,"label":" ","price":3.99},{"type":"A","date":"2018-04-16T07:28:31.000Z","volume":12000,"label":" ","price":3.99},{"type":"A","date":"2018-04-16T07:28:35.000Z","volume":4000,"label":" ","price":3.99},{"type":"A","date":"2018-04-16T07:29:15.000Z","volume":10000,"label":" ","price":3.99},{"type":"A","date":"2018-04-16T07:29:16.000Z","volume":2000,"label":"Y","price":3.99},{"type":"A","date":"2018-04-16T07:29:41.000Z","volume":8000,"label":" ","price":3.99},{"type":"A","date":"2018-04-16T07:29:53.000Z","volume":4000,"label":" ","price":3.99},{"type":"A","date":"2018-04-16T07:30:00.000Z","volume":14000,"label":" ","price":3.99},{"type":"A","date":"2018-04-16T07:30:07.000Z","volume":8000,"label":" ","price":4},{"type":"B","date":"2018-04-16T07:30:18.000Z","volume":2000,"label":" ","price":3.99},{"type":"A","date":"2018-04-16T07:30:33.000Z","volume":8000,"label":" ","price":4},{"type":"A","date":"2018-04-16T07:30:59.000Z","volume":8000,"label":" ","price":4},{"type":"A","date":"2018-04-16T07:31:00.000Z","volume":6000,"label":" ","price":4},{"type":"B","date":"2018-04-16T07:31:11.000Z","volume":4000,"label":" ","price":3.99},{"type":"A","date":"2018-04-16T07:31:25.000Z","volume":8000,"label":" ","price":4},{"type":"A","date":"2018-04-16T07:31:51.000Z","volume":8000,"label":" ","price":4},{"type":"A","date":"2018-04-16T07:32:10.000Z","volume":2000,"label":" ","price":4},{"type":"B","date":"2018-04-16T07:32:11.000Z","volume":14000,"label":" ","price":3.99},{"type":"A","date":"2018-04-16T07:32:30.000Z","volume":8000,"label":" ","price":4},{"type":"U","date":"2018-04-16T07:33:20.000Z","volume":158,"label":"D","price":4},{"type":"A","date":"2018-04-16T07:33:22.000Z","volume":10000,"label":" ","price":4},{"type":"A","date":"2018-04-16T07:33:48.000Z","volume":8000,"label":" ","price":4},{"type":"B","date":"2018-04-16T07:34:11.000Z","volume":16000,"label":" ","price":3.99},{"type":"B","date":"2018-04-16T07:34:13.000Z","volume":28000,"label":" ","price":3.99},{"type":"B","date":"2018-04-16T07:34:33.000Z","volume":10000,"label":" ","price":3.99},{"type":"A","date":"2018-04-16T07:35:06.000Z","volume":8000,"label":" ","price":4},{"type":"A","date":"2018-04-16T07:35:30.000Z","volume":8000,"label":" ","price":4},{"type":"A","date":"2018-04-16T07:35:58.000Z","volume":8000,"label":" ","price":4},{"type":"A","date":"2018-04-16T07:35:59.000Z","volume":2000,"label":" ","price":4},{"type":"B","date":"2018-04-16T07:36:00.000Z","volume":10000,"label":" ","price":3.99},{"type":"B","date":"2018-04-16T07:36:33.000Z","volume":4000,"label":" ","price":3.99},{"type":"A","date":"2018-04-16T07:36:37.000Z","volume":8000,"label":" ","price":4},{"type":"A","date":"2018-04-16T07:36:46.000Z","volume":18000,"label":" ","price":4},{"type":"B","date":"2018-04-16T07:37:11.000Z","volume":16000,"label":" ","price":3.99},{"type":"A","date":"2018-04-16T07:37:16.000Z","volume":8000,"label":" ","price":4},{"type":"A","date":"2018-04-16T07:37:42.000Z","volume":8000,"label":" ","price":4},{"type":"A","date":"2018-04-16T07:37:50.000Z","volume":30000,"label":" ","price":4},{"type":"A","date":"2018-04-16T07:37:50.000Z","volume":6000,"label":" ","price":4},{"type":"A","date":"2018-04-16T07:38:08.000Z","volume":8000,"label":" ","price":4},{"type":"A","date":"2018-04-16T07:38:34.000Z","volume":8000,"label":" ","price":4},{"type":"A","date":"2018-04-16T07:39:00.000Z","volume":8000,"label":" ","price":4},{"type":"B","date":"2018-04-16T07:39:00.000Z","volume":10000,"label":" ","price":3.99},{"type":"B","date":"2018-04-16T07:39:02.000Z","volume":2000,"label":" ","price":3.99},{"type":"A","date":"2018-04-16T07:39:31.000Z","volume":16000,"label":" ","price":4},{"type":"A","date":"2018-04-16T07:39:43.000Z","volume":44000,"label":" ","price":4},{"type":"B","date":"2018-04-16T07:39:56.000Z","volume":14000,"label":" ","price":3.99},{"type":"B","date":"2018-04-16T07:40:21.000Z","volume":6000,"label":" ","price":3.99},{"type":"B","date":"2018-04-16T07:41:00.000Z","volume":10000,"label":" ","price":3.99},{"type":"A","date":"2018-04-16T07:41:56.000Z","volume":20000,"label":" ","price":4},{"type":"A","date":"2018-04-16T07:41:57.000Z","volume":6000,"label":" ","price":4},{"type":"B","date":"2018-04-16T07:42:18.000Z","volume":2000,"label":" ","price":3.99},{"type":"A","date":"2018-04-16T07:42:36.000Z","volume":42000,"label":" ","price":4},{"type":"B","date":"2018-04-16T07:42:56.000Z","volume":14000,"label":" ","price":3.99},{"type":"B","date":"2018-04-16T07:43:00.000Z","volume":10000,"label":" ","price":3.99},{"type":"A","date":"2018-04-16T07:43:21.000Z","volume":100000,"label":" ","price":4},{"type":"A","date":"2018-04-16T07:43:23.000Z","volume":8000,"label":" ","price":4},{"type":"B","date":"2018-04-16T07:43:52.000Z","volume":6000,"label":" ","price":3.99},{"type":"B","date":"2018-04-16T07:44:41.000Z","volume":16000,"label":" ","price":3.99},{"type":"A","date":"2018-04-16T07:45:03.000Z","volume":36000,"label":" ","price":4},{"type":"A","date":"2018-04-16T07:45:21.000Z","volume":2000,"label":" ","price":4},{"type":"B","date":"2018-04-16T07:46:00.000Z","volume":10000,"label":" ","price":3.99},{"type":"B","date":"2018-04-16T07:46:41.000Z","volume":10000,"label":" ","price":3.99},{"type":"B","date":"2018-04-16T07:47:25.000Z","volume":6000,"label":" ","price":3.99},{"type":"B","date":"2018-04-16T07:47:26.000Z","volume":2000,"label":"Y","price":3.99},{"type":"B","date":"2018-04-16T07:47:26.000Z","volume":14000,"label":" ","price":3.99},{"type":"A","date":"2018-04-16T07:47:48.000Z","volume":16000,"label":" ","price":4},{"type":"B","date":"2018-04-16T07:48:00.000Z","volume":10000,"label":" ","price":3.99},{"type":"B","date":"2018-04-16T07:48:20.000Z","volume":20000,"label":" ","price":3.99},{"type":"B","date":"2018-04-16T07:48:21.000Z","volume":2000,"label":" ","price":3.99},{"type":"B","date":"2018-04-16T07:49:22.000Z","volume":20000,"label":" ","price":3.99},{"type":"B","date":"2018-04-16T07:49:32.000Z","volume":20000,"label":" ","price":3.99},{"type":"B","date":"2018-04-16T07:49:56.000Z","volume":14000,"label":" ","price":3.99},{"type":"B","date":"2018-04-16T07:50:00.000Z","volume":10000,"label":" ","price":3.99},{"type":"B","date":"2018-04-16T07:50:15.000Z","volume":4000,"label":" ","price":3.99},{"type":"A","date":"2018-04-16T07:50:18.000Z","volume":2000,"label":" ","price":4},{"type":"A","date":"2018-04-16T07:50:34.000Z","volume":24000,"label":" ","price":4},{"type":"A","date":"2018-04-16T07:50:39.000Z","volume":50000,"label":" ","price":4},{"type":"A","date":"2018-04-16T07:50:39.000Z","volume":6000,"label":" ","price":4},{"type":"B","date":"2018-04-16T07:51:56.000Z","volume":6000,"label":" ","price":3.99},{"type":"B","date":"2018-04-16T07:51:56.000Z","volume":6000,"label":" ","price":3.99},{"type":"B","date":"2018-04-16T07:52:56.000Z","volume":18000,"label":" ","price":3.99},{"type":"B","date":"2018-04-16T07:52:56.000Z","volume":6000,"label":" ","price":3.99},{"type":"B","date":"2018-04-16T07:53:00.000Z","volume":10000,"label":" ","price":3.99},{"type":"A","date":"2018-04-16T07:53:03.000Z","volume":18000,"label":" ","price":4},{"type":"B","date":"2018-04-16T07:53:24.000Z","volume":10000,"label":" ","price":3.99},{"type":"A","date":"2018-04-16T07:54:00.000Z","volume":10000,"label":" ","price":4},{"type":"B","date":"2018-04-16T07:54:41.000Z","volume":56000,"label":" ","price":3.99},{"type":"B","date":"2018-04-16T07:55:00.000Z","volume":8000,"label":"Y","price":3.99},{"type":"B","date":"2018-04-16T07:55:00.000Z","volume":2000,"label":" ","price":3.99},{"type":"A","date":"2018-04-16T07:55:08.000Z","volume":24000,"label":" ","price":4},{"type":"B","date":"2018-04-16T07:55:11.000Z","volume":52000,"label":" ","price":3.99},{"type":"A","date":"2018-04-16T07:55:25.000Z","volume":2000,"label":" ","price":4},{"type":"B","date":"2018-04-16T07:55:51.000Z","volume":4000,"label":" ","price":3.99},{"type":"B","date":"2018-04-16T07:56:11.000Z","volume":10000,"label":" ","price":3.99},{"type":"B","date":"2018-04-16T07:56:41.000Z","volume":194000,"label":" ","price":3.99},{"type":"A","date":"2018-04-16T07:56:48.000Z","volume":4000,"label":" ","price":4},{"type":"B","date":"2018-04-16T07:57:00.000Z","volume":10000,"label":" ","price":3.99},{"type":"A","date":"2018-04-16T07:57:14.000Z","volume":4000,"label":" ","price":4},{"type":"A","date":"2018-04-16T07:57:26.000Z","volume":6000,"label":" ","price":4},{"type":"A","date":"2018-04-16T07:57:34.000Z","volume":2000,"label":" ","price":4},{"type":"B","date":"2018-04-16T07:57:37.000Z","volume":54000,"label":" ","price":3.99},{"type":"B","date":"2018-04-16T07:57:48.000Z","volume":4000,"label":" ","price":3.99},{"type":"B","date":"2018-04-16T07:57:54.000Z","volume":10000,"label":" ","price":3.99},{"type":"B","date":"2018-04-16T07:57:55.000Z","volume":4000,"label":" ","price":3.99},{"type":"A","date":"2018-04-16T07:58:02.000Z","volume":2000,"label":" ","price":4},{"type":"B","date":"2018-04-16T07:58:06.000Z","volume":50000,"label":" ","price":3.99},{"type":"B","date":"2018-04-16T07:58:29.000Z","volume":2000,"label":" ","price":3.99},{"type":"B","date":"2018-04-16T07:58:36.000Z","volume":112000,"label":" ","price":3.99},{"type":"B","date":"2018-04-16T07:58:36.000Z","volume":20000,"label":" ","price":3.99},{"type":"B","date":"2018-04-16T07:58:37.000Z","volume":2000,"label":" ","price":3.99},{"type":"B","date":"2018-04-16T07:58:40.000Z","volume":2000,"label":" ","price":3.99},{"type":"B","date":"2018-04-16T07:59:00.000Z","volume":6000,"label":" ","price":3.99},{"type":"A","date":"2018-04-16T07:59:01.000Z","volume":2000,"label":" ","price":4},{"type":"A","date":"2018-04-16T07:59:01.000Z","volume":12000,"label":" ","price":4},{"type":"B","date":"2018-04-16T07:59:01.000Z","volume":2000,"label":" ","price":3.99},{"type":"A","date":"2018-04-16T07:59:06.000Z","volume":2000,"label":" ","price":4},{"type":"B","date":"2018-04-16T07:59:06.000Z","volume":18000,"label":" ","price":3.99},{"type":"A","date":"2018-04-16T07:59:06.000Z","volume":2000,"label":" ","price":4},{"type":"B","date":"2018-04-16T07:59:07.000Z","volume":96000,"label":" ","price":3.98},{"type":"A","date":"2018-04-16T07:59:24.000Z","volume":2000,"label":" ","price":4},{"type":"B","date":"2018-04-16T07:59:30.000Z","volume":26000,"label":"Y","price":3.99},{"type":"B","date":"2018-04-16T07:59:30.000Z","volume":36000,"label":" ","price":3.99},{"type":"B","date":"2018-04-16T07:59:31.000Z","volume":16000,"label":" ","price":3.99},{"type":"B","date":"2018-04-16T07:59:31.000Z","volume":2000,"label":" ","price":3.99},{"type":"B","date":"2018-04-16T07:59:32.000Z","volume":64000,"label":" ","price":3.98},{"type":"B","date":"2018-04-16T07:59:32.000Z","volume":18000,"label":" ","price":3.98},{"type":"A","date":"2018-04-16T07:59:33.000Z","volume":2000,"label":" ","price":3.99},{"type":"A","date":"2018-04-16T07:59:38.000Z","volume":4000,"label":"Y","price":3.99},{"type":"A","date":"2018-04-16T07:59:38.000Z","volume":2000,"label":" ","price":3.99},{"type":"A","date":"2018-04-16T07:59:44.000Z","volume":6000,"label":" ","price":3.99},{"type":"A","date":"2018-04-16T07:59:44.000Z","volume":2000,"label":"Y","price":3.99},{"type":"B","date":"2018-04-16T07:59:46.000Z","volume":2000,"label":" ","price":3.98},{"type":"B","date":"2018-04-16T07:59:47.000Z","volume":2000,"label":" ","price":3.98},{"type":"B","date":"2018-04-16T07:59:55.000Z","volume":128000,"label":" ","price":3.98},{"type":"A","date":"2018-04-16T07:59:55.000Z","volume":2000,"label":" ","price":3.99},{"type":"A","date":"2018-04-16T07:59:56.000Z","volume":4000,"label":"Y","price":3.99},{"type":"A","date":"2018-04-16T07:59:56.000Z","volume":8000,"label":" ","price":3.99},{"type":"A","date":"2018-04-16T07:59:56.000Z","volume":4000,"label":" ","price":3.99},{"type":"A","date":"2018-04-16T07:59:57.000Z","volume":2000,"label":" ","price":3.99},{"type":"A","date":"2018-04-16T07:59:59.000Z","volume":4000,"label":" ","price":3.99},{"type":"U","date":"2018-04-16T08:08:32.000Z","volume":4710000,"label":"U","price":3.99}]