[{"type":"U","date":"2018-03-29T01:05:02.000Z","volume":60,"label":"P","price":0.165},{"type":"B","date":"2018-03-29T01:30:00.000Z","volume":4500,"label":" ","price":0.17},{"type":"B","date":"2018-03-29T01:30:00.000Z","volume":95500,"label":" ","price":0.169},{"type":"B","date":"2018-03-29T01:30:02.000Z","volume":26000,"label":" ","price":0.169},{"type":"B","date":"2018-03-29T01:32:10.000Z","volume":100000,"label":" ","price":0.171},{"type":"A","date":"2018-03-29T01:38:00.000Z","volume":23000,"label":" ","price":0.173},{"type":"B","date":"2018-03-29T01:38:01.000Z","volume":6500,"label":" ","price":0.171},{"type":"B","date":"2018-03-29T01:38:07.000Z","volume":2000,"label":" ","price":0.171},{"type":"A","date":"2018-03-29T01:38:25.000Z","volume":137500,"label":" ","price":0.173},{"type":"B","date":"2018-03-29T01:38:26.000Z","volume":1500,"label":" ","price":0.173},{"type":"B","date":"2018-03-29T01:38:37.000Z","volume":3500,"label":" ","price":0.171},{"type":"A","date":"2018-03-29T01:41:11.000Z","volume":40000,"label":" ","price":0.173},{"type":"A","date":"2018-03-29T01:41:11.000Z","volume":13000,"label":" ","price":0.173},{"type":"A","date":"2018-03-29T01:41:11.000Z","volume":27000,"label":" ","price":0.173},{"type":"A","date":"2018-03-29T01:41:11.000Z","volume":13000,"label":" ","price":0.173},{"type":"B","date":"2018-03-29T01:41:18.000Z","volume":16000,"label":" ","price":0.171},{"type":"A","date":"2018-03-29T01:47:15.000Z","volume":10000,"label":" ","price":0.173},{"type":"A","date":"2018-03-29T01:47:16.000Z","volume":7500,"label":" ","price":0.173},{"type":"B","date":"2018-03-29T01:50:02.000Z","volume":2500,"label":" ","price":0.173},{"type":"A","date":"2018-03-29T01:51:17.000Z","volume":43000,"label":" ","price":0.173},{"type":"B","date":"2018-03-29T01:55:00.000Z","volume":500,"label":" ","price":0.173},{"type":"B","date":"2018-03-29T01:55:09.000Z","volume":8500,"label":" ","price":0.173},{"type":"A","date":"2018-03-29T01:55:09.000Z","volume":256500,"label":" ","price":0.173},{"type":"B","date":"2018-03-29T01:55:10.000Z","volume":4500,"label":" ","price":0.173},{"type":"B","date":"2018-03-29T01:55:14.000Z","volume":52500,"label":" ","price":0.171},{"type":"B","date":"2018-03-29T01:55:23.000Z","volume":30500,"label":" ","price":0.171},{"type":"B","date":"2018-03-29T01:56:49.000Z","volume":30000,"label":" ","price":0.171},{"type":"B","date":"2018-03-29T01:56:49.000Z","volume":18000,"label":" ","price":0.171},{"type":"A","date":"2018-03-29T01:56:52.000Z","volume":58000,"label":" ","price":0.173},{"type":"B","date":"2018-03-29T01:57:44.000Z","volume":23000,"label":" ","price":0.171},{"type":"B","date":"2018-03-29T02:02:15.000Z","volume":100000,"label":" ","price":0.171},{"type":"B","date":"2018-03-29T02:02:15.000Z","volume":36500,"label":" ","price":0.171},{"type":"B","date":"2018-03-29T02:09:15.000Z","volume":120000,"label":" ","price":0.171},{"type":"B","date":"2018-03-29T02:09:16.000Z","volume":47000,"label":" ","price":0.171},{"type":"B","date":"2018-03-29T02:13:48.000Z","volume":300000,"label":" ","price":0.171},{"type":"B","date":"2018-03-29T02:13:48.000Z","volume":52000,"label":" ","price":0.171},{"type":"B","date":"2018-03-29T02:13:54.000Z","volume":48000,"label":" ","price":0.171},{"type":"B","date":"2018-03-29T02:14:06.000Z","volume":34000,"label":" ","price":0.171},{"type":"B","date":"2018-03-29T02:28:33.000Z","volume":80000,"label":" ","price":0.171},{"type":"A","date":"2018-03-29T02:28:33.000Z","volume":100000,"label":" ","price":0.173},{"type":"B","date":"2018-03-29T02:28:34.000Z","volume":3000,"label":" ","price":0.173},{"type":"B","date":"2018-03-29T02:28:48.000Z","volume":16000,"label":" ","price":0.171},{"type":"B","date":"2018-03-29T02:28:48.000Z","volume":46500,"label":" ","price":0.17},{"type":"B","date":"2018-03-29T03:29:31.000Z","volume":8000,"label":" ","price":0.171},{"type":"A","date":"2018-03-29T05:04:55.000Z","volume":50000,"label":" ","price":0.174},{"type":"B","date":"2018-03-29T05:26:09.000Z","volume":269000,"label":" ","price":0.172},{"type":"U","date":"2018-03-29T05:26:09.000Z","volume":751500,"label":" ","price":0.172},{"type":"A","date":"2018-03-29T05:26:09.000Z","volume":271500,"label":" ","price":0.173},{"type":"U","date":"2018-03-29T05:26:09.000Z","volume":29000,"label":" ","price":0.172},{"type":"U","date":"2018-03-29T05:26:18.000Z","volume":104500,"label":" ","price":0.172},{"type":"B","date":"2018-03-29T05:27:19.000Z","volume":424500,"label":" ","price":0.171},{"type":"A","date":"2018-03-29T05:35:20.000Z","volume":200000,"label":" ","price":0.172},{"type":"A","date":"2018-03-29T05:35:20.000Z","volume":200000,"label":" ","price":0.172},{"type":"B","date":"2018-03-29T05:35:20.000Z","volume":200000,"label":" ","price":0.172},{"type":"B","date":"2018-03-29T05:35:20.000Z","volume":4000,"label":" ","price":0.172},{"type":"A","date":"2018-03-29T05:35:20.000Z","volume":196000,"label":" ","price":0.172},{"type":"A","date":"2018-03-29T05:35:20.000Z","volume":196000,"label":" ","price":0.172},{"type":"A","date":"2018-03-29T05:35:20.000Z","volume":4000,"label":" ","price":0.172},{"type":"A","date":"2018-03-29T05:35:20.000Z","volume":4000,"label":" ","price":0.172},{"type":"A","date":"2018-03-29T05:41:06.000Z","volume":196000,"label":" ","price":0.172},{"type":"U","date":"2018-03-29T05:41:06.000Z","volume":142500,"label":" ","price":0.172},{"type":"B","date":"2018-03-29T05:41:06.000Z","volume":200000,"label":" ","price":0.171},{"type":"U","date":"2018-03-29T05:42:40.000Z","volume":254000,"label":" ","price":0.171},{"type":"A","date":"2018-03-29T05:42:40.000Z","volume":246000,"label":" ","price":0.171},{"type":"U","date":"2018-03-29T05:42:40.000Z","volume":18000,"label":" ","price":0.171},{"type":"A","date":"2018-03-29T05:42:40.000Z","volume":482000,"label":" ","price":0.171},{"type":"B","date":"2018-03-29T05:42:40.000Z","volume":16000,"label":" ","price":0.171},{"type":"A","date":"2018-03-29T05:42:40.000Z","volume":272000,"label":" ","price":0.171},{"type":"A","date":"2018-03-29T05:42:41.000Z","volume":212000,"label":" ","price":0.171},{"type":"A","date":"2018-03-29T05:42:44.000Z","volume":104000,"label":" ","price":0.171},{"type":"A","date":"2018-03-29T05:42:44.000Z","volume":396000,"label":" ","price":0.171},{"type":"A","date":"2018-03-29T05:42:45.000Z","volume":99000,"label":" ","price":0.171},{"type":"A","date":"2018-03-29T05:42:45.000Z","volume":338500,"label":" ","price":0.171},{"type":"A","date":"2018-03-29T05:42:48.000Z","volume":62500,"label":" ","price":0.171},{"type":"A","date":"2018-03-29T05:42:50.000Z","volume":22000,"label":" ","price":0.171},{"type":"A","date":"2018-03-29T05:49:03.000Z","volume":450000,"label":" ","price":0.171},{"type":"A","date":"2018-03-29T05:49:03.000Z","volume":50000,"label":" ","price":0.171},{"type":"A","date":"2018-03-29T05:49:09.000Z","volume":450000,"label":" ","price":0.171},{"type":"A","date":"2018-03-29T05:49:09.000Z","volume":9500,"label":" ","price":0.171},{"type":"A","date":"2018-03-29T05:49:19.000Z","volume":40500,"label":" ","price":0.171},{"type":"A","date":"2018-03-29T05:49:21.000Z","volume":10000,"label":" ","price":0.171},{"type":"A","date":"2018-03-29T05:50:02.000Z","volume":460000,"label":" ","price":0.171},{"type":"A","date":"2018-03-29T05:50:32.000Z","volume":30000,"label":" ","price":0.171},{"type":"A","date":"2018-03-29T05:51:27.000Z","volume":500000,"label":" ","price":0.171},{"type":"A","date":"2018-03-29T05:51:41.000Z","volume":500000,"label":" ","price":0.171},{"type":"A","date":"2018-03-29T05:51:45.000Z","volume":500000,"label":" ","price":0.171},{"type":"B","date":"2018-03-29T05:51:45.000Z","volume":199000,"label":" ","price":0.171},{"type":"A","date":"2018-03-29T05:53:22.000Z","volume":29000,"label":" ","price":0.171},{"type":"A","date":"2018-03-29T05:56:58.000Z","volume":100000,"label":" ","price":0.171},{"type":"A","date":"2018-03-29T06:05:10.000Z","volume":100000,"label":" ","price":0.171},{"type":"A","date":"2018-03-29T06:06:30.000Z","volume":72000,"label":" ","price":0.171},{"type":"B","date":"2018-03-29T06:06:30.000Z","volume":28000,"label":" ","price":0.171},{"type":"A","date":"2018-03-29T06:15:51.000Z","volume":55000,"label":" ","price":0.171},{"type":"B","date":"2018-03-29T06:21:27.000Z","volume":24500,"label":" ","price":0.17},{"type":"A","date":"2018-03-29T06:22:32.000Z","volume":100000,"label":" ","price":0.171},{"type":"A","date":"2018-03-29T06:35:42.000Z","volume":50000,"label":" ","price":0.171},{"type":"A","date":"2018-03-29T06:47:14.000Z","volume":10000,"label":" ","price":0.172},{"type":"A","date":"2018-03-29T06:56:41.000Z","volume":200000,"label":" ","price":0.171},{"type":"B","date":"2018-03-29T07:11:03.000Z","volume":729000,"label":" ","price":0.17},{"type":"A","date":"2018-03-29T07:16:36.000Z","volume":60000,"label":" ","price":0.17},{"type":"A","date":"2018-03-29T07:18:33.000Z","volume":6000,"label":" ","price":0.17},{"type":"A","date":"2018-03-29T07:20:48.000Z","volume":400000,"label":" ","price":0.17},{"type":"A","date":"2018-03-29T07:21:59.000Z","volume":23000,"label":" ","price":0.17},{"type":"A","date":"2018-03-29T07:34:35.000Z","volume":300000,"label":" ","price":0.17},{"type":"A","date":"2018-03-29T07:36:49.000Z","volume":53000,"label":" ","price":0.17},{"type":"A","date":"2018-03-29T07:38:24.000Z","volume":150000,"label":" ","price":0.17},{"type":"A","date":"2018-03-29T07:38:55.000Z","volume":97000,"label":" ","price":0.17},{"type":"B","date":"2018-03-29T07:38:55.000Z","volume":203000,"label":" ","price":0.17},{"type":"B","date":"2018-03-29T07:41:25.000Z","volume":53500,"label":" ","price":0.169},{"type":"B","date":"2018-03-29T07:42:05.000Z","volume":50000,"label":" ","price":0.169},{"type":"B","date":"2018-03-29T07:42:25.000Z","volume":50000,"label":" ","price":0.169},{"type":"B","date":"2018-03-29T07:43:06.000Z","volume":51000,"label":" ","price":0.169},{"type":"B","date":"2018-03-29T07:43:46.000Z","volume":46500,"label":" ","price":0.169},{"type":"B","date":"2018-03-29T07:44:06.000Z","volume":47500,"label":" ","price":0.169},{"type":"B","date":"2018-03-29T07:44:46.000Z","volume":22000,"label":" ","price":0.169},{"type":"B","date":"2018-03-29T07:45:06.000Z","volume":46500,"label":" ","price":0.168},{"type":"B","date":"2018-03-29T07:45:17.000Z","volume":48500,"label":" ","price":0.168},{"type":"B","date":"2018-03-29T07:45:46.000Z","volume":51000,"label":" ","price":0.168},{"type":"B","date":"2018-03-29T07:46:06.000Z","volume":52000,"label":" ","price":0.168},{"type":"B","date":"2018-03-29T07:46:26.000Z","volume":52000,"label":" ","price":0.168},{"type":"B","date":"2018-03-29T07:46:46.000Z","volume":52000,"label":" ","price":0.168},{"type":"B","date":"2018-03-29T07:47:06.000Z","volume":52000,"label":" ","price":0.168},{"type":"B","date":"2018-03-29T07:47:16.000Z","volume":52000,"label":" ","price":0.168},{"type":"B","date":"2018-03-29T07:47:44.000Z","volume":48500,"label":" ","price":0.169},{"type":"B","date":"2018-03-29T07:47:58.000Z","volume":52500,"label":" ","price":0.169},{"type":"A","date":"2018-03-29T07:48:21.000Z","volume":50000,"label":" ","price":0.17},{"type":"B","date":"2018-03-29T07:48:47.000Z","volume":55000,"label":" ","price":0.169},{"type":"B","date":"2018-03-29T07:49:07.000Z","volume":54000,"label":" ","price":0.169},{"type":"B","date":"2018-03-29T07:49:27.000Z","volume":53000,"label":" ","price":0.169},{"type":"B","date":"2018-03-29T07:49:47.000Z","volume":52500,"label":" ","price":0.169},{"type":"B","date":"2018-03-29T07:50:19.000Z","volume":26000,"label":" ","price":0.169},{"type":"B","date":"2018-03-29T07:50:27.000Z","volume":42000,"label":" ","price":0.168},{"type":"B","date":"2018-03-29T07:50:47.000Z","volume":38000,"label":" ","price":0.168},{"type":"B","date":"2018-03-29T07:51:07.000Z","volume":41500,"label":" ","price":0.168},{"type":"B","date":"2018-03-29T07:51:07.000Z","volume":40000,"label":" ","price":0.168},{"type":"B","date":"2018-03-29T07:51:27.000Z","volume":38000,"label":" ","price":0.168},{"type":"B","date":"2018-03-29T07:51:47.000Z","volume":37500,"label":" ","price":0.168},{"type":"B","date":"2018-03-29T07:51:48.000Z","volume":37500,"label":" ","price":0.168},{"type":"B","date":"2018-03-29T07:52:07.000Z","volume":36000,"label":" ","price":0.168},{"type":"B","date":"2018-03-29T07:52:17.000Z","volume":32500,"label":" ","price":0.168},{"type":"B","date":"2018-03-29T07:52:27.000Z","volume":36000,"label":" ","price":0.168},{"type":"B","date":"2018-03-29T07:52:47.000Z","volume":32000,"label":" ","price":0.168},{"type":"B","date":"2018-03-29T07:53:05.000Z","volume":40000,"label":" ","price":0.168},{"type":"B","date":"2018-03-29T07:53:07.000Z","volume":32000,"label":" ","price":0.168},{"type":"B","date":"2018-03-29T07:53:18.000Z","volume":31500,"label":" ","price":0.168},{"type":"B","date":"2018-03-29T07:53:27.000Z","volume":30500,"label":" ","price":0.168},{"type":"B","date":"2018-03-29T07:53:47.000Z","volume":32500,"label":" ","price":0.168},{"type":"B","date":"2018-03-29T07:53:47.000Z","volume":60500,"label":" ","price":0.168},{"type":"B","date":"2018-03-29T07:53:48.000Z","volume":28500,"label":" ","price":0.168},{"type":"A","date":"2018-03-29T07:53:55.000Z","volume":41500,"label":" ","price":0.17},{"type":"B","date":"2018-03-29T07:53:55.000Z","volume":12000,"label":" ","price":0.17},{"type":"B","date":"2018-03-29T07:53:55.000Z","volume":12000,"label":" ","price":0.17},{"type":"B","date":"2018-03-29T07:53:55.000Z","volume":12000,"label":" ","price":0.17},{"type":"B","date":"2018-03-29T07:53:55.000Z","volume":12000,"label":" ","price":0.17},{"type":"B","date":"2018-03-29T07:53:55.000Z","volume":10500,"label":" ","price":0.17},{"type":"B","date":"2018-03-29T07:54:48.000Z","volume":40000,"label":" ","price":0.169},{"type":"B","date":"2018-03-29T07:54:48.000Z","volume":21000,"label":" ","price":0.169},{"type":"B","date":"2018-03-29T07:55:08.000Z","volume":37500,"label":" ","price":0.169},{"type":"B","date":"2018-03-29T07:55:18.000Z","volume":33500,"label":" ","price":0.168},{"type":"B","date":"2018-03-29T07:55:18.000Z","volume":28500,"label":" ","price":0.168},{"type":"B","date":"2018-03-29T07:55:28.000Z","volume":30000,"label":" ","price":0.168},{"type":"B","date":"2018-03-29T07:55:48.000Z","volume":43000,"label":" ","price":0.168},{"type":"B","date":"2018-03-29T07:55:48.000Z","volume":22000,"label":" ","price":0.168},{"type":"B","date":"2018-03-29T07:56:08.000Z","volume":38500,"label":" ","price":0.168},{"type":"B","date":"2018-03-29T07:56:08.000Z","volume":20000,"label":" ","price":0.168},{"type":"B","date":"2018-03-29T07:56:28.000Z","volume":37500,"label":" ","price":0.168},{"type":"B","date":"2018-03-29T07:56:28.000Z","volume":19500,"label":" ","price":0.168},{"type":"B","date":"2018-03-29T07:56:42.000Z","volume":28000,"label":" ","price":0.168},{"type":"B","date":"2018-03-29T07:56:48.000Z","volume":23000,"label":" ","price":0.168},{"type":"B","date":"2018-03-29T07:57:08.000Z","volume":39500,"label":" ","price":0.168},{"type":"B","date":"2018-03-29T07:57:28.000Z","volume":47500,"label":" ","price":0.168},{"type":"B","date":"2018-03-29T07:57:28.000Z","volume":66500,"label":" ","price":0.168},{"type":"B","date":"2018-03-29T07:57:28.000Z","volume":24500,"label":" ","price":0.168},{"type":"B","date":"2018-03-29T07:57:48.000Z","volume":39500,"label":" ","price":0.168},{"type":"B","date":"2018-03-29T07:58:08.000Z","volume":48000,"label":" ","price":0.168},{"type":"B","date":"2018-03-29T07:58:08.000Z","volume":24500,"label":" ","price":0.168},{"type":"B","date":"2018-03-29T07:58:23.000Z","volume":32500,"label":" ","price":0.168},{"type":"B","date":"2018-03-29T07:58:28.000Z","volume":23500,"label":" ","price":0.168},{"type":"B","date":"2018-03-29T07:58:29.000Z","volume":44000,"label":" ","price":0.168},{"type":"B","date":"2018-03-29T07:58:29.000Z","volume":25500,"label":" ","price":0.166},{"type":"A","date":"2018-03-29T07:58:30.000Z","volume":117000,"label":" ","price":0.169},{"type":"B","date":"2018-03-29T07:58:41.000Z","volume":45000,"label":" ","price":0.169},{"type":"B","date":"2018-03-29T07:58:58.000Z","volume":45000,"label":" ","price":0.169},{"type":"B","date":"2018-03-29T07:58:59.000Z","volume":22500,"label":" ","price":0.169},{"type":"B","date":"2018-03-29T07:59:10.000Z","volume":19500,"label":" ","price":0.169},{"type":"B","date":"2018-03-29T07:59:14.000Z","volume":22500,"label":" ","price":0.169},{"type":"B","date":"2018-03-29T07:59:29.000Z","volume":17500,"label":" ","price":0.169},{"type":"B","date":"2018-03-29T07:59:29.000Z","volume":5000,"label":" ","price":0.169},{"type":"A","date":"2018-03-29T07:59:42.000Z","volume":1000,"label":" ","price":0.171},{"type":"B","date":"2018-03-29T07:59:44.000Z","volume":22500,"label":" ","price":0.169}]