[{"type":"A","date":"2018-04-24T01:31:56.000Z","volume":4000,"label":" ","price":0.245},{"type":"A","date":"2018-04-24T01:31:56.000Z","volume":174000,"label":" ","price":0.247},{"type":"A","date":"2018-04-24T01:31:56.000Z","volume":22000,"label":" ","price":0.248},{"type":"U","date":"2018-04-24T01:31:57.000Z","volume":500,"label":"D","price":0.231},{"type":"B","date":"2018-04-24T01:51:11.000Z","volume":14000,"label":" ","price":0.241},{"type":"B","date":"2018-04-24T01:51:11.000Z","volume":6000,"label":" ","price":0.24},{"type":"A","date":"2018-04-24T02:37:57.000Z","volume":32000,"label":" ","price":0.247},{"type":"A","date":"2018-04-24T02:53:10.000Z","volume":38000,"label":" ","price":0.248},{"type":"A","date":"2018-04-24T02:53:10.000Z","volume":142000,"label":" ","price":0.249},{"type":"B","date":"2018-04-24T02:53:39.000Z","volume":120000,"label":" ","price":0.249},{"type":"A","date":"2018-04-24T03:36:42.000Z","volume":4000,"label":"Y","price":0.248},{"type":"A","date":"2018-04-24T03:36:42.000Z","volume":12000,"label":" ","price":0.248},{"type":"B","date":"2018-04-24T05:25:59.000Z","volume":100000,"label":" ","price":0.245},{"type":"A","date":"2018-04-24T06:12:33.000Z","volume":2000,"label":" ","price":0.247},{"type":"A","date":"2018-04-24T06:30:44.000Z","volume":12000,"label":" ","price":0.248},{"type":"A","date":"2018-04-24T06:50:47.000Z","volume":84000,"label":"Y","price":0.248},{"type":"B","date":"2018-04-24T06:50:47.000Z","volume":16000,"label":" ","price":0.248},{"type":"B","date":"2018-04-24T07:00:01.000Z","volume":100000,"label":" ","price":0.245},{"type":"U","date":"2018-04-24T07:05:41.000Z","volume":800,"label":"D","price":0.24},{"type":"U","date":"2018-04-24T07:30:31.000Z","volume":500,"label":"D","price":0.24},{"type":"B","date":"2018-04-24T07:31:45.000Z","volume":2000,"label":" ","price":0.244},{"type":"B","date":"2018-04-24T07:35:44.000Z","volume":100000,"label":" ","price":0.244},{"type":"U","date":"2018-04-24T07:44:20.000Z","volume":1000,"label":"D","price":0.238},{"type":"B","date":"2018-04-24T07:54:35.000Z","volume":20000,"label":" ","price":0.248},{"type":"A","date":"2018-04-24T07:58:57.000Z","volume":10000,"label":" ","price":0.249},{"type":"A","date":"2018-04-24T07:59:44.000Z","volume":32000,"label":" ","price":0.249}]