[{"type":"A","date":"2018-04-26T02:28:24.000Z","volume":56000,"label":" ","price":0.98},{"type":"B","date":"2018-04-26T02:28:24.000Z","volume":8000,"label":" ","price":0.97},{"type":"B","date":"2018-04-26T02:31:49.000Z","volume":2000,"label":" ","price":0.97},{"type":"B","date":"2018-04-26T02:31:50.000Z","volume":2000,"label":" ","price":0.97},{"type":"B","date":"2018-04-26T02:46:50.000Z","volume":2000,"label":" ","price":0.97},{"type":"B","date":"2018-04-26T02:55:21.000Z","volume":2000,"label":" ","price":0.97},{"type":"B","date":"2018-04-26T03:37:03.000Z","volume":10000,"label":" ","price":0.97},{"type":"B","date":"2018-04-26T03:37:03.000Z","volume":4000,"label":" ","price":0.97},{"type":"A","date":"2018-04-26T03:41:23.000Z","volume":28000,"label":" ","price":0.98},{"type":"A","date":"2018-04-26T03:41:23.000Z","volume":2000,"label":" ","price":0.99},{"type":"B","date":"2018-04-26T05:05:55.000Z","volume":2000,"label":" ","price":0.97},{"type":"B","date":"2018-04-26T05:20:56.000Z","volume":2000,"label":" ","price":0.97},{"type":"B","date":"2018-04-26T05:43:24.000Z","volume":10000,"label":" ","price":0.97},{"type":"B","date":"2018-04-26T05:43:24.000Z","volume":4000,"label":" ","price":0.97},{"type":"B","date":"2018-04-26T06:16:19.000Z","volume":8000,"label":" ","price":0.97},{"type":"B","date":"2018-04-26T06:16:19.000Z","volume":2000,"label":" ","price":0.97},{"type":"B","date":"2018-04-26T06:16:28.000Z","volume":2000,"label":" ","price":0.97},{"type":"B","date":"2018-04-26T06:17:59.000Z","volume":2000,"label":" ","price":0.97},{"type":"B","date":"2018-04-26T06:17:59.000Z","volume":2000,"label":" ","price":0.97},{"type":"B","date":"2018-04-26T06:18:13.000Z","volume":22000,"label":" ","price":0.97},{"type":"B","date":"2018-04-26T06:18:14.000Z","volume":4000,"label":" ","price":0.97},{"type":"B","date":"2018-04-26T06:30:59.000Z","volume":2000,"label":" ","price":0.96},{"type":"B","date":"2018-04-26T06:46:00.000Z","volume":2000,"label":" ","price":0.96},{"type":"B","date":"2018-04-26T07:13:00.000Z","volume":20000,"label":" ","price":0.96},{"type":"B","date":"2018-04-26T07:24:32.000Z","volume":2000,"label":" ","price":0.96},{"type":"A","date":"2018-04-26T07:34:17.000Z","volume":2000,"label":" ","price":0.97}]