[{"type":"A","date":"2018-03-16T07:49:29.000Z","volume":80000,"price":2.37,"category":"ubbull"},{"type":"A","date":"2018-03-16T07:47:59.000Z","volume":38000,"price":2.37,"category":"ubbull"},{"type":"A","date":"2018-03-16T07:46:29.000Z","volume":94000,"price":2.37,"category":"ubbull"},{"type":"A","date":"2018-03-16T07:44:29.000Z","volume":50000,"price":2.37,"category":"ubbull"},{"type":"A","date":"2018-03-16T07:44:14.000Z","volume":44000,"price":2.37,"category":"ubbull"},{"type":"A","date":"2018-03-16T07:44:06.000Z","volume":46000,"price":2.37,"category":"ubbull"},{"type":"A","date":"2018-03-16T07:44:02.000Z","volume":100000,"price":2.37,"category":"ubbull"},{"type":"A","date":"2018-03-16T07:38:17.000Z","volume":30000,"price":2.37,"category":"ubbull"},{"type":"A","date":"2018-03-16T07:36:19.000Z","volume":50000,"price":2.37,"category":"ubbull"},{"type":"A","date":"2018-03-16T07:35:40.000Z","volume":50000,"price":2.38,"category":"ubbull"},{"type":"A","date":"2018-03-16T07:32:50.000Z","volume":72000,"price":2.37,"category":"ubbull"},{"type":"A","date":"2018-03-16T07:31:45.000Z","volume":198000,"price":2.37,"category":"ubbull"},{"type":"A","date":"2018-03-16T07:25:50.000Z","volume":212000,"price":2.37,"category":"ubbull"},{"type":"A","date":"2018-03-16T07:17:31.000Z","volume":86000,"price":2.36,"category":"ubbull"},{"type":"A","date":"2018-03-16T07:11:54.000Z","volume":34000,"price":2.36,"category":"ubbull"},{"type":"A","date":"2018-03-16T07:11:25.000Z","volume":100000,"price":2.36,"category":"ubbull"},{"type":"A","date":"2018-03-16T07:10:41.000Z","volume":100000,"price":2.36,"category":"ubbull"},{"type":"A","date":"2018-03-16T07:03:20.000Z","volume":122000,"price":2.36,"category":"ubbull"},{"type":"A","date":"2018-03-16T07:01:42.000Z","volume":50000,"price":2.36,"category":"ubbull"},{"type":"A","date":"2018-03-16T06:59:45.000Z","volume":100000,"price":2.36,"category":"ubbull"},{"type":"A","date":"2018-03-16T06:59:17.000Z","volume":100000,"price":2.36,"category":"ubbull"},{"type":"A","date":"2018-03-16T06:58:06.000Z","volume":30000,"price":2.36,"category":"ubbull"},{"type":"A","date":"2018-03-16T06:57:42.000Z","volume":80000,"price":2.36,"category":"ubbull"},{"type":"A","date":"2018-03-16T06:57:41.000Z","volume":50000,"price":2.36,"category":"ubbull"},{"type":"A","date":"2018-03-16T06:57:17.000Z","volume":44000,"price":2.36,"category":"ubbull"},{"type":"A","date":"2018-03-16T06:57:17.000Z","volume":100000,"price":2.36,"category":"ubbull"},{"type":"A","date":"2018-03-16T06:56:47.000Z","volume":50000,"price":2.36,"category":"ubbull"},{"type":"A","date":"2018-03-16T06:55:50.000Z","volume":200000,"price":2.36,"category":"ubbull"},{"type":"A","date":"2018-03-16T06:55:17.000Z","volume":50000,"price":2.36,"category":"ubbull"},{"type":"A","date":"2018-03-16T06:55:09.000Z","volume":200000,"price":2.36,"category":"ubbull"},{"type":"A","date":"2018-03-16T06:54:15.000Z","volume":170000,"price":2.36,"category":"ubbull"},{"type":"A","date":"2018-03-16T06:53:50.000Z","volume":74000,"price":2.36,"category":"ubbull"},{"type":"A","date":"2018-03-16T06:41:29.000Z","volume":42000,"price":2.37,"category":"ubbull"},{"type":"A","date":"2018-03-16T06:32:49.000Z","volume":200000,"price":2.37,"category":"ubbull"},{"type":"A","date":"2018-03-16T06:20:08.000Z","volume":130000,"price":2.38,"category":"ubbull"},{"type":"A","date":"2018-03-16T06:20:06.000Z","volume":764000,"price":2.38,"category":"ubbull"},{"type":"A","date":"2018-03-16T06:20:06.000Z","volume":110000,"price":2.37,"category":"ubbull"},{"type":"A","date":"2018-03-16T06:20:06.000Z","volume":90000,"price":2.37,"category":"ubbull"},{"type":"A","date":"2018-03-16T06:19:37.000Z","volume":34000,"price":2.37,"category":"ubbull"},{"type":"A","date":"2018-03-16T05:45:42.000Z","volume":40000,"price":2.39,"category":"ubbull"},{"type":"A","date":"2018-03-16T05:00:47.000Z","volume":122000,"price":2.4,"category":"ubbull"},{"type":"A","date":"2018-03-16T02:53:56.000Z","volume":50000,"price":2.4,"category":"ubbull"},{"type":"A","date":"2018-03-16T02:31:56.000Z","volume":50000,"price":2.4,"category":"ubbull"},{"type":"A","date":"2018-03-16T02:26:26.000Z","volume":190000,"price":2.4,"category":"ubbull"},{"type":"A","date":"2018-03-16T02:14:06.000Z","volume":50000,"price":2.4,"category":"ubbull"},{"type":"A","date":"2018-03-16T02:11:26.000Z","volume":200000,"price":2.4,"category":"ubbull"},{"type":"A","date":"2018-03-16T02:02:31.000Z","volume":100000,"price":2.41,"category":"ubbull"},{"type":"A","date":"2018-03-16T01:53:04.000Z","volume":88000,"price":2.4,"category":"ubbull"},{"type":"A","date":"2018-03-16T01:47:35.000Z","volume":30000,"price":2.4,"category":"ubbull"},{"type":"A","date":"2018-03-16T01:45:10.000Z","volume":56000,"price":2.41,"category":"ubbull"},{"type":"A","date":"2018-03-16T01:45:08.000Z","volume":200000,"price":2.41,"category":"ubbull"},{"type":"A","date":"2018-03-16T01:43:27.000Z","volume":100000,"price":2.4,"category":"ubbull"},{"type":"A","date":"2018-03-16T01:36:15.000Z","volume":108000,"price":2.4,"category":"ubbull"},{"type":"A","date":"2018-03-16T01:35:16.000Z","volume":100000,"price":2.4,"category":"ubbull"},{"type":"A","date":"2018-03-16T01:30:31.000Z","volume":30000,"price":2.41,"category":"ubbull"},{"type":"A","date":"2018-03-16T07:58:57.000Z","volume":10000,"price":2.37,"category":"bbull"},{"type":"A","date":"2018-03-16T07:58:56.000Z","volume":16000,"price":2.37,"category":"bbull"},{"type":"A","date":"2018-03-16T07:58:50.000Z","volume":16000,"price":2.37,"category":"bbull"},{"type":"A","date":"2018-03-16T07:58:40.000Z","volume":16000,"price":2.37,"category":"bbull"},{"type":"A","date":"2018-03-16T07:58:34.000Z","volume":8000,"price":2.37,"category":"bbull"},{"type":"A","date":"2018-03-16T07:58:30.000Z","volume":16000,"price":2.37,"category":"bbull"},{"type":"A","date":"2018-03-16T07:58:21.000Z","volume":16000,"price":2.37,"category":"bbull"},{"type":"A","date":"2018-03-16T07:58:20.000Z","volume":14000,"price":2.37,"category":"bbull"},{"type":"A","date":"2018-03-16T07:54:35.000Z","volume":10000,"price":2.37,"category":"bbull"},{"type":"A","date":"2018-03-16T07:49:50.000Z","volume":22000,"price":2.37,"category":"bbull"},{"type":"A","date":"2018-03-16T07:44:14.000Z","volume":10000,"price":2.37,"category":"bbull"},{"type":"A","date":"2018-03-16T07:44:06.000Z","volume":26000,"price":2.37,"category":"bbull"},{"type":"A","date":"2018-03-16T07:41:03.000Z","volume":10000,"price":2.37,"category":"bbull"},{"type":"A","date":"2018-03-16T07:39:31.000Z","volume":24000,"price":2.37,"category":"bbull"},{"type":"A","date":"2018-03-16T07:39:00.000Z","volume":8000,"price":2.37,"category":"bbull"},{"type":"A","date":"2018-03-16T07:38:48.000Z","volume":8000,"price":2.37,"category":"bbull"},{"type":"A","date":"2018-03-16T07:38:35.000Z","volume":8000,"price":2.37,"category":"bbull"},{"type":"A","date":"2018-03-16T07:38:22.000Z","volume":8000,"price":2.37,"category":"bbull"},{"type":"A","date":"2018-03-16T07:38:09.000Z","volume":8000,"price":2.37,"category":"bbull"},{"type":"A","date":"2018-03-16T07:37:43.000Z","volume":8000,"price":2.37,"category":"bbull"},{"type":"A","date":"2018-03-16T07:37:15.000Z","volume":8000,"price":2.37,"category":"bbull"},{"type":"A","date":"2018-03-16T07:37:11.000Z","volume":10000,"price":2.37,"category":"bbull"},{"type":"A","date":"2018-03-16T07:37:00.000Z","volume":8000,"price":2.37,"category":"bbull"},{"type":"A","date":"2018-03-16T07:36:36.000Z","volume":8000,"price":2.37,"category":"bbull"},{"type":"A","date":"2018-03-16T07:36:24.000Z","volume":8000,"price":2.37,"category":"bbull"},{"type":"A","date":"2018-03-16T07:36:12.000Z","volume":12000,"price":2.37,"category":"bbull"},{"type":"A","date":"2018-03-16T07:35:33.000Z","volume":8000,"price":2.38,"category":"bbull"},{"type":"A","date":"2018-03-16T07:35:20.000Z","volume":8000,"price":2.38,"category":"bbull"},{"type":"A","date":"2018-03-16T07:35:07.000Z","volume":8000,"price":2.38,"category":"bbull"},{"type":"A","date":"2018-03-16T07:34:28.000Z","volume":8000,"price":2.38,"category":"bbull"},{"type":"A","date":"2018-03-16T07:34:00.000Z","volume":8000,"price":2.38,"category":"bbull"},{"type":"A","date":"2018-03-16T07:33:48.000Z","volume":12000,"price":2.38,"category":"bbull"},{"type":"A","date":"2018-03-16T07:33:10.000Z","volume":8000,"price":2.38,"category":"bbull"},{"type":"A","date":"2018-03-16T07:32:44.000Z","volume":10000,"price":2.37,"category":"bbull"},{"type":"A","date":"2018-03-16T07:32:00.000Z","volume":8000,"price":2.38,"category":"bbull"},{"type":"A","date":"2018-03-16T07:31:36.000Z","volume":8000,"price":2.37,"category":"bbull"},{"type":"A","date":"2018-03-16T07:31:24.000Z","volume":8000,"price":2.37,"category":"bbull"},{"type":"A","date":"2018-03-16T07:31:00.000Z","volume":10000,"price":2.37,"category":"bbull"},{"type":"A","date":"2018-03-16T07:30:47.000Z","volume":8000,"price":2.37,"category":"bbull"},{"type":"A","date":"2018-03-16T07:30:34.000Z","volume":8000,"price":2.37,"category":"bbull"},{"type":"A","date":"2018-03-16T07:30:21.000Z","volume":8000,"price":2.37,"category":"bbull"},{"type":"A","date":"2018-03-16T07:29:55.000Z","volume":8000,"price":2.37,"category":"bbull"},{"type":"A","date":"2018-03-16T07:29:15.000Z","volume":8000,"price":2.37,"category":"bbull"},{"type":"A","date":"2018-03-16T07:28:11.000Z","volume":8000,"price":2.38,"category":"bbull"},{"type":"A","date":"2018-03-16T07:27:58.000Z","volume":8000,"price":2.38,"category":"bbull"},{"type":"A","date":"2018-03-16T07:27:45.000Z","volume":10000,"price":2.38,"category":"bbull"},{"type":"A","date":"2018-03-16T07:27:19.000Z","volume":10000,"price":2.38,"category":"bbull"},{"type":"A","date":"2018-03-16T07:26:40.000Z","volume":8000,"price":2.38,"category":"bbull"},{"type":"A","date":"2018-03-16T07:26:00.000Z","volume":8000,"price":2.38,"category":"bbull"},{"type":"A","date":"2018-03-16T07:25:50.000Z","volume":18000,"price":2.37,"category":"bbull"},{"type":"A","date":"2018-03-16T07:25:48.000Z","volume":8000,"price":2.37,"category":"bbull"},{"type":"A","date":"2018-03-16T07:25:35.000Z","volume":8000,"price":2.37,"category":"bbull"},{"type":"A","date":"2018-03-16T07:25:22.000Z","volume":8000,"price":2.37,"category":"bbull"},{"type":"A","date":"2018-03-16T07:25:09.000Z","volume":8000,"price":2.37,"category":"bbull"},{"type":"A","date":"2018-03-16T07:24:30.000Z","volume":8000,"price":2.37,"category":"bbull"},{"type":"A","date":"2018-03-16T07:24:15.000Z","volume":8000,"price":2.37,"category":"bbull"},{"type":"A","date":"2018-03-16T07:24:00.000Z","volume":8000,"price":2.37,"category":"bbull"},{"type":"A","date":"2018-03-16T07:23:36.000Z","volume":8000,"price":2.37,"category":"bbull"},{"type":"A","date":"2018-03-16T07:23:24.000Z","volume":8000,"price":2.37,"category":"bbull"},{"type":"A","date":"2018-03-16T07:23:12.000Z","volume":8000,"price":2.37,"category":"bbull"},{"type":"A","date":"2018-03-16T07:22:59.000Z","volume":8000,"price":2.37,"category":"bbull"},{"type":"A","date":"2018-03-16T07:22:46.000Z","volume":8000,"price":2.37,"category":"bbull"},{"type":"A","date":"2018-03-16T07:22:33.000Z","volume":8000,"price":2.37,"category":"bbull"},{"type":"A","date":"2018-03-16T07:22:20.000Z","volume":8000,"price":2.37,"category":"bbull"},{"type":"A","date":"2018-03-16T07:22:07.000Z","volume":8000,"price":2.37,"category":"bbull"},{"type":"A","date":"2018-03-16T07:21:15.000Z","volume":8000,"price":2.37,"category":"bbull"},{"type":"A","date":"2018-03-16T07:21:00.000Z","volume":8000,"price":2.37,"category":"bbull"},{"type":"A","date":"2018-03-16T07:20:48.000Z","volume":8000,"price":2.37,"category":"bbull"},{"type":"A","date":"2018-03-16T07:20:36.000Z","volume":8000,"price":2.37,"category":"bbull"},{"type":"A","date":"2018-03-16T07:20:23.000Z","volume":8000,"price":2.37,"category":"bbull"},{"type":"A","date":"2018-03-16T07:20:10.000Z","volume":8000,"price":2.37,"category":"bbull"},{"type":"A","date":"2018-03-16T07:19:57.000Z","volume":8000,"price":2.37,"category":"bbull"},{"type":"A","date":"2018-03-16T07:19:44.000Z","volume":8000,"price":2.37,"category":"bbull"},{"type":"A","date":"2018-03-16T07:19:31.000Z","volume":8000,"price":2.37,"category":"bbull"},{"type":"A","date":"2018-03-16T07:19:18.000Z","volume":8000,"price":2.37,"category":"bbull"},{"type":"A","date":"2018-03-16T07:18:52.000Z","volume":8000,"price":2.37,"category":"bbull"},{"type":"A","date":"2018-03-16T07:18:00.000Z","volume":8000,"price":2.37,"category":"bbull"},{"type":"A","date":"2018-03-16T07:17:47.000Z","volume":8000,"price":2.37,"category":"bbull"},{"type":"A","date":"2018-03-16T07:17:34.000Z","volume":10000,"price":2.37,"category":"bbull"},{"type":"A","date":"2018-03-16T07:17:32.000Z","volume":16000,"price":2.36,"category":"bbull"},{"type":"A","date":"2018-03-16T07:17:21.000Z","volume":8000,"price":2.36,"category":"bbull"},{"type":"A","date":"2018-03-16T07:16:55.000Z","volume":8000,"price":2.36,"category":"bbull"},{"type":"A","date":"2018-03-16T07:16:15.000Z","volume":8000,"price":2.36,"category":"bbull"},{"type":"A","date":"2018-03-16T07:16:00.000Z","volume":8000,"price":2.36,"category":"bbull"},{"type":"A","date":"2018-03-16T07:15:36.000Z","volume":8000,"price":2.36,"category":"bbull"},{"type":"A","date":"2018-03-16T07:15:24.000Z","volume":8000,"price":2.36,"category":"bbull"},{"type":"A","date":"2018-03-16T07:15:11.000Z","volume":8000,"price":2.36,"category":"bbull"},{"type":"A","date":"2018-03-16T07:14:58.000Z","volume":8000,"price":2.36,"category":"bbull"},{"type":"A","date":"2018-03-16T07:14:45.000Z","volume":8000,"price":2.36,"category":"bbull"},{"type":"A","date":"2018-03-16T07:14:32.000Z","volume":8000,"price":2.36,"category":"bbull"},{"type":"A","date":"2018-03-16T07:14:19.000Z","volume":8000,"price":2.36,"category":"bbull"},{"type":"A","date":"2018-03-16T07:14:06.000Z","volume":8000,"price":2.36,"category":"bbull"},{"type":"A","date":"2018-03-16T07:13:40.000Z","volume":8000,"price":2.36,"category":"bbull"},{"type":"A","date":"2018-03-16T07:13:00.000Z","volume":8000,"price":2.37,"category":"bbull"},{"type":"A","date":"2018-03-16T07:12:48.000Z","volume":8000,"price":2.36,"category":"bbull"},{"type":"A","date":"2018-03-16T07:12:42.000Z","volume":10000,"price":2.36,"category":"bbull"},{"type":"A","date":"2018-03-16T07:12:36.000Z","volume":12000,"price":2.36,"category":"bbull"},{"type":"A","date":"2018-03-16T07:12:35.000Z","volume":8000,"price":2.36,"category":"bbull"},{"type":"A","date":"2018-03-16T07:12:22.000Z","volume":10000,"price":2.36,"category":"bbull"},{"type":"A","date":"2018-03-16T07:05:09.000Z","volume":16000,"price":2.36,"category":"bbull"},{"type":"A","date":"2018-03-16T07:05:09.000Z","volume":20000,"price":2.36,"category":"bbull"},{"type":"A","date":"2018-03-16T07:04:15.000Z","volume":20000,"price":2.37,"category":"bbull"},{"type":"A","date":"2018-03-16T07:03:20.000Z","volume":20000,"price":2.36,"category":"bbull"},{"type":"A","date":"2018-03-16T07:02:31.000Z","volume":10000,"price":2.36,"category":"bbull"},{"type":"A","date":"2018-03-16T07:00:35.000Z","volume":20000,"price":2.36,"category":"bbull"},{"type":"A","date":"2018-03-16T07:00:22.000Z","volume":10000,"price":2.36,"category":"bbull"},{"type":"A","date":"2018-03-16T06:59:47.000Z","volume":14000,"price":2.36,"category":"bbull"},{"type":"A","date":"2018-03-16T06:55:50.000Z","volume":12000,"price":2.36,"category":"bbull"},{"type":"A","date":"2018-03-16T06:53:50.000Z","volume":8000,"price":2.36,"category":"bbull"},{"type":"A","date":"2018-03-16T06:35:30.000Z","volume":18000,"price":2.37,"category":"bbull"},{"type":"A","date":"2018-03-16T06:33:27.000Z","volume":10000,"price":2.37,"category":"bbull"},{"type":"A","date":"2018-03-16T06:32:43.000Z","volume":20000,"price":2.37,"category":"bbull"},{"type":"A","date":"2018-03-16T06:32:37.000Z","volume":20000,"price":2.37,"category":"bbull"},{"type":"A","date":"2018-03-16T06:19:37.000Z","volume":8000,"price":2.37,"category":"bbull"},{"type":"A","date":"2018-03-16T06:08:51.000Z","volume":12000,"price":2.39,"category":"bbull"},{"type":"A","date":"2018-03-16T06:06:49.000Z","volume":10000,"price":2.39,"category":"bbull"},{"type":"A","date":"2018-03-16T05:55:28.000Z","volume":16000,"price":2.39,"category":"bbull"},{"type":"A","date":"2018-03-16T05:18:13.000Z","volume":8000,"price":2.4,"category":"bbull"},{"type":"A","date":"2018-03-16T05:00:47.000Z","volume":20000,"price":2.4,"category":"bbull"},{"type":"A","date":"2018-03-16T03:58:34.000Z","volume":12000,"price":2.4,"category":"bbull"},{"type":"A","date":"2018-03-16T03:55:39.000Z","volume":10000,"price":2.4,"category":"bbull"},{"type":"A","date":"2018-03-16T03:51:28.000Z","volume":8000,"price":2.4,"category":"bbull"},{"type":"A","date":"2018-03-16T03:18:18.000Z","volume":12000,"price":2.4,"category":"bbull"},{"type":"A","date":"2018-03-16T03:15:13.000Z","volume":8000,"price":2.4,"category":"bbull"},{"type":"A","date":"2018-03-16T03:14:18.000Z","volume":18000,"price":2.4,"category":"bbull"},{"type":"A","date":"2018-03-16T03:12:06.000Z","volume":10000,"price":2.4,"category":"bbull"},{"type":"A","date":"2018-03-16T03:11:05.000Z","volume":10000,"price":2.4,"category":"bbull"},{"type":"A","date":"2018-03-16T03:08:05.000Z","volume":8000,"price":2.4,"category":"bbull"},{"type":"A","date":"2018-03-16T03:07:00.000Z","volume":12000,"price":2.4,"category":"bbull"},{"type":"A","date":"2018-03-16T03:02:59.000Z","volume":10000,"price":2.4,"category":"bbull"},{"type":"A","date":"2018-03-16T03:01:04.000Z","volume":12000,"price":2.4,"category":"bbull"},{"type":"A","date":"2018-03-16T03:00:02.000Z","volume":10000,"price":2.4,"category":"bbull"},{"type":"A","date":"2018-03-16T02:43:07.000Z","volume":20000,"price":2.4,"category":"bbull"},{"type":"A","date":"2018-03-16T02:26:26.000Z","volume":10000,"price":2.4,"category":"bbull"},{"type":"A","date":"2018-03-16T02:17:22.000Z","volume":10000,"price":2.4,"category":"bbull"},{"type":"A","date":"2018-03-16T02:16:24.000Z","volume":20000,"price":2.4,"category":"bbull"},{"type":"A","date":"2018-03-16T02:15:49.000Z","volume":8000,"price":2.4,"category":"bbull"},{"type":"A","date":"2018-03-16T02:11:44.000Z","volume":8000,"price":2.4,"category":"bbull"},{"type":"A","date":"2018-03-16T01:52:24.000Z","volume":20000,"price":2.4,"category":"bbull"},{"type":"A","date":"2018-03-16T01:48:34.000Z","volume":8000,"price":2.41,"category":"bbull"},{"type":"A","date":"2018-03-16T01:42:58.000Z","volume":12000,"price":2.41,"category":"bbull"},{"type":"A","date":"2018-03-16T01:35:18.000Z","volume":10000,"price":2.4,"category":"bbull"},{"type":"A","date":"2018-03-16T01:35:17.000Z","volume":24000,"price":2.4,"category":"bbull"},{"type":"A","date":"2018-03-16T01:30:31.000Z","volume":10000,"price":2.41,"category":"bbull"},{"type":"A","date":"2018-03-16T01:30:07.000Z","volume":10000,"price":2.42,"category":"bbull"},{"type":"A","date":"2018-03-16T07:59:40.000Z","volume":2000,"price":2.37,"category":"rbull"},{"type":"A","date":"2018-03-16T07:59:30.000Z","volume":2000,"price":2.37,"category":"rbull"},{"type":"A","date":"2018-03-16T07:59:02.000Z","volume":2000,"price":2.37,"category":"rbull"},{"type":"A","date":"2018-03-16T07:58:34.000Z","volume":2000,"price":2.37,"category":"rbull"},{"type":"A","date":"2018-03-16T07:58:25.000Z","volume":2000,"price":2.37,"category":"rbull"},{"type":"A","date":"2018-03-16T07:58:12.000Z","volume":2000,"price":2.37,"category":"rbull"},{"type":"A","date":"2018-03-16T07:57:42.000Z","volume":2000,"price":2.37,"category":"rbull"},{"type":"A","date":"2018-03-16T07:54:20.000Z","volume":2000,"price":2.37,"category":"rbull"},{"type":"A","date":"2018-03-16T07:45:23.000Z","volume":2000,"price":2.37,"category":"rbull"},{"type":"A","date":"2018-03-16T07:30:17.000Z","volume":2000,"price":2.37,"category":"rbull"},{"type":"A","date":"2018-03-16T07:25:49.000Z","volume":2000,"price":2.37,"category":"rbull"},{"type":"A","date":"2018-03-16T07:04:28.000Z","volume":2000,"price":2.36,"category":"rbull"},{"type":"A","date":"2018-03-16T07:03:20.000Z","volume":2000,"price":2.36,"category":"rbull"},{"type":"A","date":"2018-03-16T06:54:33.000Z","volume":2000,"price":2.36,"category":"rbull"},{"type":"A","date":"2018-03-16T06:31:31.000Z","volume":2000,"price":2.37,"category":"rbull"},{"type":"A","date":"2018-03-16T06:26:33.000Z","volume":2000,"price":2.38,"category":"rbull"},{"type":"A","date":"2018-03-16T05:44:23.000Z","volume":2000,"price":2.39,"category":"rbull"},{"type":"A","date":"2018-03-16T05:42:22.000Z","volume":2000,"price":2.39,"category":"rbull"},{"type":"A","date":"2018-03-16T05:39:20.000Z","volume":2000,"price":2.39,"category":"rbull"},{"type":"A","date":"2018-03-16T05:36:22.000Z","volume":2000,"price":2.4,"category":"rbull"},{"type":"A","date":"2018-03-16T05:33:20.000Z","volume":2000,"price":2.4,"category":"rbull"},{"type":"A","date":"2018-03-16T05:30:19.000Z","volume":2000,"price":2.4,"category":"rbull"},{"type":"A","date":"2018-03-16T05:28:19.000Z","volume":2000,"price":2.4,"category":"rbull"},{"type":"A","date":"2018-03-16T05:26:18.000Z","volume":2000,"price":2.4,"category":"rbull"},{"type":"A","date":"2018-03-16T05:25:23.000Z","volume":2000,"price":2.4,"category":"rbull"},{"type":"A","date":"2018-03-16T05:24:17.000Z","volume":2000,"price":2.4,"category":"rbull"},{"type":"A","date":"2018-03-16T05:21:16.000Z","volume":2000,"price":2.4,"category":"rbull"},{"type":"A","date":"2018-03-16T05:20:58.000Z","volume":2000,"price":2.4,"category":"rbull"},{"type":"A","date":"2018-03-16T05:18:16.000Z","volume":2000,"price":2.4,"category":"rbull"},{"type":"A","date":"2018-03-16T05:15:16.000Z","volume":2000,"price":2.4,"category":"rbull"},{"type":"A","date":"2018-03-16T05:14:15.000Z","volume":2000,"price":2.4,"category":"rbull"},{"type":"A","date":"2018-03-16T05:12:15.000Z","volume":2000,"price":2.4,"category":"rbull"},{"type":"A","date":"2018-03-16T05:10:15.000Z","volume":2000,"price":2.4,"category":"rbull"},{"type":"A","date":"2018-03-16T05:09:21.000Z","volume":2000,"price":2.4,"category":"rbull"},{"type":"A","date":"2018-03-16T05:07:13.000Z","volume":2000,"price":2.4,"category":"rbull"},{"type":"A","date":"2018-03-16T05:05:13.000Z","volume":2000,"price":2.4,"category":"rbull"},{"type":"A","date":"2018-03-16T05:02:12.000Z","volume":2000,"price":2.4,"category":"rbull"},{"type":"A","date":"2018-03-16T05:00:02.000Z","volume":2000,"price":2.4,"category":"rbull"},{"type":"A","date":"2018-03-16T03:59:42.000Z","volume":2000,"price":2.4,"category":"rbull"},{"type":"A","date":"2018-03-16T03:59:12.000Z","volume":2000,"price":2.4,"category":"rbull"},{"type":"A","date":"2018-03-16T03:57:10.000Z","volume":2000,"price":2.4,"category":"rbull"},{"type":"A","date":"2018-03-16T03:55:17.000Z","volume":2000,"price":2.4,"category":"rbull"},{"type":"A","date":"2018-03-16T03:54:10.000Z","volume":2000,"price":2.4,"category":"rbull"},{"type":"A","date":"2018-03-16T03:51:08.000Z","volume":2000,"price":2.4,"category":"rbull"},{"type":"A","date":"2018-03-16T03:49:09.000Z","volume":2000,"price":2.4,"category":"rbull"},{"type":"A","date":"2018-03-16T03:47:08.000Z","volume":2000,"price":2.4,"category":"rbull"},{"type":"A","date":"2018-03-16T03:44:07.000Z","volume":2000,"price":2.4,"category":"rbull"},{"type":"A","date":"2018-03-16T03:42:06.000Z","volume":2000,"price":2.4,"category":"rbull"},{"type":"A","date":"2018-03-16T03:40:07.000Z","volume":2000,"price":2.4,"category":"rbull"},{"type":"A","date":"2018-03-16T03:37:05.000Z","volume":2000,"price":2.4,"category":"rbull"},{"type":"A","date":"2018-03-16T03:34:05.000Z","volume":2000,"price":2.4,"category":"rbull"},{"type":"A","date":"2018-03-16T03:32:04.000Z","volume":2000,"price":2.4,"category":"rbull"},{"type":"A","date":"2018-03-16T03:29:04.000Z","volume":2000,"price":2.4,"category":"rbull"},{"type":"A","date":"2018-03-16T03:27:03.000Z","volume":2000,"price":2.4,"category":"rbull"},{"type":"A","date":"2018-03-16T03:25:52.000Z","volume":2000,"price":2.4,"category":"rbull"},{"type":"A","date":"2018-03-16T03:24:03.000Z","volume":2000,"price":2.4,"category":"rbull"},{"type":"A","date":"2018-03-16T03:22:03.000Z","volume":2000,"price":2.4,"category":"rbull"},{"type":"A","date":"2018-03-16T03:20:13.000Z","volume":2000,"price":2.4,"category":"rbull"},{"type":"A","date":"2018-03-16T03:19:01.000Z","volume":2000,"price":2.4,"category":"rbull"},{"type":"A","date":"2018-03-16T03:17:01.000Z","volume":2000,"price":2.4,"category":"rbull"},{"type":"A","date":"2018-03-16T03:14:00.000Z","volume":2000,"price":2.4,"category":"rbull"},{"type":"A","date":"2018-03-16T03:13:15.000Z","volume":2000,"price":2.4,"category":"rbull"},{"type":"A","date":"2018-03-16T03:11:59.000Z","volume":2000,"price":2.4,"category":"rbull"},{"type":"A","date":"2018-03-16T03:10:19.000Z","volume":2000,"price":2.4,"category":"rbull"},{"type":"A","date":"2018-03-16T03:09:00.000Z","volume":2000,"price":2.4,"category":"rbull"},{"type":"A","date":"2018-03-16T03:06:59.000Z","volume":2000,"price":2.4,"category":"rbull"},{"type":"A","date":"2018-03-16T03:05:13.000Z","volume":2000,"price":2.4,"category":"rbull"},{"type":"A","date":"2018-03-16T03:03:58.000Z","volume":2000,"price":2.4,"category":"rbull"},{"type":"A","date":"2018-03-16T03:02:58.000Z","volume":2000,"price":2.4,"category":"rbull"},{"type":"A","date":"2018-03-16T03:00:13.000Z","volume":2000,"price":2.4,"category":"rbull"},{"type":"A","date":"2018-03-16T02:59:57.000Z","volume":2000,"price":2.4,"category":"rbull"},{"type":"A","date":"2018-03-16T02:57:57.000Z","volume":2000,"price":2.4,"category":"rbull"},{"type":"A","date":"2018-03-16T02:55:56.000Z","volume":2000,"price":2.4,"category":"rbull"},{"type":"A","date":"2018-03-16T02:52:54.000Z","volume":2000,"price":2.4,"category":"rbull"},{"type":"A","date":"2018-03-16T02:49:53.000Z","volume":2000,"price":2.4,"category":"rbull"},{"type":"A","date":"2018-03-16T02:47:06.000Z","volume":2000,"price":2.4,"category":"rbull"},{"type":"A","date":"2018-03-16T02:46:52.000Z","volume":2000,"price":2.4,"category":"rbull"},{"type":"A","date":"2018-03-16T02:44:53.000Z","volume":2000,"price":2.4,"category":"rbull"},{"type":"A","date":"2018-03-16T02:42:52.000Z","volume":2000,"price":2.4,"category":"rbull"},{"type":"A","date":"2018-03-16T02:39:50.000Z","volume":2000,"price":2.4,"category":"rbull"},{"type":"A","date":"2018-03-16T02:37:52.000Z","volume":2000,"price":2.4,"category":"rbull"},{"type":"A","date":"2018-03-16T02:37:50.000Z","volume":2000,"price":2.4,"category":"rbull"},{"type":"A","date":"2018-03-16T02:35:49.000Z","volume":2000,"price":2.4,"category":"rbull"},{"type":"A","date":"2018-03-16T02:27:33.000Z","volume":2000,"price":2.4,"category":"rbull"},{"type":"A","date":"2018-03-16T02:25:15.000Z","volume":2000,"price":2.4,"category":"rbull"},{"type":"A","date":"2018-03-16T02:21:36.000Z","volume":2000,"price":2.4,"category":"rbull"},{"type":"A","date":"2018-03-16T02:19:54.000Z","volume":2000,"price":2.4,"category":"rbull"},{"type":"A","date":"2018-03-16T02:09:27.000Z","volume":2000,"price":2.4,"category":"rbull"},{"type":"A","date":"2018-03-16T02:02:13.000Z","volume":2000,"price":2.41,"category":"rbull"},{"type":"A","date":"2018-03-16T01:56:25.000Z","volume":2000,"price":2.41,"category":"rbull"},{"type":"A","date":"2018-03-16T01:51:34.000Z","volume":2000,"price":2.41,"category":"rbull"},{"type":"A","date":"2018-03-16T01:49:20.000Z","volume":2000,"price":2.41,"category":"rbull"},{"type":"A","date":"2018-03-16T01:46:33.000Z","volume":2000,"price":2.4,"category":"rbull"},{"type":"A","date":"2018-03-16T01:45:10.000Z","volume":2000,"price":2.41,"category":"rbull"},{"type":"A","date":"2018-03-16T01:43:27.000Z","volume":2000,"price":2.4,"category":"rbull"},{"type":"A","date":"2018-03-16T01:36:15.000Z","volume":2000,"price":2.4,"category":"rbull"},{"type":"A","date":"2018-03-16T01:32:58.000Z","volume":2000,"price":2.41,"category":"rbull"},{"type":"A","date":"2018-03-16T01:31:00.000Z","volume":2000,"price":2.42,"category":"rbull"},{"type":"A","date":"2018-03-16T01:30:28.000Z","volume":2000,"price":2.41,"category":"rbull"},{"type":"A","date":"2018-03-16T01:30:16.000Z","volume":2000,"price":2.42,"category":"rbull"},{"type":"A","date":"2018-03-16T01:30:08.000Z","volume":2000,"price":2.42,"category":"rbull"},{"type":"B","date":"2018-03-16T07:59:54.000Z","volume":2000,"price":2.36,"category":"rbear"},{"type":"B","date":"2018-03-16T07:59:51.000Z","volume":2000,"price":2.36,"category":"rbear"},{"type":"B","date":"2018-03-16T07:59:50.000Z","volume":2000,"price":2.36,"category":"rbear"},{"type":"B","date":"2018-03-16T07:59:46.000Z","volume":2000,"price":2.36,"category":"rbear"},{"type":"B","date":"2018-03-16T07:59:38.000Z","volume":2000,"price":2.36,"category":"rbear"},{"type":"B","date":"2018-03-16T07:59:27.000Z","volume":2000,"price":2.36,"category":"rbear"},{"type":"B","date":"2018-03-16T07:59:25.000Z","volume":2000,"price":2.36,"category":"rbear"},{"type":"B","date":"2018-03-16T07:59:23.000Z","volume":2000,"price":2.36,"category":"rbear"},{"type":"B","date":"2018-03-16T07:59:20.000Z","volume":2000,"price":2.36,"category":"rbear"},{"type":"B","date":"2018-03-16T07:59:09.000Z","volume":2000,"price":2.36,"category":"rbear"},{"type":"B","date":"2018-03-16T07:59:05.000Z","volume":2000,"price":2.36,"category":"rbear"},{"type":"B","date":"2018-03-16T07:59:05.000Z","volume":2000,"price":2.36,"category":"rbear"},{"type":"B","date":"2018-03-16T07:59:01.000Z","volume":2000,"price":2.36,"category":"rbear"},{"type":"B","date":"2018-03-16T07:58:51.000Z","volume":2000,"price":2.36,"category":"rbear"},{"type":"B","date":"2018-03-16T07:58:51.000Z","volume":2000,"price":2.36,"category":"rbear"},{"type":"B","date":"2018-03-16T07:58:51.000Z","volume":2000,"price":2.36,"category":"rbear"},{"type":"B","date":"2018-03-16T07:58:51.000Z","volume":2000,"price":2.36,"category":"rbear"},{"type":"B","date":"2018-03-16T07:58:51.000Z","volume":2000,"price":2.36,"category":"rbear"},{"type":"B","date":"2018-03-16T07:58:50.000Z","volume":2000,"price":2.36,"category":"rbear"},{"type":"B","date":"2018-03-16T07:58:48.000Z","volume":2000,"price":2.36,"category":"rbear"},{"type":"B","date":"2018-03-16T07:58:47.000Z","volume":2000,"price":2.36,"category":"rbear"},{"type":"B","date":"2018-03-16T07:58:43.000Z","volume":2000,"price":2.36,"category":"rbear"},{"type":"B","date":"2018-03-16T07:58:35.000Z","volume":2000,"price":2.36,"category":"rbear"},{"type":"B","date":"2018-03-16T07:58:35.000Z","volume":2000,"price":2.36,"category":"rbear"},{"type":"B","date":"2018-03-16T07:58:27.000Z","volume":2000,"price":2.36,"category":"rbear"},{"type":"B","date":"2018-03-16T07:58:27.000Z","volume":2000,"price":2.36,"category":"rbear"},{"type":"B","date":"2018-03-16T07:58:26.000Z","volume":2000,"price":2.36,"category":"rbear"},{"type":"B","date":"2018-03-16T07:58:25.000Z","volume":2000,"price":2.36,"category":"rbear"},{"type":"B","date":"2018-03-16T07:58:17.000Z","volume":2000,"price":2.36,"category":"rbear"},{"type":"B","date":"2018-03-16T07:58:15.000Z","volume":2000,"price":2.36,"category":"rbear"},{"type":"B","date":"2018-03-16T07:58:10.000Z","volume":2000,"price":2.36,"category":"rbear"},{"type":"B","date":"2018-03-16T07:58:04.000Z","volume":2000,"price":2.36,"category":"rbear"},{"type":"B","date":"2018-03-16T07:57:48.000Z","volume":2000,"price":2.36,"category":"rbear"},{"type":"B","date":"2018-03-16T07:57:46.000Z","volume":2000,"price":2.36,"category":"rbear"},{"type":"B","date":"2018-03-16T07:57:43.000Z","volume":2000,"price":2.36,"category":"rbear"},{"type":"B","date":"2018-03-16T07:57:37.000Z","volume":2000,"price":2.36,"category":"rbear"},{"type":"B","date":"2018-03-16T07:57:37.000Z","volume":2000,"price":2.36,"category":"rbear"},{"type":"B","date":"2018-03-16T07:57:35.000Z","volume":2000,"price":2.36,"category":"rbear"},{"type":"B","date":"2018-03-16T07:57:35.000Z","volume":2000,"price":2.36,"category":"rbear"},{"type":"B","date":"2018-03-16T07:57:25.000Z","volume":2000,"price":2.36,"category":"rbear"},{"type":"B","date":"2018-03-16T07:57:19.000Z","volume":2000,"price":2.36,"category":"rbear"},{"type":"B","date":"2018-03-16T07:57:07.000Z","volume":2000,"price":2.36,"category":"rbear"},{"type":"B","date":"2018-03-16T07:57:07.000Z","volume":2000,"price":2.36,"category":"rbear"},{"type":"B","date":"2018-03-16T07:57:05.000Z","volume":2000,"price":2.36,"category":"rbear"},{"type":"B","date":"2018-03-16T07:56:52.000Z","volume":2000,"price":2.36,"category":"rbear"},{"type":"B","date":"2018-03-16T07:56:48.000Z","volume":2000,"price":2.36,"category":"rbear"},{"type":"B","date":"2018-03-16T07:56:46.000Z","volume":2000,"price":2.36,"category":"rbear"},{"type":"B","date":"2018-03-16T07:56:35.000Z","volume":2000,"price":2.36,"category":"rbear"},{"type":"B","date":"2018-03-16T07:56:33.000Z","volume":2000,"price":2.36,"category":"rbear"},{"type":"B","date":"2018-03-16T07:56:25.000Z","volume":2000,"price":2.36,"category":"rbear"},{"type":"B","date":"2018-03-16T07:56:25.000Z","volume":2000,"price":2.36,"category":"rbear"},{"type":"B","date":"2018-03-16T07:56:17.000Z","volume":2000,"price":2.36,"category":"rbear"},{"type":"B","date":"2018-03-16T07:56:01.000Z","volume":2000,"price":2.36,"category":"rbear"},{"type":"B","date":"2018-03-16T07:55:41.000Z","volume":2000,"price":2.36,"category":"rbear"},{"type":"B","date":"2018-03-16T07:55:35.000Z","volume":2000,"price":2.36,"category":"rbear"},{"type":"B","date":"2018-03-16T07:55:27.000Z","volume":2000,"price":2.36,"category":"rbear"},{"type":"B","date":"2018-03-16T07:55:26.000Z","volume":2000,"price":2.36,"category":"rbear"},{"type":"B","date":"2018-03-16T07:55:23.000Z","volume":2000,"price":2.36,"category":"rbear"},{"type":"B","date":"2018-03-16T07:55:19.000Z","volume":2000,"price":2.36,"category":"rbear"},{"type":"B","date":"2018-03-16T07:55:16.000Z","volume":2000,"price":2.36,"category":"rbear"},{"type":"B","date":"2018-03-16T07:55:13.000Z","volume":2000,"price":2.36,"category":"rbear"},{"type":"B","date":"2018-03-16T07:35:41.000Z","volume":2000,"price":2.37,"category":"rbear"},{"type":"B","date":"2018-03-16T07:35:40.000Z","volume":2000,"price":2.37,"category":"rbear"},{"type":"B","date":"2018-03-16T07:28:24.000Z","volume":2000,"price":2.37,"category":"rbear"},{"type":"B","date":"2018-03-16T07:25:51.000Z","volume":2000,"price":2.37,"category":"rbear"},{"type":"B","date":"2018-03-16T07:25:50.000Z","volume":2000,"price":2.37,"category":"rbear"},{"type":"B","date":"2018-03-16T06:54:34.000Z","volume":2000,"price":2.35,"category":"rbear"},{"type":"B","date":"2018-03-16T06:53:43.000Z","volume":2000,"price":2.36,"category":"rbear"},{"type":"B","date":"2018-03-16T06:40:18.000Z","volume":2000,"price":2.36,"category":"rbear"},{"type":"B","date":"2018-03-16T06:40:18.000Z","volume":2000,"price":2.36,"category":"rbear"},{"type":"B","date":"2018-03-16T06:30:14.000Z","volume":2000,"price":2.36,"category":"rbear"},{"type":"B","date":"2018-03-16T06:27:28.000Z","volume":2000,"price":2.37,"category":"rbear"},{"type":"B","date":"2018-03-16T06:27:28.000Z","volume":2000,"price":2.37,"category":"rbear"},{"type":"B","date":"2018-03-16T06:27:07.000Z","volume":2000,"price":2.37,"category":"rbear"},{"type":"B","date":"2018-03-16T06:27:07.000Z","volume":2000,"price":2.37,"category":"rbear"},{"type":"B","date":"2018-03-16T06:20:32.000Z","volume":2000,"price":2.37,"category":"rbear"},{"type":"B","date":"2018-03-16T06:19:32.000Z","volume":2000,"price":2.37,"category":"rbear"},{"type":"B","date":"2018-03-16T06:16:39.000Z","volume":2000,"price":2.37,"category":"rbear"},{"type":"B","date":"2018-03-16T06:16:16.000Z","volume":2000,"price":2.37,"category":"rbear"},{"type":"B","date":"2018-03-16T06:13:47.000Z","volume":2000,"price":2.38,"category":"rbear"},{"type":"B","date":"2018-03-16T06:13:47.000Z","volume":2000,"price":2.38,"category":"rbear"},{"type":"B","date":"2018-03-16T06:12:08.000Z","volume":2000,"price":2.38,"category":"rbear"},{"type":"B","date":"2018-03-16T06:09:42.000Z","volume":2000,"price":2.38,"category":"rbear"},{"type":"B","date":"2018-03-16T06:09:42.000Z","volume":2000,"price":2.38,"category":"rbear"},{"type":"B","date":"2018-03-16T06:09:35.000Z","volume":2000,"price":2.38,"category":"rbear"},{"type":"B","date":"2018-03-16T06:07:49.000Z","volume":2000,"price":2.38,"category":"rbear"},{"type":"B","date":"2018-03-16T06:07:28.000Z","volume":2000,"price":2.38,"category":"rbear"},{"type":"B","date":"2018-03-16T06:06:28.000Z","volume":2000,"price":2.38,"category":"rbear"},{"type":"B","date":"2018-03-16T06:05:17.000Z","volume":2000,"price":2.38,"category":"rbear"},{"type":"B","date":"2018-03-16T06:02:59.000Z","volume":2000,"price":2.38,"category":"rbear"},{"type":"B","date":"2018-03-16T06:02:40.000Z","volume":2000,"price":2.38,"category":"rbear"},{"type":"B","date":"2018-03-16T06:02:30.000Z","volume":2000,"price":2.38,"category":"rbear"},{"type":"B","date":"2018-03-16T06:00:16.000Z","volume":2000,"price":2.38,"category":"rbear"},{"type":"B","date":"2018-03-16T05:55:18.000Z","volume":2000,"price":2.38,"category":"rbear"},{"type":"B","date":"2018-03-16T05:54:17.000Z","volume":2000,"price":2.38,"category":"rbear"},{"type":"B","date":"2018-03-16T05:52:46.000Z","volume":2000,"price":2.38,"category":"rbear"},{"type":"B","date":"2018-03-16T05:52:00.000Z","volume":2000,"price":2.38,"category":"rbear"},{"type":"B","date":"2018-03-16T05:52:00.000Z","volume":2000,"price":2.38,"category":"rbear"},{"type":"B","date":"2018-03-16T05:51:06.000Z","volume":2000,"price":2.38,"category":"rbear"},{"type":"B","date":"2018-03-16T05:50:31.000Z","volume":2000,"price":2.38,"category":"rbear"},{"type":"B","date":"2018-03-16T05:50:23.000Z","volume":2000,"price":2.38,"category":"rbear"},{"type":"B","date":"2018-03-16T05:49:51.000Z","volume":2000,"price":2.38,"category":"rbear"},{"type":"B","date":"2018-03-16T05:49:05.000Z","volume":2000,"price":2.38,"category":"rbear"},{"type":"B","date":"2018-03-16T05:48:49.000Z","volume":2000,"price":2.38,"category":"rbear"},{"type":"B","date":"2018-03-16T05:48:47.000Z","volume":2000,"price":2.38,"category":"rbear"},{"type":"B","date":"2018-03-16T05:48:29.000Z","volume":2000,"price":2.38,"category":"rbear"},{"type":"B","date":"2018-03-16T05:48:28.000Z","volume":2000,"price":2.38,"category":"rbear"},{"type":"B","date":"2018-03-16T05:47:56.000Z","volume":2000,"price":2.38,"category":"rbear"},{"type":"B","date":"2018-03-16T05:47:33.000Z","volume":2000,"price":2.38,"category":"rbear"},{"type":"B","date":"2018-03-16T05:47:21.000Z","volume":2000,"price":2.38,"category":"rbear"},{"type":"B","date":"2018-03-16T05:47:12.000Z","volume":2000,"price":2.38,"category":"rbear"},{"type":"B","date":"2018-03-16T05:46:52.000Z","volume":2000,"price":2.38,"category":"rbear"},{"type":"B","date":"2018-03-16T05:46:09.000Z","volume":2000,"price":2.38,"category":"rbear"},{"type":"B","date":"2018-03-16T05:45:32.000Z","volume":2000,"price":2.38,"category":"rbear"},{"type":"B","date":"2018-03-16T05:45:21.000Z","volume":2000,"price":2.38,"category":"rbear"},{"type":"B","date":"2018-03-16T05:44:31.000Z","volume":2000,"price":2.38,"category":"rbear"},{"type":"B","date":"2018-03-16T05:44:24.000Z","volume":2000,"price":2.38,"category":"rbear"},{"type":"B","date":"2018-03-16T05:43:51.000Z","volume":2000,"price":2.38,"category":"rbear"},{"type":"B","date":"2018-03-16T05:43:37.000Z","volume":2000,"price":2.38,"category":"rbear"},{"type":"B","date":"2018-03-16T05:43:13.000Z","volume":2000,"price":2.38,"category":"rbear"},{"type":"B","date":"2018-03-16T05:41:56.000Z","volume":2000,"price":2.38,"category":"rbear"},{"type":"B","date":"2018-03-16T05:40:36.000Z","volume":2000,"price":2.38,"category":"rbear"},{"type":"B","date":"2018-03-16T05:39:41.000Z","volume":2000,"price":2.38,"category":"rbear"},{"type":"B","date":"2018-03-16T05:39:39.000Z","volume":2000,"price":2.38,"category":"rbear"},{"type":"B","date":"2018-03-16T05:38:26.000Z","volume":2000,"price":2.38,"category":"rbear"},{"type":"B","date":"2018-03-16T05:37:24.000Z","volume":2000,"price":2.38,"category":"rbear"},{"type":"B","date":"2018-03-16T05:36:57.000Z","volume":2000,"price":2.39,"category":"rbear"},{"type":"B","date":"2018-03-16T05:36:11.000Z","volume":2000,"price":2.39,"category":"rbear"},{"type":"B","date":"2018-03-16T05:35:19.000Z","volume":2000,"price":2.39,"category":"rbear"},{"type":"B","date":"2018-03-16T05:35:16.000Z","volume":2000,"price":2.39,"category":"rbear"},{"type":"B","date":"2018-03-16T05:35:02.000Z","volume":2000,"price":2.39,"category":"rbear"},{"type":"B","date":"2018-03-16T05:35:02.000Z","volume":2000,"price":2.39,"category":"rbear"},{"type":"B","date":"2018-03-16T05:34:52.000Z","volume":2000,"price":2.39,"category":"rbear"},{"type":"B","date":"2018-03-16T05:34:20.000Z","volume":2000,"price":2.39,"category":"rbear"},{"type":"B","date":"2018-03-16T05:34:13.000Z","volume":2000,"price":2.39,"category":"rbear"},{"type":"B","date":"2018-03-16T05:34:11.000Z","volume":2000,"price":2.39,"category":"rbear"},{"type":"B","date":"2018-03-16T05:33:57.000Z","volume":2000,"price":2.39,"category":"rbear"},{"type":"B","date":"2018-03-16T05:33:29.000Z","volume":2000,"price":2.39,"category":"rbear"},{"type":"B","date":"2018-03-16T05:32:52.000Z","volume":2000,"price":2.39,"category":"rbear"},{"type":"B","date":"2018-03-16T05:32:36.000Z","volume":2000,"price":2.39,"category":"rbear"},{"type":"B","date":"2018-03-16T05:32:11.000Z","volume":2000,"price":2.39,"category":"rbear"},{"type":"B","date":"2018-03-16T05:31:31.000Z","volume":2000,"price":2.39,"category":"rbear"},{"type":"B","date":"2018-03-16T05:30:57.000Z","volume":2000,"price":2.39,"category":"rbear"},{"type":"B","date":"2018-03-16T05:30:41.000Z","volume":2000,"price":2.39,"category":"rbear"},{"type":"B","date":"2018-03-16T05:30:21.000Z","volume":2000,"price":2.39,"category":"rbear"},{"type":"B","date":"2018-03-16T05:29:47.000Z","volume":2000,"price":2.39,"category":"rbear"},{"type":"B","date":"2018-03-16T05:28:56.000Z","volume":2000,"price":2.39,"category":"rbear"},{"type":"B","date":"2018-03-16T05:28:37.000Z","volume":2000,"price":2.39,"category":"rbear"},{"type":"B","date":"2018-03-16T05:27:51.000Z","volume":2000,"price":2.39,"category":"rbear"},{"type":"B","date":"2018-03-16T05:27:20.000Z","volume":2000,"price":2.39,"category":"rbear"},{"type":"B","date":"2018-03-16T05:27:11.000Z","volume":2000,"price":2.39,"category":"rbear"},{"type":"B","date":"2018-03-16T05:26:41.000Z","volume":2000,"price":2.39,"category":"rbear"},{"type":"B","date":"2018-03-16T05:26:18.000Z","volume":2000,"price":2.39,"category":"rbear"},{"type":"B","date":"2018-03-16T05:26:06.000Z","volume":2000,"price":2.39,"category":"rbear"},{"type":"B","date":"2018-03-16T05:25:26.000Z","volume":2000,"price":2.39,"category":"rbear"},{"type":"B","date":"2018-03-16T05:25:23.000Z","volume":2000,"price":2.39,"category":"rbear"},{"type":"B","date":"2018-03-16T05:25:20.000Z","volume":2000,"price":2.39,"category":"rbear"},{"type":"B","date":"2018-03-16T05:25:17.000Z","volume":2000,"price":2.39,"category":"rbear"},{"type":"B","date":"2018-03-16T05:24:51.000Z","volume":2000,"price":2.39,"category":"rbear"},{"type":"B","date":"2018-03-16T05:24:31.000Z","volume":2000,"price":2.39,"category":"rbear"},{"type":"B","date":"2018-03-16T05:24:21.000Z","volume":2000,"price":2.39,"category":"rbear"},{"type":"B","date":"2018-03-16T05:24:09.000Z","volume":2000,"price":2.39,"category":"rbear"},{"type":"B","date":"2018-03-16T05:24:00.000Z","volume":2000,"price":2.39,"category":"rbear"},{"type":"B","date":"2018-03-16T05:23:45.000Z","volume":2000,"price":2.39,"category":"rbear"},{"type":"B","date":"2018-03-16T05:23:26.000Z","volume":2000,"price":2.39,"category":"rbear"},{"type":"B","date":"2018-03-16T05:22:41.000Z","volume":2000,"price":2.39,"category":"rbear"},{"type":"B","date":"2018-03-16T05:22:11.000Z","volume":2000,"price":2.39,"category":"rbear"},{"type":"B","date":"2018-03-16T05:21:53.000Z","volume":2000,"price":2.39,"category":"rbear"},{"type":"B","date":"2018-03-16T05:21:41.000Z","volume":2000,"price":2.39,"category":"rbear"},{"type":"B","date":"2018-03-16T05:21:26.000Z","volume":2000,"price":2.39,"category":"rbear"},{"type":"B","date":"2018-03-16T05:21:20.000Z","volume":2000,"price":2.39,"category":"rbear"},{"type":"B","date":"2018-03-16T05:20:59.000Z","volume":2000,"price":2.39,"category":"rbear"},{"type":"B","date":"2018-03-16T05:20:53.000Z","volume":2000,"price":2.39,"category":"rbear"},{"type":"B","date":"2018-03-16T05:20:41.000Z","volume":2000,"price":2.39,"category":"rbear"},{"type":"B","date":"2018-03-16T05:20:31.000Z","volume":2000,"price":2.39,"category":"rbear"},{"type":"B","date":"2018-03-16T05:20:26.000Z","volume":2000,"price":2.39,"category":"rbear"},{"type":"B","date":"2018-03-16T05:20:21.000Z","volume":2000,"price":2.39,"category":"rbear"},{"type":"B","date":"2018-03-16T05:20:01.000Z","volume":2000,"price":2.39,"category":"rbear"},{"type":"B","date":"2018-03-16T05:19:02.000Z","volume":2000,"price":2.39,"category":"rbear"},{"type":"B","date":"2018-03-16T05:18:51.000Z","volume":2000,"price":2.39,"category":"rbear"},{"type":"B","date":"2018-03-16T05:18:11.000Z","volume":2000,"price":2.39,"category":"rbear"},{"type":"B","date":"2018-03-16T05:18:01.000Z","volume":2000,"price":2.39,"category":"rbear"},{"type":"B","date":"2018-03-16T05:17:56.000Z","volume":2000,"price":2.39,"category":"rbear"},{"type":"B","date":"2018-03-16T05:17:46.000Z","volume":2000,"price":2.39,"category":"rbear"},{"type":"B","date":"2018-03-16T05:17:36.000Z","volume":2000,"price":2.39,"category":"rbear"},{"type":"B","date":"2018-03-16T05:17:24.000Z","volume":2000,"price":2.39,"category":"rbear"},{"type":"B","date":"2018-03-16T05:17:16.000Z","volume":2000,"price":2.39,"category":"rbear"},{"type":"B","date":"2018-03-16T05:17:06.000Z","volume":2000,"price":2.39,"category":"rbear"},{"type":"B","date":"2018-03-16T05:16:29.000Z","volume":2000,"price":2.39,"category":"rbear"},{"type":"B","date":"2018-03-16T05:15:46.000Z","volume":2000,"price":2.39,"category":"rbear"},{"type":"B","date":"2018-03-16T05:15:43.000Z","volume":2000,"price":2.39,"category":"rbear"},{"type":"B","date":"2018-03-16T05:15:20.000Z","volume":2000,"price":2.39,"category":"rbear"},{"type":"B","date":"2018-03-16T05:15:16.000Z","volume":2000,"price":2.39,"category":"rbear"},{"type":"B","date":"2018-03-16T05:14:11.000Z","volume":2000,"price":2.39,"category":"rbear"},{"type":"B","date":"2018-03-16T05:13:44.000Z","volume":2000,"price":2.39,"category":"rbear"},{"type":"B","date":"2018-03-16T05:13:06.000Z","volume":2000,"price":2.39,"category":"rbear"},{"type":"B","date":"2018-03-16T05:12:29.000Z","volume":2000,"price":2.39,"category":"rbear"},{"type":"B","date":"2018-03-16T05:12:00.000Z","volume":2000,"price":2.39,"category":"rbear"},{"type":"B","date":"2018-03-16T05:11:52.000Z","volume":2000,"price":2.39,"category":"rbear"},{"type":"B","date":"2018-03-16T05:11:24.000Z","volume":2000,"price":2.39,"category":"rbear"},{"type":"B","date":"2018-03-16T05:11:21.000Z","volume":2000,"price":2.39,"category":"rbear"},{"type":"B","date":"2018-03-16T05:11:05.000Z","volume":2000,"price":2.39,"category":"rbear"},{"type":"B","date":"2018-03-16T05:10:26.000Z","volume":2000,"price":2.39,"category":"rbear"},{"type":"B","date":"2018-03-16T05:10:21.000Z","volume":2000,"price":2.39,"category":"rbear"},{"type":"B","date":"2018-03-16T05:09:36.000Z","volume":2000,"price":2.39,"category":"rbear"},{"type":"B","date":"2018-03-16T05:09:01.000Z","volume":2000,"price":2.39,"category":"rbear"},{"type":"B","date":"2018-03-16T05:08:51.000Z","volume":2000,"price":2.39,"category":"rbear"},{"type":"B","date":"2018-03-16T05:08:37.000Z","volume":2000,"price":2.39,"category":"rbear"},{"type":"B","date":"2018-03-16T05:08:26.000Z","volume":2000,"price":2.39,"category":"rbear"},{"type":"B","date":"2018-03-16T05:08:23.000Z","volume":2000,"price":2.39,"category":"rbear"},{"type":"B","date":"2018-03-16T05:08:17.000Z","volume":2000,"price":2.39,"category":"rbear"},{"type":"B","date":"2018-03-16T05:07:57.000Z","volume":2000,"price":2.39,"category":"rbear"},{"type":"B","date":"2018-03-16T05:07:46.000Z","volume":2000,"price":2.39,"category":"rbear"},{"type":"B","date":"2018-03-16T05:07:17.000Z","volume":2000,"price":2.39,"category":"rbear"},{"type":"B","date":"2018-03-16T05:07:06.000Z","volume":2000,"price":2.39,"category":"rbear"},{"type":"B","date":"2018-03-16T05:05:53.000Z","volume":2000,"price":2.39,"category":"rbear"},{"type":"B","date":"2018-03-16T05:05:53.000Z","volume":2000,"price":2.39,"category":"rbear"},{"type":"B","date":"2018-03-16T05:05:20.000Z","volume":2000,"price":2.39,"category":"rbear"},{"type":"B","date":"2018-03-16T05:05:11.000Z","volume":2000,"price":2.39,"category":"rbear"},{"type":"B","date":"2018-03-16T05:04:46.000Z","volume":2000,"price":2.39,"category":"rbear"},{"type":"B","date":"2018-03-16T05:04:27.000Z","volume":2000,"price":2.39,"category":"rbear"},{"type":"B","date":"2018-03-16T05:04:16.000Z","volume":2000,"price":2.39,"category":"rbear"},{"type":"B","date":"2018-03-16T05:04:06.000Z","volume":2000,"price":2.39,"category":"rbear"},{"type":"B","date":"2018-03-16T05:02:55.000Z","volume":2000,"price":2.39,"category":"rbear"},{"type":"B","date":"2018-03-16T05:02:55.000Z","volume":2000,"price":2.39,"category":"rbear"},{"type":"B","date":"2018-03-16T05:02:31.000Z","volume":2000,"price":2.39,"category":"rbear"},{"type":"B","date":"2018-03-16T05:02:16.000Z","volume":2000,"price":2.39,"category":"rbear"},{"type":"B","date":"2018-03-16T05:01:51.000Z","volume":2000,"price":2.39,"category":"rbear"},{"type":"B","date":"2018-03-16T05:00:57.000Z","volume":2000,"price":2.39,"category":"rbear"},{"type":"B","date":"2018-03-16T05:00:46.000Z","volume":2000,"price":2.39,"category":"rbear"},{"type":"B","date":"2018-03-16T05:00:36.000Z","volume":2000,"price":2.39,"category":"rbear"},{"type":"B","date":"2018-03-16T05:00:35.000Z","volume":2000,"price":2.39,"category":"rbear"},{"type":"B","date":"2018-03-16T05:00:21.000Z","volume":2000,"price":2.39,"category":"rbear"},{"type":"B","date":"2018-03-16T05:00:14.000Z","volume":2000,"price":2.39,"category":"rbear"},{"type":"B","date":"2018-03-16T05:00:11.000Z","volume":2000,"price":2.39,"category":"rbear"},{"type":"B","date":"2018-03-16T03:59:55.000Z","volume":2000,"price":2.39,"category":"rbear"},{"type":"B","date":"2018-03-16T03:59:42.000Z","volume":2000,"price":2.39,"category":"rbear"},{"type":"B","date":"2018-03-16T03:59:32.000Z","volume":2000,"price":2.39,"category":"rbear"},{"type":"B","date":"2018-03-16T03:59:31.000Z","volume":2000,"price":2.39,"category":"rbear"},{"type":"B","date":"2018-03-16T03:59:19.000Z","volume":2000,"price":2.39,"category":"rbear"},{"type":"B","date":"2018-03-16T03:59:11.000Z","volume":2000,"price":2.39,"category":"rbear"},{"type":"B","date":"2018-03-16T03:59:03.000Z","volume":2000,"price":2.39,"category":"rbear"},{"type":"B","date":"2018-03-16T03:58:48.000Z","volume":2000,"price":2.39,"category":"rbear"},{"type":"B","date":"2018-03-16T03:58:47.000Z","volume":2000,"price":2.39,"category":"rbear"},{"type":"B","date":"2018-03-16T03:58:43.000Z","volume":2000,"price":2.39,"category":"rbear"},{"type":"B","date":"2018-03-16T03:58:32.000Z","volume":2000,"price":2.39,"category":"rbear"},{"type":"B","date":"2018-03-16T03:58:26.000Z","volume":2000,"price":2.39,"category":"rbear"},{"type":"B","date":"2018-03-16T03:58:06.000Z","volume":2000,"price":2.39,"category":"rbear"},{"type":"B","date":"2018-03-16T03:57:52.000Z","volume":2000,"price":2.39,"category":"rbear"},{"type":"B","date":"2018-03-16T03:56:42.000Z","volume":2000,"price":2.39,"category":"rbear"},{"type":"B","date":"2018-03-16T03:55:08.000Z","volume":2000,"price":2.39,"category":"rbear"},{"type":"B","date":"2018-03-16T03:54:47.000Z","volume":2000,"price":2.39,"category":"rbear"},{"type":"B","date":"2018-03-16T03:54:21.000Z","volume":2000,"price":2.39,"category":"rbear"},{"type":"B","date":"2018-03-16T03:54:08.000Z","volume":2000,"price":2.39,"category":"rbear"},{"type":"B","date":"2018-03-16T03:54:07.000Z","volume":2000,"price":2.39,"category":"rbear"},{"type":"B","date":"2018-03-16T03:53:28.000Z","volume":2000,"price":2.39,"category":"rbear"},{"type":"B","date":"2018-03-16T03:50:53.000Z","volume":2000,"price":2.39,"category":"rbear"},{"type":"B","date":"2018-03-16T03:50:52.000Z","volume":2000,"price":2.39,"category":"rbear"},{"type":"B","date":"2018-03-16T03:50:42.000Z","volume":2000,"price":2.39,"category":"rbear"},{"type":"B","date":"2018-03-16T03:50:34.000Z","volume":2000,"price":2.39,"category":"rbear"},{"type":"B","date":"2018-03-16T03:50:32.000Z","volume":2000,"price":2.39,"category":"rbear"},{"type":"B","date":"2018-03-16T03:50:12.000Z","volume":2000,"price":2.39,"category":"rbear"},{"type":"B","date":"2018-03-16T03:48:56.000Z","volume":2000,"price":2.39,"category":"rbear"},{"type":"B","date":"2018-03-16T03:48:41.000Z","volume":2000,"price":2.39,"category":"rbear"},{"type":"B","date":"2018-03-16T03:48:12.000Z","volume":2000,"price":2.39,"category":"rbear"},{"type":"B","date":"2018-03-16T03:46:42.000Z","volume":2000,"price":2.39,"category":"rbear"},{"type":"B","date":"2018-03-16T03:45:27.000Z","volume":2000,"price":2.39,"category":"rbear"},{"type":"B","date":"2018-03-16T03:44:48.000Z","volume":2000,"price":2.39,"category":"rbear"},{"type":"B","date":"2018-03-16T03:44:37.000Z","volume":2000,"price":2.39,"category":"rbear"},{"type":"B","date":"2018-03-16T03:43:55.000Z","volume":2000,"price":2.39,"category":"rbear"},{"type":"B","date":"2018-03-16T03:43:55.000Z","volume":2000,"price":2.39,"category":"rbear"},{"type":"B","date":"2018-03-16T03:43:16.000Z","volume":2000,"price":2.39,"category":"rbear"},{"type":"B","date":"2018-03-16T03:42:12.000Z","volume":2000,"price":2.39,"category":"rbear"},{"type":"B","date":"2018-03-16T03:42:07.000Z","volume":2000,"price":2.39,"category":"rbear"},{"type":"B","date":"2018-03-16T03:41:28.000Z","volume":2000,"price":2.39,"category":"rbear"},{"type":"B","date":"2018-03-16T03:40:52.000Z","volume":2000,"price":2.39,"category":"rbear"},{"type":"B","date":"2018-03-16T03:40:02.000Z","volume":2000,"price":2.39,"category":"rbear"},{"type":"B","date":"2018-03-16T03:39:44.000Z","volume":2000,"price":2.39,"category":"rbear"},{"type":"B","date":"2018-03-16T03:39:18.000Z","volume":2000,"price":2.39,"category":"rbear"},{"type":"B","date":"2018-03-16T03:39:10.000Z","volume":2000,"price":2.39,"category":"rbear"},{"type":"B","date":"2018-03-16T03:39:07.000Z","volume":2000,"price":2.39,"category":"rbear"},{"type":"B","date":"2018-03-16T03:38:22.000Z","volume":2000,"price":2.39,"category":"rbear"},{"type":"B","date":"2018-03-16T03:38:10.000Z","volume":2000,"price":2.39,"category":"rbear"},{"type":"B","date":"2018-03-16T03:37:37.000Z","volume":2000,"price":2.39,"category":"rbear"},{"type":"B","date":"2018-03-16T03:37:17.000Z","volume":2000,"price":2.39,"category":"rbear"},{"type":"B","date":"2018-03-16T03:35:50.000Z","volume":2000,"price":2.39,"category":"rbear"},{"type":"B","date":"2018-03-16T03:35:50.000Z","volume":2000,"price":2.39,"category":"rbear"},{"type":"B","date":"2018-03-16T03:35:27.000Z","volume":2000,"price":2.39,"category":"rbear"},{"type":"B","date":"2018-03-16T03:34:52.000Z","volume":2000,"price":2.39,"category":"rbear"},{"type":"B","date":"2018-03-16T03:34:48.000Z","volume":2000,"price":2.39,"category":"rbear"},{"type":"B","date":"2018-03-16T03:34:09.000Z","volume":2000,"price":2.39,"category":"rbear"},{"type":"B","date":"2018-03-16T03:33:59.000Z","volume":2000,"price":2.39,"category":"rbear"},{"type":"B","date":"2018-03-16T03:33:11.000Z","volume":2000,"price":2.39,"category":"rbear"},{"type":"B","date":"2018-03-16T03:32:50.000Z","volume":2000,"price":2.39,"category":"rbear"},{"type":"B","date":"2018-03-16T03:32:04.000Z","volume":2000,"price":2.39,"category":"rbear"},{"type":"B","date":"2018-03-16T03:31:24.000Z","volume":2000,"price":2.39,"category":"rbear"},{"type":"B","date":"2018-03-16T03:31:16.000Z","volume":2000,"price":2.39,"category":"rbear"},{"type":"B","date":"2018-03-16T03:30:42.000Z","volume":2000,"price":2.39,"category":"rbear"},{"type":"B","date":"2018-03-16T03:30:27.000Z","volume":2000,"price":2.39,"category":"rbear"},{"type":"B","date":"2018-03-16T03:30:11.000Z","volume":2000,"price":2.39,"category":"rbear"},{"type":"B","date":"2018-03-16T03:29:57.000Z","volume":2000,"price":2.39,"category":"rbear"},{"type":"B","date":"2018-03-16T03:29:18.000Z","volume":2000,"price":2.39,"category":"rbear"},{"type":"B","date":"2018-03-16T03:29:10.000Z","volume":2000,"price":2.39,"category":"rbear"},{"type":"B","date":"2018-03-16T03:28:51.000Z","volume":2000,"price":2.39,"category":"rbear"},{"type":"B","date":"2018-03-16T03:28:47.000Z","volume":2000,"price":2.39,"category":"rbear"},{"type":"B","date":"2018-03-16T03:28:11.000Z","volume":2000,"price":2.39,"category":"rbear"},{"type":"B","date":"2018-03-16T03:27:27.000Z","volume":2000,"price":2.39,"category":"rbear"},{"type":"B","date":"2018-03-16T03:26:50.000Z","volume":2000,"price":2.39,"category":"rbear"},{"type":"B","date":"2018-03-16T03:26:41.000Z","volume":2000,"price":2.39,"category":"rbear"},{"type":"B","date":"2018-03-16T03:26:31.000Z","volume":2000,"price":2.39,"category":"rbear"},{"type":"B","date":"2018-03-16T03:26:10.000Z","volume":2000,"price":2.39,"category":"rbear"},{"type":"B","date":"2018-03-16T03:26:02.000Z","volume":2000,"price":2.39,"category":"rbear"},{"type":"B","date":"2018-03-16T03:25:42.000Z","volume":2000,"price":2.39,"category":"rbear"},{"type":"B","date":"2018-03-16T03:25:04.000Z","volume":2000,"price":2.39,"category":"rbear"},{"type":"B","date":"2018-03-16T03:24:50.000Z","volume":2000,"price":2.39,"category":"rbear"},{"type":"B","date":"2018-03-16T03:24:17.000Z","volume":2000,"price":2.39,"category":"rbear"},{"type":"B","date":"2018-03-16T03:22:52.000Z","volume":2000,"price":2.39,"category":"rbear"},{"type":"B","date":"2018-03-16T03:22:02.000Z","volume":2000,"price":2.39,"category":"rbear"},{"type":"B","date":"2018-03-16T03:21:57.000Z","volume":2000,"price":2.39,"category":"rbear"},{"type":"B","date":"2018-03-16T03:21:32.000Z","volume":2000,"price":2.39,"category":"rbear"},{"type":"B","date":"2018-03-16T03:21:18.000Z","volume":2000,"price":2.39,"category":"rbear"},{"type":"B","date":"2018-03-16T03:21:07.000Z","volume":2000,"price":2.39,"category":"rbear"},{"type":"B","date":"2018-03-16T03:20:54.000Z","volume":2000,"price":2.39,"category":"rbear"},{"type":"B","date":"2018-03-16T03:20:27.000Z","volume":2000,"price":2.39,"category":"rbear"},{"type":"B","date":"2018-03-16T03:20:02.000Z","volume":2000,"price":2.39,"category":"rbear"},{"type":"B","date":"2018-03-16T03:19:43.000Z","volume":2000,"price":2.39,"category":"rbear"},{"type":"B","date":"2018-03-16T03:18:17.000Z","volume":2000,"price":2.39,"category":"rbear"},{"type":"B","date":"2018-03-16T03:17:37.000Z","volume":2000,"price":2.39,"category":"rbear"},{"type":"B","date":"2018-03-16T03:17:11.000Z","volume":2000,"price":2.39,"category":"rbear"},{"type":"B","date":"2018-03-16T03:16:31.000Z","volume":2000,"price":2.39,"category":"rbear"},{"type":"B","date":"2018-03-16T03:16:02.000Z","volume":2000,"price":2.39,"category":"rbear"},{"type":"B","date":"2018-03-16T03:13:57.000Z","volume":2000,"price":2.39,"category":"rbear"},{"type":"B","date":"2018-03-16T03:13:14.000Z","volume":2000,"price":2.39,"category":"rbear"},{"type":"B","date":"2018-03-16T03:11:58.000Z","volume":2000,"price":2.39,"category":"rbear"},{"type":"B","date":"2018-03-16T03:11:43.000Z","volume":2000,"price":2.39,"category":"rbear"},{"type":"B","date":"2018-03-16T03:11:27.000Z","volume":2000,"price":2.39,"category":"rbear"},{"type":"B","date":"2018-03-16T03:10:47.000Z","volume":2000,"price":2.39,"category":"rbear"},{"type":"B","date":"2018-03-16T03:10:32.000Z","volume":2000,"price":2.39,"category":"rbear"},{"type":"B","date":"2018-03-16T03:10:18.000Z","volume":2000,"price":2.39,"category":"rbear"},{"type":"B","date":"2018-03-16T03:10:02.000Z","volume":2000,"price":2.39,"category":"rbear"},{"type":"B","date":"2018-03-16T03:09:27.000Z","volume":2000,"price":2.39,"category":"rbear"},{"type":"B","date":"2018-03-16T03:08:42.000Z","volume":2000,"price":2.39,"category":"rbear"},{"type":"B","date":"2018-03-16T03:08:22.000Z","volume":2000,"price":2.39,"category":"rbear"},{"type":"B","date":"2018-03-16T03:08:17.000Z","volume":2000,"price":2.39,"category":"rbear"},{"type":"B","date":"2018-03-16T03:07:56.000Z","volume":2000,"price":2.39,"category":"rbear"},{"type":"B","date":"2018-03-16T03:07:17.000Z","volume":2000,"price":2.39,"category":"rbear"},{"type":"B","date":"2018-03-16T03:06:32.000Z","volume":2000,"price":2.39,"category":"rbear"},{"type":"B","date":"2018-03-16T03:06:07.000Z","volume":2000,"price":2.39,"category":"rbear"},{"type":"B","date":"2018-03-16T03:05:47.000Z","volume":2000,"price":2.39,"category":"rbear"},{"type":"B","date":"2018-03-16T03:05:07.000Z","volume":2000,"price":2.39,"category":"rbear"},{"type":"B","date":"2018-03-16T03:05:02.000Z","volume":2000,"price":2.39,"category":"rbear"},{"type":"B","date":"2018-03-16T03:04:09.000Z","volume":2000,"price":2.39,"category":"rbear"},{"type":"B","date":"2018-03-16T03:03:50.000Z","volume":2000,"price":2.39,"category":"rbear"},{"type":"B","date":"2018-03-16T03:02:47.000Z","volume":2000,"price":2.39,"category":"rbear"},{"type":"B","date":"2018-03-16T03:02:42.000Z","volume":2000,"price":2.39,"category":"rbear"},{"type":"B","date":"2018-03-16T03:02:27.000Z","volume":2000,"price":2.39,"category":"rbear"},{"type":"B","date":"2018-03-16T03:02:06.000Z","volume":2000,"price":2.39,"category":"rbear"},{"type":"B","date":"2018-03-16T03:01:52.000Z","volume":2000,"price":2.39,"category":"rbear"},{"type":"B","date":"2018-03-16T03:01:35.000Z","volume":2000,"price":2.39,"category":"rbear"},{"type":"B","date":"2018-03-16T03:01:17.000Z","volume":2000,"price":2.39,"category":"rbear"},{"type":"B","date":"2018-03-16T03:01:07.000Z","volume":2000,"price":2.39,"category":"rbear"},{"type":"B","date":"2018-03-16T03:01:03.000Z","volume":2000,"price":2.39,"category":"rbear"},{"type":"B","date":"2018-03-16T03:00:37.000Z","volume":2000,"price":2.39,"category":"rbear"},{"type":"B","date":"2018-03-16T03:00:01.000Z","volume":2000,"price":2.39,"category":"rbear"},{"type":"B","date":"2018-03-16T02:59:52.000Z","volume":2000,"price":2.39,"category":"rbear"},{"type":"B","date":"2018-03-16T02:59:32.000Z","volume":2000,"price":2.39,"category":"rbear"},{"type":"B","date":"2018-03-16T02:59:27.000Z","volume":2000,"price":2.39,"category":"rbear"},{"type":"B","date":"2018-03-16T02:59:22.000Z","volume":2000,"price":2.39,"category":"rbear"},{"type":"B","date":"2018-03-16T02:59:01.000Z","volume":2000,"price":2.39,"category":"rbear"},{"type":"B","date":"2018-03-16T02:58:32.000Z","volume":2000,"price":2.39,"category":"rbear"},{"type":"B","date":"2018-03-16T02:58:02.000Z","volume":2000,"price":2.39,"category":"rbear"},{"type":"B","date":"2018-03-16T02:57:47.000Z","volume":2000,"price":2.39,"category":"rbear"},{"type":"B","date":"2018-03-16T02:57:11.000Z","volume":2000,"price":2.39,"category":"rbear"},{"type":"B","date":"2018-03-16T02:56:45.000Z","volume":2000,"price":2.39,"category":"rbear"},{"type":"B","date":"2018-03-16T02:56:45.000Z","volume":2000,"price":2.39,"category":"rbear"},{"type":"B","date":"2018-03-16T02:56:27.000Z","volume":2000,"price":2.39,"category":"rbear"},{"type":"B","date":"2018-03-16T02:56:17.000Z","volume":2000,"price":2.39,"category":"rbear"},{"type":"B","date":"2018-03-16T02:54:13.000Z","volume":2000,"price":2.39,"category":"rbear"},{"type":"B","date":"2018-03-16T02:53:47.000Z","volume":2000,"price":2.39,"category":"rbear"},{"type":"B","date":"2018-03-16T02:53:22.000Z","volume":2000,"price":2.39,"category":"rbear"},{"type":"B","date":"2018-03-16T02:52:37.000Z","volume":2000,"price":2.39,"category":"rbear"},{"type":"B","date":"2018-03-16T02:52:02.000Z","volume":2000,"price":2.39,"category":"rbear"},{"type":"B","date":"2018-03-16T02:51:41.000Z","volume":2000,"price":2.39,"category":"rbear"},{"type":"B","date":"2018-03-16T02:51:02.000Z","volume":2000,"price":2.39,"category":"rbear"},{"type":"B","date":"2018-03-16T02:50:39.000Z","volume":2000,"price":2.39,"category":"rbear"},{"type":"B","date":"2018-03-16T02:50:32.000Z","volume":2000,"price":2.39,"category":"rbear"},{"type":"B","date":"2018-03-16T02:50:15.000Z","volume":2000,"price":2.39,"category":"rbear"},{"type":"B","date":"2018-03-16T02:49:51.000Z","volume":2000,"price":2.39,"category":"rbear"},{"type":"B","date":"2018-03-16T02:49:32.000Z","volume":2000,"price":2.39,"category":"rbear"},{"type":"B","date":"2018-03-16T02:49:12.000Z","volume":2000,"price":2.39,"category":"rbear"},{"type":"B","date":"2018-03-16T02:48:47.000Z","volume":2000,"price":2.39,"category":"rbear"},{"type":"B","date":"2018-03-16T02:48:33.000Z","volume":2000,"price":2.39,"category":"rbear"},{"type":"B","date":"2018-03-16T02:48:32.000Z","volume":2000,"price":2.39,"category":"rbear"},{"type":"B","date":"2018-03-16T02:48:02.000Z","volume":2000,"price":2.39,"category":"rbear"},{"type":"B","date":"2018-03-16T02:47:52.000Z","volume":2000,"price":2.39,"category":"rbear"},{"type":"B","date":"2018-03-16T02:47:30.000Z","volume":2000,"price":2.39,"category":"rbear"},{"type":"B","date":"2018-03-16T02:47:22.000Z","volume":2000,"price":2.39,"category":"rbear"},{"type":"B","date":"2018-03-16T02:46:57.000Z","volume":2000,"price":2.39,"category":"rbear"},{"type":"B","date":"2018-03-16T02:46:52.000Z","volume":2000,"price":2.39,"category":"rbear"},{"type":"B","date":"2018-03-16T02:46:42.000Z","volume":2000,"price":2.39,"category":"rbear"},{"type":"B","date":"2018-03-16T02:46:22.000Z","volume":2000,"price":2.39,"category":"rbear"},{"type":"B","date":"2018-03-16T02:46:12.000Z","volume":2000,"price":2.39,"category":"rbear"},{"type":"B","date":"2018-03-16T02:45:52.000Z","volume":2000,"price":2.39,"category":"rbear"},{"type":"B","date":"2018-03-16T02:45:42.000Z","volume":2000,"price":2.39,"category":"rbear"},{"type":"B","date":"2018-03-16T02:45:33.000Z","volume":2000,"price":2.39,"category":"rbear"},{"type":"B","date":"2018-03-16T02:45:31.000Z","volume":2000,"price":2.39,"category":"rbear"},{"type":"B","date":"2018-03-16T02:45:12.000Z","volume":2000,"price":2.39,"category":"rbear"},{"type":"B","date":"2018-03-16T02:44:32.000Z","volume":2000,"price":2.39,"category":"rbear"},{"type":"B","date":"2018-03-16T02:44:17.000Z","volume":2000,"price":2.39,"category":"rbear"},{"type":"B","date":"2018-03-16T02:43:47.000Z","volume":2000,"price":2.39,"category":"rbear"},{"type":"B","date":"2018-03-16T02:43:12.000Z","volume":2000,"price":2.39,"category":"rbear"},{"type":"B","date":"2018-03-16T02:42:42.000Z","volume":2000,"price":2.39,"category":"rbear"},{"type":"B","date":"2018-03-16T02:42:27.000Z","volume":2000,"price":2.39,"category":"rbear"},{"type":"B","date":"2018-03-16T02:41:57.000Z","volume":2000,"price":2.39,"category":"rbear"},{"type":"B","date":"2018-03-16T02:41:27.000Z","volume":2000,"price":2.39,"category":"rbear"},{"type":"B","date":"2018-03-16T02:41:12.000Z","volume":2000,"price":2.39,"category":"rbear"},{"type":"B","date":"2018-03-16T02:26:22.000Z","volume":2000,"price":2.39,"category":"rbear"},{"type":"B","date":"2018-03-16T02:26:15.000Z","volume":2000,"price":2.39,"category":"rbear"},{"type":"B","date":"2018-03-16T02:26:12.000Z","volume":2000,"price":2.39,"category":"rbear"},{"type":"B","date":"2018-03-16T02:26:02.000Z","volume":2000,"price":2.39,"category":"rbear"},{"type":"B","date":"2018-03-16T02:25:42.000Z","volume":2000,"price":2.39,"category":"rbear"},{"type":"B","date":"2018-03-16T02:25:32.000Z","volume":2000,"price":2.39,"category":"rbear"},{"type":"B","date":"2018-03-16T02:25:12.000Z","volume":2000,"price":2.39,"category":"rbear"},{"type":"B","date":"2018-03-16T02:24:42.000Z","volume":2000,"price":2.39,"category":"rbear"},{"type":"B","date":"2018-03-16T02:24:37.000Z","volume":2000,"price":2.39,"category":"rbear"},{"type":"B","date":"2018-03-16T02:24:27.000Z","volume":2000,"price":2.39,"category":"rbear"},{"type":"B","date":"2018-03-16T02:23:57.000Z","volume":2000,"price":2.39,"category":"rbear"},{"type":"B","date":"2018-03-16T02:23:37.000Z","volume":2000,"price":2.39,"category":"rbear"},{"type":"B","date":"2018-03-16T02:23:25.000Z","volume":2000,"price":2.39,"category":"rbear"},{"type":"B","date":"2018-03-16T02:23:07.000Z","volume":2000,"price":2.39,"category":"rbear"},{"type":"B","date":"2018-03-16T02:22:57.000Z","volume":2000,"price":2.39,"category":"rbear"},{"type":"B","date":"2018-03-16T02:22:47.000Z","volume":2000,"price":2.39,"category":"rbear"},{"type":"B","date":"2018-03-16T02:22:37.000Z","volume":2000,"price":2.39,"category":"rbear"},{"type":"B","date":"2018-03-16T02:22:27.000Z","volume":2000,"price":2.39,"category":"rbear"},{"type":"B","date":"2018-03-16T02:22:17.000Z","volume":2000,"price":2.39,"category":"rbear"},{"type":"B","date":"2018-03-16T02:11:07.000Z","volume":2000,"price":2.39,"category":"rbear"},{"type":"B","date":"2018-03-16T02:10:37.000Z","volume":2000,"price":2.39,"category":"rbear"},{"type":"B","date":"2018-03-16T02:09:57.000Z","volume":2000,"price":2.39,"category":"rbear"},{"type":"B","date":"2018-03-16T02:09:37.000Z","volume":2000,"price":2.39,"category":"rbear"},{"type":"B","date":"2018-03-16T02:09:27.000Z","volume":2000,"price":2.39,"category":"rbear"},{"type":"B","date":"2018-03-16T02:09:27.000Z","volume":2000,"price":2.39,"category":"rbear"},{"type":"B","date":"2018-03-16T02:09:07.000Z","volume":2000,"price":2.39,"category":"rbear"},{"type":"B","date":"2018-03-16T02:08:44.000Z","volume":2000,"price":2.39,"category":"rbear"},{"type":"B","date":"2018-03-16T02:08:17.000Z","volume":2000,"price":2.39,"category":"rbear"},{"type":"B","date":"2018-03-16T02:07:42.000Z","volume":2000,"price":2.39,"category":"rbear"},{"type":"B","date":"2018-03-16T02:06:57.000Z","volume":2000,"price":2.39,"category":"rbear"},{"type":"B","date":"2018-03-16T02:06:47.000Z","volume":2000,"price":2.39,"category":"rbear"},{"type":"B","date":"2018-03-16T02:05:30.000Z","volume":2000,"price":2.4,"category":"rbear"},{"type":"B","date":"2018-03-16T02:03:03.000Z","volume":2000,"price":2.4,"category":"rbear"},{"type":"B","date":"2018-03-16T02:03:03.000Z","volume":2000,"price":2.4,"category":"rbear"},{"type":"B","date":"2018-03-16T02:02:31.000Z","volume":2000,"price":2.4,"category":"rbear"},{"type":"B","date":"2018-03-16T02:02:01.000Z","volume":2000,"price":2.4,"category":"rbear"},{"type":"B","date":"2018-03-16T02:01:42.000Z","volume":2000,"price":2.4,"category":"rbear"},{"type":"B","date":"2018-03-16T02:01:29.000Z","volume":2000,"price":2.4,"category":"rbear"},{"type":"B","date":"2018-03-16T02:01:21.000Z","volume":2000,"price":2.4,"category":"rbear"},{"type":"B","date":"2018-03-16T02:01:12.000Z","volume":2000,"price":2.4,"category":"rbear"},{"type":"B","date":"2018-03-16T02:01:02.000Z","volume":2000,"price":2.4,"category":"rbear"},{"type":"B","date":"2018-03-16T02:00:42.000Z","volume":2000,"price":2.4,"category":"rbear"},{"type":"B","date":"2018-03-16T02:00:32.000Z","volume":2000,"price":2.4,"category":"rbear"},{"type":"B","date":"2018-03-16T02:00:22.000Z","volume":2000,"price":2.4,"category":"rbear"},{"type":"B","date":"2018-03-16T02:00:11.000Z","volume":2000,"price":2.4,"category":"rbear"},{"type":"B","date":"2018-03-16T01:59:57.000Z","volume":2000,"price":2.4,"category":"rbear"},{"type":"B","date":"2018-03-16T01:53:36.000Z","volume":2000,"price":2.4,"category":"rbear"},{"type":"B","date":"2018-03-16T01:52:18.000Z","volume":2000,"price":2.4,"category":"rbear"},{"type":"B","date":"2018-03-16T01:51:31.000Z","volume":2000,"price":2.4,"category":"rbear"},{"type":"B","date":"2018-03-16T01:50:03.000Z","volume":2000,"price":2.4,"category":"rbear"},{"type":"B","date":"2018-03-16T01:46:48.000Z","volume":2000,"price":2.4,"category":"rbear"},{"type":"B","date":"2018-03-16T01:46:33.000Z","volume":2000,"price":2.4,"category":"rbear"},{"type":"B","date":"2018-03-16T01:46:33.000Z","volume":2000,"price":2.4,"category":"rbear"},{"type":"B","date":"2018-03-16T01:43:06.000Z","volume":2000,"price":2.4,"category":"rbear"},{"type":"B","date":"2018-03-16T01:43:06.000Z","volume":2000,"price":2.4,"category":"rbear"},{"type":"B","date":"2018-03-16T01:43:02.000Z","volume":2000,"price":2.4,"category":"rbear"},{"type":"B","date":"2018-03-16T01:42:52.000Z","volume":2000,"price":2.4,"category":"rbear"},{"type":"B","date":"2018-03-16T01:42:45.000Z","volume":2000,"price":2.4,"category":"rbear"},{"type":"B","date":"2018-03-16T01:42:42.000Z","volume":2000,"price":2.4,"category":"rbear"},{"type":"B","date":"2018-03-16T01:42:40.000Z","volume":2000,"price":2.4,"category":"rbear"},{"type":"B","date":"2018-03-16T01:42:32.000Z","volume":2000,"price":2.4,"category":"rbear"},{"type":"B","date":"2018-03-16T01:42:32.000Z","volume":2000,"price":2.4,"category":"rbear"},{"type":"B","date":"2018-03-16T01:42:18.000Z","volume":2000,"price":2.4,"category":"rbear"},{"type":"B","date":"2018-03-16T01:41:57.000Z","volume":2000,"price":2.4,"category":"rbear"},{"type":"B","date":"2018-03-16T01:41:47.000Z","volume":2000,"price":2.4,"category":"rbear"},{"type":"B","date":"2018-03-16T01:41:31.000Z","volume":2000,"price":2.4,"category":"rbear"},{"type":"B","date":"2018-03-16T01:35:02.000Z","volume":2000,"price":2.39,"category":"rbear"},{"type":"B","date":"2018-03-16T01:34:52.000Z","volume":2000,"price":2.39,"category":"rbear"},{"type":"B","date":"2018-03-16T01:34:48.000Z","volume":2000,"price":2.4,"category":"rbear"},{"type":"B","date":"2018-03-16T01:34:32.000Z","volume":2000,"price":2.39,"category":"rbear"},{"type":"B","date":"2018-03-16T01:34:21.000Z","volume":2000,"price":2.39,"category":"rbear"},{"type":"B","date":"2018-03-16T01:32:56.000Z","volume":2000,"price":2.41,"category":"rbear"},{"type":"B","date":"2018-03-16T01:30:18.000Z","volume":2000,"price":2.41,"category":"rbear"},{"type":"B","date":"2018-03-16T07:59:58.000Z","volume":8000,"price":2.36,"category":"bbear"},{"type":"B","date":"2018-03-16T07:59:57.000Z","volume":18000,"price":2.36,"category":"bbear"},{"type":"B","date":"2018-03-16T07:59:54.000Z","volume":12000,"price":2.36,"category":"bbear"},{"type":"B","date":"2018-03-16T07:59:53.000Z","volume":18000,"price":2.36,"category":"bbear"},{"type":"B","date":"2018-03-16T07:59:49.000Z","volume":8000,"price":2.36,"category":"bbear"},{"type":"B","date":"2018-03-16T07:59:49.000Z","volume":12000,"price":2.36,"category":"bbear"},{"type":"B","date":"2018-03-16T07:59:47.000Z","volume":18000,"price":2.36,"category":"bbear"},{"type":"B","date":"2018-03-16T07:59:46.000Z","volume":8000,"price":2.36,"category":"bbear"},{"type":"B","date":"2018-03-16T07:59:45.000Z","volume":16000,"price":2.36,"category":"bbear"},{"type":"B","date":"2018-03-16T07:59:45.000Z","volume":12000,"price":2.36,"category":"bbear"},{"type":"B","date":"2018-03-16T07:59:45.000Z","volume":8000,"price":2.36,"category":"bbear"},{"type":"B","date":"2018-03-16T07:59:43.000Z","volume":12000,"price":2.36,"category":"bbear"},{"type":"B","date":"2018-03-16T07:59:42.000Z","volume":10000,"price":2.36,"category":"bbear"},{"type":"B","date":"2018-03-16T07:59:34.000Z","volume":20000,"price":2.36,"category":"bbear"},{"type":"B","date":"2018-03-16T07:59:32.000Z","volume":26000,"price":2.36,"category":"bbear"},{"type":"B","date":"2018-03-16T07:59:30.000Z","volume":12000,"price":2.36,"category":"bbear"},{"type":"B","date":"2018-03-16T07:59:22.000Z","volume":8000,"price":2.36,"category":"bbear"},{"type":"B","date":"2018-03-16T07:59:05.000Z","volume":8000,"price":2.36,"category":"bbear"},{"type":"B","date":"2018-03-16T07:59:00.000Z","volume":20000,"price":2.36,"category":"bbear"},{"type":"B","date":"2018-03-16T07:58:56.000Z","volume":12000,"price":2.36,"category":"bbear"},{"type":"B","date":"2018-03-16T07:58:42.000Z","volume":18000,"price":2.36,"category":"bbear"},{"type":"B","date":"2018-03-16T07:58:34.000Z","volume":24000,"price":2.36,"category":"bbear"},{"type":"B","date":"2018-03-16T07:58:31.000Z","volume":8000,"price":2.36,"category":"bbear"},{"type":"B","date":"2018-03-16T07:58:30.000Z","volume":12000,"price":2.36,"category":"bbear"},{"type":"B","date":"2018-03-16T07:58:21.000Z","volume":8000,"price":2.36,"category":"bbear"},{"type":"B","date":"2018-03-16T07:58:12.000Z","volume":12000,"price":2.36,"category":"bbear"},{"type":"B","date":"2018-03-16T07:57:56.000Z","volume":8000,"price":2.36,"category":"bbear"},{"type":"B","date":"2018-03-16T07:57:47.000Z","volume":14000,"price":2.36,"category":"bbear"},{"type":"B","date":"2018-03-16T07:57:42.000Z","volume":12000,"price":2.36,"category":"bbear"},{"type":"B","date":"2018-03-16T07:57:36.000Z","volume":24000,"price":2.36,"category":"bbear"},{"type":"B","date":"2018-03-16T07:57:12.000Z","volume":12000,"price":2.36,"category":"bbear"},{"type":"B","date":"2018-03-16T07:56:53.000Z","volume":12000,"price":2.36,"category":"bbear"},{"type":"B","date":"2018-03-16T07:56:42.000Z","volume":18000,"price":2.36,"category":"bbear"},{"type":"B","date":"2018-03-16T07:56:35.000Z","volume":24000,"price":2.36,"category":"bbear"},{"type":"B","date":"2018-03-16T07:55:59.000Z","volume":12000,"price":2.36,"category":"bbear"},{"type":"B","date":"2018-03-16T07:55:42.000Z","volume":12000,"price":2.36,"category":"bbear"},{"type":"B","date":"2018-03-16T07:55:37.000Z","volume":26000,"price":2.36,"category":"bbear"},{"type":"B","date":"2018-03-16T07:55:00.000Z","volume":12000,"price":2.36,"category":"bbear"},{"type":"B","date":"2018-03-16T07:54:57.000Z","volume":10000,"price":2.36,"category":"bbear"},{"type":"B","date":"2018-03-16T07:54:38.000Z","volume":24000,"price":2.36,"category":"bbear"},{"type":"B","date":"2018-03-16T07:54:12.000Z","volume":16000,"price":2.36,"category":"bbear"},{"type":"B","date":"2018-03-16T07:51:38.000Z","volume":12000,"price":2.36,"category":"bbear"},{"type":"B","date":"2018-03-16T07:50:44.000Z","volume":10000,"price":2.36,"category":"bbear"},{"type":"B","date":"2018-03-16T07:50:27.000Z","volume":16000,"price":2.36,"category":"bbear"},{"type":"B","date":"2018-03-16T07:49:47.000Z","volume":26000,"price":2.36,"category":"bbear"},{"type":"B","date":"2018-03-16T07:49:05.000Z","volume":8000,"price":2.36,"category":"bbear"},{"type":"B","date":"2018-03-16T07:48:48.000Z","volume":14000,"price":2.36,"category":"bbear"},{"type":"B","date":"2018-03-16T07:48:29.000Z","volume":10000,"price":2.36,"category":"bbear"},{"type":"B","date":"2018-03-16T07:47:49.000Z","volume":10000,"price":2.36,"category":"bbear"},{"type":"B","date":"2018-03-16T07:47:49.000Z","volume":16000,"price":2.36,"category":"bbear"},{"type":"B","date":"2018-03-16T07:47:48.000Z","volume":20000,"price":2.36,"category":"bbear"},{"type":"B","date":"2018-03-16T07:47:48.000Z","volume":16000,"price":2.36,"category":"bbear"},{"type":"B","date":"2018-03-16T07:45:57.000Z","volume":10000,"price":2.36,"category":"bbear"},{"type":"B","date":"2018-03-16T07:45:52.000Z","volume":26000,"price":2.36,"category":"bbear"},{"type":"B","date":"2018-03-16T07:43:41.000Z","volume":8000,"price":2.36,"category":"bbear"},{"type":"B","date":"2018-03-16T07:43:11.000Z","volume":8000,"price":2.36,"category":"bbear"},{"type":"B","date":"2018-03-16T07:42:50.000Z","volume":8000,"price":2.36,"category":"bbear"},{"type":"B","date":"2018-03-16T07:42:50.000Z","volume":12000,"price":2.36,"category":"bbear"},{"type":"B","date":"2018-03-16T07:41:57.000Z","volume":8000,"price":2.36,"category":"bbear"},{"type":"B","date":"2018-03-16T07:41:03.000Z","volume":12000,"price":2.36,"category":"bbear"},{"type":"B","date":"2018-03-16T07:40:13.000Z","volume":12000,"price":2.36,"category":"bbear"},{"type":"B","date":"2018-03-16T07:39:18.000Z","volume":12000,"price":2.36,"category":"bbear"},{"type":"B","date":"2018-03-16T07:38:05.000Z","volume":26000,"price":2.36,"category":"bbear"},{"type":"B","date":"2018-03-16T07:36:07.000Z","volume":26000,"price":2.36,"category":"bbear"},{"type":"B","date":"2018-03-16T07:35:47.000Z","volume":16000,"price":2.36,"category":"bbear"},{"type":"B","date":"2018-03-16T07:35:15.000Z","volume":16000,"price":2.37,"category":"bbear"},{"type":"B","date":"2018-03-16T07:35:09.000Z","volume":26000,"price":2.37,"category":"bbear"},{"type":"B","date":"2018-03-16T07:32:14.000Z","volume":20000,"price":2.37,"category":"bbear"},{"type":"B","date":"2018-03-16T07:30:17.000Z","volume":26000,"price":2.36,"category":"bbear"},{"type":"B","date":"2018-03-16T07:30:17.000Z","volume":26000,"price":2.36,"category":"bbear"},{"type":"B","date":"2018-03-16T07:30:17.000Z","volume":8000,"price":2.36,"category":"bbear"},{"type":"B","date":"2018-03-16T07:29:18.000Z","volume":14000,"price":2.36,"category":"bbear"},{"type":"B","date":"2018-03-16T07:29:18.000Z","volume":14000,"price":2.36,"category":"bbear"},{"type":"B","date":"2018-03-16T07:28:34.000Z","volume":10000,"price":2.37,"category":"bbear"},{"type":"B","date":"2018-03-16T07:28:20.000Z","volume":26000,"price":2.36,"category":"bbear"},{"type":"B","date":"2018-03-16T07:26:23.000Z","volume":26000,"price":2.36,"category":"bbear"},{"type":"B","date":"2018-03-16T07:25:19.000Z","volume":12000,"price":2.36,"category":"bbear"},{"type":"B","date":"2018-03-16T07:24:25.000Z","volume":10000,"price":2.36,"category":"bbear"},{"type":"B","date":"2018-03-16T07:19:01.000Z","volume":16000,"price":2.36,"category":"bbear"},{"type":"B","date":"2018-03-16T07:19:00.000Z","volume":14000,"price":2.36,"category":"bbear"},{"type":"B","date":"2018-03-16T07:18:00.000Z","volume":24000,"price":2.36,"category":"bbear"},{"type":"B","date":"2018-03-16T07:17:01.000Z","volume":26000,"price":2.35,"category":"bbear"},{"type":"B","date":"2018-03-16T07:15:05.000Z","volume":18000,"price":2.35,"category":"bbear"},{"type":"B","date":"2018-03-16T07:15:05.000Z","volume":10000,"price":2.35,"category":"bbear"},{"type":"B","date":"2018-03-16T07:13:08.000Z","volume":20000,"price":2.36,"category":"bbear"},{"type":"B","date":"2018-03-16T07:11:09.000Z","volume":26000,"price":2.35,"category":"bbear"},{"type":"B","date":"2018-03-16T07:08:15.000Z","volume":8000,"price":2.35,"category":"bbear"},{"type":"B","date":"2018-03-16T07:08:15.000Z","volume":26000,"price":2.35,"category":"bbear"},{"type":"B","date":"2018-03-16T07:07:20.000Z","volume":26000,"price":2.35,"category":"bbear"},{"type":"B","date":"2018-03-16T07:04:26.000Z","volume":18000,"price":2.36,"category":"bbear"},{"type":"B","date":"2018-03-16T07:02:23.000Z","volume":26000,"price":2.35,"category":"bbear"},{"type":"B","date":"2018-03-16T06:58:29.000Z","volume":26000,"price":2.35,"category":"bbear"},{"type":"B","date":"2018-03-16T06:57:30.000Z","volume":8000,"price":2.36,"category":"bbear"},{"type":"B","date":"2018-03-16T06:54:35.000Z","volume":26000,"price":2.35,"category":"bbear"},{"type":"B","date":"2018-03-16T06:54:02.000Z","volume":12000,"price":2.35,"category":"bbear"},{"type":"B","date":"2018-03-16T06:53:56.000Z","volume":24000,"price":2.35,"category":"bbear"},{"type":"B","date":"2018-03-16T06:53:38.000Z","volume":8000,"price":2.36,"category":"bbear"},{"type":"B","date":"2018-03-16T06:53:38.000Z","volume":8000,"price":2.36,"category":"bbear"},{"type":"B","date":"2018-03-16T06:53:37.000Z","volume":14000,"price":2.36,"category":"bbear"},{"type":"B","date":"2018-03-16T06:53:32.000Z","volume":12000,"price":2.36,"category":"bbear"},{"type":"B","date":"2018-03-16T06:53:09.000Z","volume":12000,"price":2.36,"category":"bbear"},{"type":"B","date":"2018-03-16T06:53:02.000Z","volume":8000,"price":2.36,"category":"bbear"},{"type":"B","date":"2018-03-16T06:52:16.000Z","volume":12000,"price":2.36,"category":"bbear"},{"type":"B","date":"2018-03-16T06:52:02.000Z","volume":12000,"price":2.36,"category":"bbear"},{"type":"B","date":"2018-03-16T06:51:32.000Z","volume":8000,"price":2.36,"category":"bbear"},{"type":"B","date":"2018-03-16T06:51:25.000Z","volume":8000,"price":2.36,"category":"bbear"},{"type":"B","date":"2018-03-16T06:51:21.000Z","volume":8000,"price":2.36,"category":"bbear"},{"type":"B","date":"2018-03-16T06:50:40.000Z","volume":26000,"price":2.36,"category":"bbear"},{"type":"B","date":"2018-03-16T06:50:32.000Z","volume":12000,"price":2.36,"category":"bbear"},{"type":"B","date":"2018-03-16T06:50:32.000Z","volume":12000,"price":2.36,"category":"bbear"},{"type":"B","date":"2018-03-16T06:49:41.000Z","volume":22000,"price":2.36,"category":"bbear"},{"type":"B","date":"2018-03-16T06:49:37.000Z","volume":8000,"price":2.36,"category":"bbear"},{"type":"B","date":"2018-03-16T06:49:32.000Z","volume":16000,"price":2.36,"category":"bbear"},{"type":"B","date":"2018-03-16T06:49:14.000Z","volume":16000,"price":2.36,"category":"bbear"},{"type":"B","date":"2018-03-16T06:48:47.000Z","volume":12000,"price":2.36,"category":"bbear"},{"type":"B","date":"2018-03-16T06:48:32.000Z","volume":8000,"price":2.36,"category":"bbear"},{"type":"B","date":"2018-03-16T06:48:02.000Z","volume":12000,"price":2.36,"category":"bbear"},{"type":"B","date":"2018-03-16T06:47:53.000Z","volume":12000,"price":2.36,"category":"bbear"},{"type":"B","date":"2018-03-16T06:47:12.000Z","volume":12000,"price":2.36,"category":"bbear"},{"type":"B","date":"2018-03-16T06:46:59.000Z","volume":12000,"price":2.36,"category":"bbear"},{"type":"B","date":"2018-03-16T06:46:05.000Z","volume":12000,"price":2.36,"category":"bbear"},{"type":"B","date":"2018-03-16T06:45:47.000Z","volume":26000,"price":2.36,"category":"bbear"},{"type":"B","date":"2018-03-16T06:45:16.000Z","volume":12000,"price":2.36,"category":"bbear"},{"type":"B","date":"2018-03-16T06:44:22.000Z","volume":12000,"price":2.36,"category":"bbear"},{"type":"B","date":"2018-03-16T06:43:28.000Z","volume":12000,"price":2.36,"category":"bbear"},{"type":"B","date":"2018-03-16T06:42:39.000Z","volume":16000,"price":2.36,"category":"bbear"},{"type":"B","date":"2018-03-16T06:41:55.000Z","volume":26000,"price":2.36,"category":"bbear"},{"type":"B","date":"2018-03-16T06:41:45.000Z","volume":12000,"price":2.36,"category":"bbear"},{"type":"B","date":"2018-03-16T06:40:51.000Z","volume":12000,"price":2.36,"category":"bbear"},{"type":"B","date":"2018-03-16T06:40:01.000Z","volume":10000,"price":2.36,"category":"bbear"},{"type":"B","date":"2018-03-16T06:40:01.000Z","volume":12000,"price":2.36,"category":"bbear"},{"type":"B","date":"2018-03-16T06:39:12.000Z","volume":12000,"price":2.36,"category":"bbear"},{"type":"B","date":"2018-03-16T06:39:07.000Z","volume":12000,"price":2.36,"category":"bbear"},{"type":"B","date":"2018-03-16T06:38:14.000Z","volume":12000,"price":2.36,"category":"bbear"},{"type":"B","date":"2018-03-16T06:37:59.000Z","volume":26000,"price":2.36,"category":"bbear"},{"type":"B","date":"2018-03-16T06:37:24.000Z","volume":12000,"price":2.36,"category":"bbear"},{"type":"B","date":"2018-03-16T06:33:07.000Z","volume":26000,"price":2.36,"category":"bbear"},{"type":"B","date":"2018-03-16T06:32:18.000Z","volume":16000,"price":2.36,"category":"bbear"},{"type":"B","date":"2018-03-16T06:31:18.000Z","volume":12000,"price":2.36,"category":"bbear"},{"type":"B","date":"2018-03-16T06:30:23.000Z","volume":12000,"price":2.36,"category":"bbear"},{"type":"B","date":"2018-03-16T06:30:18.000Z","volume":10000,"price":2.36,"category":"bbear"},{"type":"B","date":"2018-03-16T06:30:14.000Z","volume":26000,"price":2.36,"category":"bbear"},{"type":"B","date":"2018-03-16T06:29:23.000Z","volume":12000,"price":2.36,"category":"bbear"},{"type":"B","date":"2018-03-16T06:29:14.000Z","volume":26000,"price":2.36,"category":"bbear"},{"type":"B","date":"2018-03-16T06:28:23.000Z","volume":8000,"price":2.36,"category":"bbear"},{"type":"B","date":"2018-03-16T06:27:30.000Z","volume":8000,"price":2.37,"category":"bbear"},{"type":"B","date":"2018-03-16T06:27:28.000Z","volume":12000,"price":2.37,"category":"bbear"},{"type":"B","date":"2018-03-16T06:25:21.000Z","volume":26000,"price":2.37,"category":"bbear"},{"type":"B","date":"2018-03-16T06:21:29.000Z","volume":26000,"price":2.37,"category":"bbear"},{"type":"B","date":"2018-03-16T06:19:48.000Z","volume":8000,"price":2.37,"category":"bbear"},{"type":"B","date":"2018-03-16T06:19:32.000Z","volume":20000,"price":2.37,"category":"bbear"},{"type":"B","date":"2018-03-16T06:19:24.000Z","volume":20000,"price":2.37,"category":"bbear"},{"type":"B","date":"2018-03-16T06:19:00.000Z","volume":8000,"price":2.37,"category":"bbear"},{"type":"B","date":"2018-03-16T06:18:49.000Z","volume":8000,"price":2.37,"category":"bbear"},{"type":"B","date":"2018-03-16T06:18:39.000Z","volume":8000,"price":2.37,"category":"bbear"},{"type":"B","date":"2018-03-16T06:18:36.000Z","volume":26000,"price":2.37,"category":"bbear"},{"type":"B","date":"2018-03-16T06:18:10.000Z","volume":8000,"price":2.37,"category":"bbear"},{"type":"B","date":"2018-03-16T06:17:42.000Z","volume":18000,"price":2.37,"category":"bbear"},{"type":"B","date":"2018-03-16T06:17:37.000Z","volume":14000,"price":2.37,"category":"bbear"},{"type":"B","date":"2018-03-16T06:16:39.000Z","volume":18000,"price":2.37,"category":"bbear"},{"type":"B","date":"2018-03-16T06:16:39.000Z","volume":14000,"price":2.37,"category":"bbear"},{"type":"B","date":"2018-03-16T06:16:26.000Z","volume":8000,"price":2.37,"category":"bbear"},{"type":"B","date":"2018-03-16T06:15:41.000Z","volume":18000,"price":2.37,"category":"bbear"},{"type":"B","date":"2018-03-16T06:15:41.000Z","volume":14000,"price":2.37,"category":"bbear"},{"type":"B","date":"2018-03-16T06:14:42.000Z","volume":20000,"price":2.37,"category":"bbear"},{"type":"B","date":"2018-03-16T06:14:42.000Z","volume":16000,"price":2.37,"category":"bbear"},{"type":"B","date":"2018-03-16T06:14:11.000Z","volume":8000,"price":2.38,"category":"bbear"},{"type":"B","date":"2018-03-16T06:13:44.000Z","volume":14000,"price":2.38,"category":"bbear"},{"type":"B","date":"2018-03-16T06:13:44.000Z","volume":18000,"price":2.38,"category":"bbear"},{"type":"B","date":"2018-03-16T06:12:55.000Z","volume":12000,"price":2.38,"category":"bbear"},{"type":"B","date":"2018-03-16T06:12:50.000Z","volume":14000,"price":2.38,"category":"bbear"},{"type":"B","date":"2018-03-16T06:12:49.000Z","volume":18000,"price":2.38,"category":"bbear"},{"type":"B","date":"2018-03-16T06:11:48.000Z","volume":18000,"price":2.38,"category":"bbear"},{"type":"B","date":"2018-03-16T06:11:48.000Z","volume":16000,"price":2.38,"category":"bbear"},{"type":"B","date":"2018-03-16T06:10:50.000Z","volume":20000,"price":2.38,"category":"bbear"},{"type":"B","date":"2018-03-16T06:10:50.000Z","volume":14000,"price":2.38,"category":"bbear"},{"type":"B","date":"2018-03-16T06:09:59.000Z","volume":8000,"price":2.38,"category":"bbear"},{"type":"B","date":"2018-03-16T06:09:52.000Z","volume":18000,"price":2.38,"category":"bbear"},{"type":"B","date":"2018-03-16T06:09:51.000Z","volume":16000,"price":2.38,"category":"bbear"},{"type":"B","date":"2018-03-16T06:09:37.000Z","volume":8000,"price":2.38,"category":"bbear"},{"type":"B","date":"2018-03-16T06:09:35.000Z","volume":8000,"price":2.38,"category":"bbear"},{"type":"B","date":"2018-03-16T06:09:35.000Z","volume":10000,"price":2.38,"category":"bbear"},{"type":"B","date":"2018-03-16T06:09:35.000Z","volume":8000,"price":2.38,"category":"bbear"},{"type":"B","date":"2018-03-16T06:09:24.000Z","volume":8000,"price":2.38,"category":"bbear"},{"type":"B","date":"2018-03-16T06:08:53.000Z","volume":18000,"price":2.38,"category":"bbear"},{"type":"B","date":"2018-03-16T06:08:53.000Z","volume":14000,"price":2.38,"category":"bbear"},{"type":"B","date":"2018-03-16T06:08:29.000Z","volume":8000,"price":2.38,"category":"bbear"},{"type":"B","date":"2018-03-16T06:08:11.000Z","volume":8000,"price":2.38,"category":"bbear"},{"type":"B","date":"2018-03-16T06:07:55.000Z","volume":18000,"price":2.38,"category":"bbear"},{"type":"B","date":"2018-03-16T06:07:55.000Z","volume":16000,"price":2.38,"category":"bbear"},{"type":"B","date":"2018-03-16T06:07:41.000Z","volume":8000,"price":2.38,"category":"bbear"},{"type":"B","date":"2018-03-16T06:06:57.000Z","volume":14000,"price":2.38,"category":"bbear"},{"type":"B","date":"2018-03-16T06:06:57.000Z","volume":18000,"price":2.38,"category":"bbear"},{"type":"B","date":"2018-03-16T06:06:46.000Z","volume":8000,"price":2.38,"category":"bbear"},{"type":"B","date":"2018-03-16T06:04:59.000Z","volume":18000,"price":2.38,"category":"bbear"},{"type":"B","date":"2018-03-16T06:04:59.000Z","volume":16000,"price":2.38,"category":"bbear"},{"type":"B","date":"2018-03-16T06:04:25.000Z","volume":20000,"price":2.38,"category":"bbear"},{"type":"B","date":"2018-03-16T06:03:03.000Z","volume":16000,"price":2.38,"category":"bbear"},{"type":"B","date":"2018-03-16T06:02:29.000Z","volume":8000,"price":2.38,"category":"bbear"},{"type":"B","date":"2018-03-16T06:02:24.000Z","volume":8000,"price":2.38,"category":"bbear"},{"type":"B","date":"2018-03-16T06:02:05.000Z","volume":14000,"price":2.38,"category":"bbear"},{"type":"B","date":"2018-03-16T06:01:06.000Z","volume":16000,"price":2.38,"category":"bbear"},{"type":"B","date":"2018-03-16T06:01:06.000Z","volume":20000,"price":2.38,"category":"bbear"},{"type":"B","date":"2018-03-16T06:01:05.000Z","volume":12000,"price":2.38,"category":"bbear"},{"type":"B","date":"2018-03-16T06:00:43.000Z","volume":24000,"price":2.38,"category":"bbear"},{"type":"B","date":"2018-03-16T05:59:59.000Z","volume":8000,"price":2.38,"category":"bbear"},{"type":"B","date":"2018-03-16T05:58:11.000Z","volume":18000,"price":2.38,"category":"bbear"},{"type":"B","date":"2018-03-16T05:58:11.000Z","volume":16000,"price":2.38,"category":"bbear"},{"type":"B","date":"2018-03-16T05:57:12.000Z","volume":18000,"price":2.38,"category":"bbear"},{"type":"B","date":"2018-03-16T05:57:12.000Z","volume":14000,"price":2.38,"category":"bbear"},{"type":"B","date":"2018-03-16T05:56:58.000Z","volume":8000,"price":2.38,"category":"bbear"},{"type":"B","date":"2018-03-16T05:56:30.000Z","volume":8000,"price":2.38,"category":"bbear"},{"type":"B","date":"2018-03-16T05:56:15.000Z","volume":16000,"price":2.38,"category":"bbear"},{"type":"B","date":"2018-03-16T05:56:15.000Z","volume":16000,"price":2.38,"category":"bbear"},{"type":"B","date":"2018-03-16T05:55:30.000Z","volume":8000,"price":2.38,"category":"bbear"},{"type":"B","date":"2018-03-16T05:55:16.000Z","volume":18000,"price":2.38,"category":"bbear"},{"type":"B","date":"2018-03-16T05:55:16.000Z","volume":14000,"price":2.38,"category":"bbear"},{"type":"B","date":"2018-03-16T05:54:40.000Z","volume":8000,"price":2.38,"category":"bbear"},{"type":"B","date":"2018-03-16T05:54:18.000Z","volume":18000,"price":2.38,"category":"bbear"},{"type":"B","date":"2018-03-16T05:54:18.000Z","volume":16000,"price":2.38,"category":"bbear"},{"type":"B","date":"2018-03-16T05:53:35.000Z","volume":8000,"price":2.38,"category":"bbear"},{"type":"B","date":"2018-03-16T05:53:28.000Z","volume":8000,"price":2.38,"category":"bbear"},{"type":"B","date":"2018-03-16T05:53:20.000Z","volume":14000,"price":2.38,"category":"bbear"},{"type":"B","date":"2018-03-16T05:53:20.000Z","volume":18000,"price":2.38,"category":"bbear"},{"type":"B","date":"2018-03-16T05:52:50.000Z","volume":20000,"price":2.38,"category":"bbear"},{"type":"B","date":"2018-03-16T05:52:22.000Z","volume":16000,"price":2.38,"category":"bbear"},{"type":"B","date":"2018-03-16T05:52:22.000Z","volume":18000,"price":2.38,"category":"bbear"},{"type":"B","date":"2018-03-16T05:51:24.000Z","volume":14000,"price":2.38,"category":"bbear"},{"type":"B","date":"2018-03-16T05:51:24.000Z","volume":18000,"price":2.38,"category":"bbear"},{"type":"B","date":"2018-03-16T05:50:25.000Z","volume":16000,"price":2.38,"category":"bbear"},{"type":"B","date":"2018-03-16T05:50:25.000Z","volume":20000,"price":2.38,"category":"bbear"},{"type":"B","date":"2018-03-16T05:49:26.000Z","volume":18000,"price":2.38,"category":"bbear"},{"type":"B","date":"2018-03-16T05:49:26.000Z","volume":14000,"price":2.38,"category":"bbear"},{"type":"B","date":"2018-03-16T05:48:36.000Z","volume":8000,"price":2.38,"category":"bbear"},{"type":"B","date":"2018-03-16T05:48:28.000Z","volume":18000,"price":2.38,"category":"bbear"},{"type":"B","date":"2018-03-16T05:48:28.000Z","volume":16000,"price":2.38,"category":"bbear"},{"type":"B","date":"2018-03-16T05:47:30.000Z","volume":14000,"price":2.38,"category":"bbear"},{"type":"B","date":"2018-03-16T05:47:30.000Z","volume":18000,"price":2.38,"category":"bbear"},{"type":"B","date":"2018-03-16T05:46:52.000Z","volume":8000,"price":2.38,"category":"bbear"},{"type":"B","date":"2018-03-16T05:46:32.000Z","volume":16000,"price":2.38,"category":"bbear"},{"type":"B","date":"2018-03-16T05:46:32.000Z","volume":18000,"price":2.38,"category":"bbear"},{"type":"B","date":"2018-03-16T05:45:34.000Z","volume":18000,"price":2.38,"category":"bbear"},{"type":"B","date":"2018-03-16T05:45:34.000Z","volume":14000,"price":2.38,"category":"bbear"},{"type":"B","date":"2018-03-16T05:44:36.000Z","volume":16000,"price":2.38,"category":"bbear"},{"type":"B","date":"2018-03-16T05:44:36.000Z","volume":20000,"price":2.38,"category":"bbear"},{"type":"B","date":"2018-03-16T05:43:38.000Z","volume":18000,"price":2.38,"category":"bbear"},{"type":"B","date":"2018-03-16T05:43:38.000Z","volume":14000,"price":2.38,"category":"bbear"},{"type":"B","date":"2018-03-16T05:42:40.000Z","volume":16000,"price":2.38,"category":"bbear"},{"type":"B","date":"2018-03-16T05:42:40.000Z","volume":18000,"price":2.38,"category":"bbear"},{"type":"B","date":"2018-03-16T05:42:02.000Z","volume":8000,"price":2.38,"category":"bbear"},{"type":"B","date":"2018-03-16T05:41:41.000Z","volume":18000,"price":2.38,"category":"bbear"},{"type":"B","date":"2018-03-16T05:41:41.000Z","volume":14000,"price":2.38,"category":"bbear"},{"type":"B","date":"2018-03-16T05:40:44.000Z","volume":18000,"price":2.38,"category":"bbear"},{"type":"B","date":"2018-03-16T05:40:43.000Z","volume":16000,"price":2.38,"category":"bbear"},{"type":"B","date":"2018-03-16T05:39:45.000Z","volume":18000,"price":2.38,"category":"bbear"},{"type":"B","date":"2018-03-16T05:39:45.000Z","volume":14000,"price":2.38,"category":"bbear"},{"type":"B","date":"2018-03-16T05:38:47.000Z","volume":20000,"price":2.38,"category":"bbear"},{"type":"B","date":"2018-03-16T05:38:47.000Z","volume":16000,"price":2.38,"category":"bbear"},{"type":"B","date":"2018-03-16T05:37:49.000Z","volume":18000,"price":2.38,"category":"bbear"},{"type":"B","date":"2018-03-16T05:37:48.000Z","volume":14000,"price":2.38,"category":"bbear"},{"type":"B","date":"2018-03-16T05:36:50.000Z","volume":18000,"price":2.39,"category":"bbear"},{"type":"B","date":"2018-03-16T05:36:50.000Z","volume":16000,"price":2.39,"category":"bbear"},{"type":"B","date":"2018-03-16T05:35:53.000Z","volume":8000,"price":2.39,"category":"bbear"},{"type":"B","date":"2018-03-16T05:35:51.000Z","volume":14000,"price":2.39,"category":"bbear"},{"type":"B","date":"2018-03-16T05:34:27.000Z","volume":8000,"price":2.39,"category":"bbear"},{"type":"B","date":"2018-03-16T05:34:12.000Z","volume":8000,"price":2.39,"category":"bbear"},{"type":"B","date":"2018-03-16T05:33:55.000Z","volume":18000,"price":2.39,"category":"bbear"},{"type":"B","date":"2018-03-16T05:33:55.000Z","volume":14000,"price":2.39,"category":"bbear"},{"type":"B","date":"2018-03-16T05:31:59.000Z","volume":14000,"price":2.39,"category":"bbear"},{"type":"B","date":"2018-03-16T05:31:18.000Z","volume":8000,"price":2.39,"category":"bbear"},{"type":"B","date":"2018-03-16T05:29:03.000Z","volume":18000,"price":2.39,"category":"bbear"},{"type":"B","date":"2018-03-16T05:29:03.000Z","volume":14000,"price":2.39,"category":"bbear"},{"type":"B","date":"2018-03-16T05:28:24.000Z","volume":8000,"price":2.39,"category":"bbear"},{"type":"B","date":"2018-03-16T05:27:10.000Z","volume":16000,"price":2.39,"category":"bbear"},{"type":"B","date":"2018-03-16T05:26:57.000Z","volume":8000,"price":2.39,"category":"bbear"},{"type":"B","date":"2018-03-16T05:26:09.000Z","volume":18000,"price":2.39,"category":"bbear"},{"type":"B","date":"2018-03-16T05:26:09.000Z","volume":14000,"price":2.39,"category":"bbear"},{"type":"B","date":"2018-03-16T05:25:54.000Z","volume":8000,"price":2.39,"category":"bbear"},{"type":"B","date":"2018-03-16T05:25:39.000Z","volume":10000,"price":2.39,"category":"bbear"},{"type":"B","date":"2018-03-16T05:23:13.000Z","volume":14000,"price":2.39,"category":"bbear"},{"type":"B","date":"2018-03-16T05:23:13.000Z","volume":18000,"price":2.39,"category":"bbear"},{"type":"B","date":"2018-03-16T05:21:30.000Z","volume":8000,"price":2.39,"category":"bbear"}