[{"type":"A","date":"2018-03-13T07:59:00.000Z","volume":58000,"price":5.2,"category":"ubbull"},{"type":"A","date":"2018-03-13T07:49:56.000Z","volume":104000,"price":5.2,"category":"ubbull"},{"type":"A","date":"2018-03-13T07:37:43.000Z","volume":102000,"price":5.2,"category":"ubbull"},{"type":"A","date":"2018-03-13T07:30:38.000Z","volume":440000,"price":5.19,"category":"ubbull"},{"type":"A","date":"2018-03-13T07:30:38.000Z","volume":164000,"price":5.19,"category":"ubbull"},{"type":"A","date":"2018-03-13T07:28:43.000Z","volume":68000,"price":5.19,"category":"ubbull"},{"type":"A","date":"2018-03-13T07:26:37.000Z","volume":132000,"price":5.19,"category":"ubbull"},{"type":"A","date":"2018-03-13T07:15:44.000Z","volume":92000,"price":5.19,"category":"ubbull"},{"type":"A","date":"2018-03-13T07:12:06.000Z","volume":64000,"price":5.19,"category":"ubbull"},{"type":"A","date":"2018-03-13T06:54:44.000Z","volume":400000,"price":5.19,"category":"ubbull"},{"type":"A","date":"2018-03-13T06:43:25.000Z","volume":80000,"price":5.21,"category":"ubbull"},{"type":"A","date":"2018-03-13T06:32:19.000Z","volume":62000,"price":5.21,"category":"ubbull"},{"type":"A","date":"2018-03-13T06:09:22.000Z","volume":218000,"price":5.21,"category":"ubbull"},{"type":"A","date":"2018-03-13T06:09:22.000Z","volume":282000,"price":5.2,"category":"ubbull"},{"type":"A","date":"2018-03-13T05:45:19.000Z","volume":104000,"price":5.23,"category":"ubbull"},{"type":"A","date":"2018-03-13T05:45:08.000Z","volume":214000,"price":5.23,"category":"ubbull"},{"type":"A","date":"2018-03-13T05:41:59.000Z","volume":74000,"price":5.23,"category":"ubbull"},{"type":"A","date":"2018-03-13T05:37:55.000Z","volume":200000,"price":5.23,"category":"ubbull"},{"type":"A","date":"2018-03-13T05:08:59.000Z","volume":128000,"price":5.23,"category":"ubbull"},{"type":"A","date":"2018-03-13T05:06:16.000Z","volume":230000,"price":5.23,"category":"ubbull"},{"type":"A","date":"2018-03-13T03:59:38.000Z","volume":104000,"price":5.24,"category":"ubbull"},{"type":"A","date":"2018-03-13T03:51:15.000Z","volume":134000,"price":5.24,"category":"ubbull"},{"type":"A","date":"2018-03-13T03:40:14.000Z","volume":84000,"price":5.24,"category":"ubbull"},{"type":"A","date":"2018-03-13T03:36:29.000Z","volume":134000,"price":5.25,"category":"ubbull"},{"type":"A","date":"2018-03-13T03:36:29.000Z","volume":160000,"price":5.24,"category":"ubbull"},{"type":"A","date":"2018-03-13T03:34:13.000Z","volume":174000,"price":5.24,"category":"ubbull"},{"type":"A","date":"2018-03-13T03:28:41.000Z","volume":62000,"price":5.23,"category":"ubbull"},{"type":"A","date":"2018-03-13T03:24:17.000Z","volume":56000,"price":5.23,"category":"ubbull"},{"type":"A","date":"2018-03-13T03:20:35.000Z","volume":110000,"price":5.22,"category":"ubbull"},{"type":"A","date":"2018-03-13T03:20:35.000Z","volume":100000,"price":5.22,"category":"ubbull"},{"type":"A","date":"2018-03-13T03:18:09.000Z","volume":276000,"price":5.22,"category":"ubbull"},{"type":"A","date":"2018-03-13T03:18:09.000Z","volume":116000,"price":5.21,"category":"ubbull"},{"type":"A","date":"2018-03-13T03:17:33.000Z","volume":200000,"price":5.2,"category":"ubbull"},{"type":"A","date":"2018-03-13T03:17:33.000Z","volume":100000,"price":5.2,"category":"ubbull"},{"type":"A","date":"2018-03-13T03:15:37.000Z","volume":58000,"price":5.19,"category":"ubbull"},{"type":"A","date":"2018-03-13T03:13:16.000Z","volume":164000,"price":5.19,"category":"ubbull"},{"type":"A","date":"2018-03-13T03:13:16.000Z","volume":100000,"price":5.19,"category":"ubbull"},{"type":"A","date":"2018-03-13T03:12:45.000Z","volume":112000,"price":5.19,"category":"ubbull"},{"type":"A","date":"2018-03-13T03:11:40.000Z","volume":442000,"price":5.18,"category":"ubbull"},{"type":"A","date":"2018-03-13T03:06:43.000Z","volume":100000,"price":5.18,"category":"ubbull"},{"type":"A","date":"2018-03-13T02:43:52.000Z","volume":100000,"price":5.16,"category":"ubbull"},{"type":"A","date":"2018-03-13T02:43:18.000Z","volume":218000,"price":5.15,"category":"ubbull"},{"type":"A","date":"2018-03-13T02:35:57.000Z","volume":74000,"price":5.14,"category":"ubbull"},{"type":"A","date":"2018-03-13T02:35:57.000Z","volume":346000,"price":5.14,"category":"ubbull"},{"type":"A","date":"2018-03-13T02:32:45.000Z","volume":72000,"price":5.14,"category":"ubbull"},{"type":"A","date":"2018-03-13T02:32:31.000Z","volume":186000,"price":5.14,"category":"ubbull"},{"type":"A","date":"2018-03-13T02:26:28.000Z","volume":80000,"price":5.16,"category":"ubbull"},{"type":"A","date":"2018-03-13T02:23:25.000Z","volume":200000,"price":5.17,"category":"ubbull"},{"type":"A","date":"2018-03-13T02:18:00.000Z","volume":62000,"price":5.17,"category":"ubbull"},{"type":"A","date":"2018-03-13T02:15:41.000Z","volume":84000,"price":5.17,"category":"ubbull"},{"type":"A","date":"2018-03-13T02:15:40.000Z","volume":100000,"price":5.17,"category":"ubbull"},{"type":"A","date":"2018-03-13T02:09:57.000Z","volume":100000,"price":5.17,"category":"ubbull"},{"type":"A","date":"2018-03-13T02:06:11.000Z","volume":100000,"price":5.18,"category":"ubbull"},{"type":"A","date":"2018-03-13T02:05:09.000Z","volume":568000,"price":5.18,"category":"ubbull"},{"type":"A","date":"2018-03-13T01:53:27.000Z","volume":456000,"price":5.2,"category":"ubbull"},{"type":"A","date":"2018-03-13T01:51:21.000Z","volume":130000,"price":5.2,"category":"ubbull"},{"type":"A","date":"2018-03-13T01:50:11.000Z","volume":76000,"price":5.2,"category":"ubbull"},{"type":"A","date":"2018-03-13T01:46:44.000Z","volume":100000,"price":5.2,"category":"ubbull"},{"type":"A","date":"2018-03-13T01:46:21.000Z","volume":118000,"price":5.2,"category":"ubbull"},{"type":"A","date":"2018-03-13T01:44:17.000Z","volume":202000,"price":5.2,"category":"ubbull"},{"type":"A","date":"2018-03-13T01:41:06.000Z","volume":424000,"price":5.2,"category":"ubbull"},{"type":"A","date":"2018-03-13T01:40:36.000Z","volume":350000,"price":5.2,"category":"ubbull"},{"type":"A","date":"2018-03-13T01:37:12.000Z","volume":56000,"price":5.21,"category":"ubbull"},{"type":"A","date":"2018-03-13T01:37:12.000Z","volume":112000,"price":5.21,"category":"ubbull"},{"type":"A","date":"2018-03-13T01:37:12.000Z","volume":246000,"price":5.2,"category":"ubbull"},{"type":"A","date":"2018-03-13T01:37:10.000Z","volume":58000,"price":5.19,"category":"ubbull"},{"type":"A","date":"2018-03-13T01:37:10.000Z","volume":254000,"price":5.19,"category":"ubbull"},{"type":"A","date":"2018-03-13T01:37:10.000Z","volume":178000,"price":5.19,"category":"ubbull"},{"type":"A","date":"2018-03-13T01:33:51.000Z","volume":60000,"price":5.18,"category":"ubbull"},{"type":"A","date":"2018-03-13T01:33:51.000Z","volume":208000,"price":5.17,"category":"ubbull"},{"type":"A","date":"2018-03-13T01:33:51.000Z","volume":358000,"price":5.17,"category":"ubbull"},{"type":"A","date":"2018-03-13T07:59:32.000Z","volume":20000,"price":5.2,"category":"bbull"},{"type":"A","date":"2018-03-13T07:59:21.000Z","volume":34000,"price":5.2,"category":"bbull"},{"type":"A","date":"2018-03-13T07:59:03.000Z","volume":22000,"price":5.2,"category":"bbull"},{"type":"A","date":"2018-03-13T07:56:20.000Z","volume":20000,"price":5.2,"category":"bbull"},{"type":"A","date":"2018-03-13T07:55:06.000Z","volume":28000,"price":5.2,"category":"bbull"},{"type":"A","date":"2018-03-13T07:51:32.000Z","volume":20000,"price":5.2,"category":"bbull"},{"type":"A","date":"2018-03-13T07:50:36.000Z","volume":34000,"price":5.2,"category":"bbull"},{"type":"A","date":"2018-03-13T07:49:22.000Z","volume":44000,"price":5.2,"category":"bbull"},{"type":"A","date":"2018-03-13T07:46:22.000Z","volume":44000,"price":5.2,"category":"bbull"},{"type":"A","date":"2018-03-13T07:44:36.000Z","volume":32000,"price":5.2,"category":"bbull"},{"type":"A","date":"2018-03-13T07:44:30.000Z","volume":24000,"price":5.2,"category":"bbull"},{"type":"A","date":"2018-03-13T07:43:37.000Z","volume":44000,"price":5.2,"category":"bbull"},{"type":"A","date":"2018-03-13T07:40:37.000Z","volume":44000,"price":5.2,"category":"bbull"},{"type":"A","date":"2018-03-13T07:38:36.000Z","volume":32000,"price":5.2,"category":"bbull"},{"type":"A","date":"2018-03-13T07:37:37.000Z","volume":44000,"price":5.2,"category":"bbull"},{"type":"A","date":"2018-03-13T07:34:37.000Z","volume":44000,"price":5.2,"category":"bbull"},{"type":"A","date":"2018-03-13T07:32:36.000Z","volume":32000,"price":5.2,"category":"bbull"},{"type":"A","date":"2018-03-13T07:31:37.000Z","volume":42000,"price":5.2,"category":"bbull"},{"type":"A","date":"2018-03-13T07:29:27.000Z","volume":30000,"price":5.19,"category":"bbull"},{"type":"A","date":"2018-03-13T07:29:11.000Z","volume":20000,"price":5.19,"category":"bbull"},{"type":"A","date":"2018-03-13T07:28:37.000Z","volume":36000,"price":5.19,"category":"bbull"},{"type":"A","date":"2018-03-13T07:28:02.000Z","volume":20000,"price":5.19,"category":"bbull"},{"type":"A","date":"2018-03-13T07:27:51.000Z","volume":50000,"price":5.19,"category":"bbull"},{"type":"A","date":"2018-03-13T07:26:36.000Z","volume":32000,"price":5.19,"category":"bbull"},{"type":"A","date":"2018-03-13T07:21:10.000Z","volume":32000,"price":5.19,"category":"bbull"},{"type":"A","date":"2018-03-13T07:20:36.000Z","volume":32000,"price":5.19,"category":"bbull"},{"type":"A","date":"2018-03-13T07:14:36.000Z","volume":28000,"price":5.19,"category":"bbull"},{"type":"A","date":"2018-03-13T07:11:52.000Z","volume":30000,"price":5.19,"category":"bbull"},{"type":"A","date":"2018-03-13T07:08:36.000Z","volume":32000,"price":5.19,"category":"bbull"},{"type":"A","date":"2018-03-13T07:02:36.000Z","volume":32000,"price":5.19,"category":"bbull"},{"type":"A","date":"2018-03-13T06:58:14.000Z","volume":28000,"price":5.19,"category":"bbull"},{"type":"A","date":"2018-03-13T06:47:52.000Z","volume":30000,"price":5.2,"category":"bbull"},{"type":"A","date":"2018-03-13T06:44:36.000Z","volume":32000,"price":5.21,"category":"bbull"},{"type":"A","date":"2018-03-13T06:38:36.000Z","volume":32000,"price":5.21,"category":"bbull"},{"type":"A","date":"2018-03-13T06:32:36.000Z","volume":34000,"price":5.21,"category":"bbull"},{"type":"A","date":"2018-03-13T06:26:36.000Z","volume":32000,"price":5.21,"category":"bbull"},{"type":"A","date":"2018-03-13T06:24:56.000Z","volume":22000,"price":5.21,"category":"bbull"},{"type":"A","date":"2018-03-13T06:22:31.000Z","volume":48000,"price":5.21,"category":"bbull"},{"type":"A","date":"2018-03-13T06:20:36.000Z","volume":32000,"price":5.21,"category":"bbull"},{"type":"A","date":"2018-03-13T06:17:08.000Z","volume":26000,"price":5.21,"category":"bbull"},{"type":"A","date":"2018-03-13T06:09:22.000Z","volume":24000,"price":5.2,"category":"bbull"},{"type":"A","date":"2018-03-13T06:02:36.000Z","volume":32000,"price":5.23,"category":"bbull"},{"type":"A","date":"2018-03-13T05:45:26.000Z","volume":42000,"price":5.23,"category":"bbull"},{"type":"A","date":"2018-03-13T05:45:08.000Z","volume":38000,"price":5.23,"category":"bbull"},{"type":"A","date":"2018-03-13T05:44:41.000Z","volume":22000,"price":5.23,"category":"bbull"},{"type":"A","date":"2018-03-13T05:44:40.000Z","volume":46000,"price":5.23,"category":"bbull"},{"type":"A","date":"2018-03-13T05:32:16.000Z","volume":36000,"price":5.23,"category":"bbull"},{"type":"A","date":"2018-03-13T05:19:36.000Z","volume":20000,"price":5.23,"category":"bbull"},{"type":"A","date":"2018-03-13T05:17:23.000Z","volume":20000,"price":5.23,"category":"bbull"},{"type":"A","date":"2018-03-13T05:16:48.000Z","volume":42000,"price":5.23,"category":"bbull"},{"type":"A","date":"2018-03-13T05:12:00.000Z","volume":36000,"price":5.23,"category":"bbull"},{"type":"A","date":"2018-03-13T05:10:57.000Z","volume":40000,"price":5.23,"category":"bbull"},{"type":"A","date":"2018-03-13T05:06:16.000Z","volume":44000,"price":5.23,"category":"bbull"},{"type":"A","date":"2018-03-13T05:03:51.000Z","volume":22000,"price":5.23,"category":"bbull"},{"type":"A","date":"2018-03-13T03:55:21.000Z","volume":28000,"price":5.24,"category":"bbull"},{"type":"A","date":"2018-03-13T03:54:51.000Z","volume":20000,"price":5.24,"category":"bbull"},{"type":"A","date":"2018-03-13T03:48:12.000Z","volume":24000,"price":5.24,"category":"bbull"},{"type":"A","date":"2018-03-13T03:42:17.000Z","volume":30000,"price":5.24,"category":"bbull"},{"type":"A","date":"2018-03-13T03:42:17.000Z","volume":50000,"price":5.24,"category":"bbull"},{"type":"A","date":"2018-03-13T03:38:30.000Z","volume":46000,"price":5.24,"category":"bbull"},{"type":"A","date":"2018-03-13T03:35:28.000Z","volume":52000,"price":5.24,"category":"bbull"},{"type":"A","date":"2018-03-13T03:33:30.000Z","volume":52000,"price":5.24,"category":"bbull"},{"type":"A","date":"2018-03-13T03:27:54.000Z","volume":38000,"price":5.23,"category":"bbull"},{"type":"A","date":"2018-03-13T03:27:14.000Z","volume":30000,"price":5.23,"category":"bbull"},{"type":"A","date":"2018-03-13T03:26:34.000Z","volume":24000,"price":5.23,"category":"bbull"},{"type":"A","date":"2018-03-13T03:26:16.000Z","volume":34000,"price":5.23,"category":"bbull"},{"type":"A","date":"2018-03-13T03:24:34.000Z","volume":20000,"price":5.23,"category":"bbull"},{"type":"A","date":"2018-03-13T03:24:06.000Z","volume":26000,"price":5.22,"category":"bbull"},{"type":"A","date":"2018-03-13T03:22:17.000Z","volume":20000,"price":5.22,"category":"bbull"},{"type":"A","date":"2018-03-13T03:21:48.000Z","volume":30000,"price":5.22,"category":"bbull"},{"type":"A","date":"2018-03-13T03:17:33.000Z","volume":32000,"price":5.2,"category":"bbull"},{"type":"A","date":"2018-03-13T03:12:29.000Z","volume":34000,"price":5.19,"category":"bbull"},{"type":"A","date":"2018-03-13T03:10:42.000Z","volume":50000,"price":5.18,"category":"bbull"},{"type":"A","date":"2018-03-13T02:52:30.000Z","volume":20000,"price":5.18,"category":"bbull"},{"type":"A","date":"2018-03-13T02:50:38.000Z","volume":50000,"price":5.18,"category":"bbull"},{"type":"A","date":"2018-03-13T02:44:43.000Z","volume":26000,"price":5.17,"category":"bbull"},{"type":"A","date":"2018-03-13T02:44:13.000Z","volume":50000,"price":5.17,"category":"bbull"},{"type":"A","date":"2018-03-13T02:43:32.000Z","volume":50000,"price":5.16,"category":"bbull"},{"type":"A","date":"2018-03-13T02:43:19.000Z","volume":22000,"price":5.16,"category":"bbull"},{"type":"A","date":"2018-03-13T02:35:09.000Z","volume":20000,"price":5.14,"category":"bbull"},{"type":"A","date":"2018-03-13T02:34:20.000Z","volume":20000,"price":5.14,"category":"bbull"},{"type":"A","date":"2018-03-13T02:33:16.000Z","volume":40000,"price":5.14,"category":"bbull"},{"type":"A","date":"2018-03-13T02:32:45.000Z","volume":48000,"price":5.14,"category":"bbull"},{"type":"A","date":"2018-03-13T02:32:44.000Z","volume":50000,"price":5.14,"category":"bbull"},{"type":"A","date":"2018-03-13T02:29:06.000Z","volume":20000,"price":5.16,"category":"bbull"},{"type":"A","date":"2018-03-13T02:27:19.000Z","volume":20000,"price":5.16,"category":"bbull"},{"type":"A","date":"2018-03-13T02:17:50.000Z","volume":44000,"price":5.17,"category":"bbull"},{"type":"A","date":"2018-03-13T02:16:05.000Z","volume":48000,"price":5.17,"category":"bbull"},{"type":"A","date":"2018-03-13T02:16:05.000Z","volume":34000,"price":5.17,"category":"bbull"},{"type":"A","date":"2018-03-13T02:16:05.000Z","volume":52000,"price":5.17,"category":"bbull"},{"type":"A","date":"2018-03-13T02:16:05.000Z","volume":30000,"price":5.17,"category":"bbull"},{"type":"A","date":"2018-03-13T02:15:41.000Z","volume":38000,"price":5.17,"category":"bbull"},{"type":"A","date":"2018-03-13T02:14:27.000Z","volume":48000,"price":5.17,"category":"bbull"},{"type":"A","date":"2018-03-13T02:13:49.000Z","volume":38000,"price":5.17,"category":"bbull"},{"type":"A","date":"2018-03-13T02:09:57.000Z","volume":54000,"price":5.17,"category":"bbull"},{"type":"A","date":"2018-03-13T02:07:25.000Z","volume":40000,"price":5.18,"category":"bbull"},{"type":"A","date":"2018-03-13T02:06:12.000Z","volume":44000,"price":5.18,"category":"bbull"},{"type":"A","date":"2018-03-13T02:05:15.000Z","volume":50000,"price":5.18,"category":"bbull"},{"type":"A","date":"2018-03-13T02:04:58.000Z","volume":20000,"price":5.18,"category":"bbull"},{"type":"A","date":"2018-03-13T01:53:27.000Z","volume":38000,"price":5.2,"category":"bbull"},{"type":"A","date":"2018-03-13T01:53:27.000Z","volume":44000,"price":5.2,"category":"bbull"},{"type":"A","date":"2018-03-13T01:53:05.000Z","volume":50000,"price":5.2,"category":"bbull"},{"type":"A","date":"2018-03-13T01:50:26.000Z","volume":34000,"price":5.2,"category":"bbull"},{"type":"A","date":"2018-03-13T01:50:11.000Z","volume":24000,"price":5.2,"category":"bbull"},{"type":"A","date":"2018-03-13T01:46:44.000Z","volume":24000,"price":5.2,"category":"bbull"},{"type":"A","date":"2018-03-13T01:46:29.000Z","volume":30000,"price":5.2,"category":"bbull"},{"type":"A","date":"2018-03-13T01:44:36.000Z","volume":50000,"price":5.2,"category":"bbull"},{"type":"A","date":"2018-03-13T01:44:07.000Z","volume":20000,"price":5.2,"category":"bbull"},{"type":"A","date":"2018-03-13T01:42:15.000Z","volume":20000,"price":5.2,"category":"bbull"},{"type":"A","date":"2018-03-13T01:41:40.000Z","volume":20000,"price":5.2,"category":"bbull"},{"type":"A","date":"2018-03-13T01:37:13.000Z","volume":24000,"price":5.22,"category":"bbull"},{"type":"A","date":"2018-03-13T01:32:03.000Z","volume":30000,"price":5.17,"category":"bbull"},{"type":"A","date":"2018-03-13T01:31:51.000Z","volume":28000,"price":5.17,"category":"bbull"},{"type":"A","date":"2018-03-13T07:59:58.000Z","volume":2000,"price":5.2,"category":"rbull"},{"type":"A","date":"2018-03-13T07:59:54.000Z","volume":2000,"price":5.2,"category":"rbull"},{"type":"A","date":"2018-03-13T07:59:53.000Z","volume":2000,"price":5.2,"category":"rbull"},{"type":"A","date":"2018-03-13T07:59:46.000Z","volume":2000,"price":5.2,"category":"rbull"},{"type":"A","date":"2018-03-13T07:59:45.000Z","volume":2000,"price":5.2,"category":"rbull"},{"type":"A","date":"2018-03-13T07:59:40.000Z","volume":2000,"price":5.2,"category":"rbull"},{"type":"A","date":"2018-03-13T07:59:36.000Z","volume":2000,"price":5.2,"category":"rbull"},{"type":"A","date":"2018-03-13T07:59:31.000Z","volume":2000,"price":5.2,"category":"rbull"},{"type":"A","date":"2018-03-13T07:59:25.000Z","volume":2000,"price":5.2,"category":"rbull"},{"type":"A","date":"2018-03-13T07:59:12.000Z","volume":2000,"price":5.2,"category":"rbull"},{"type":"A","date":"2018-03-13T07:59:11.000Z","volume":2000,"price":5.2,"category":"rbull"},{"type":"A","date":"2018-03-13T07:59:06.000Z","volume":2000,"price":5.2,"category":"rbull"},{"type":"A","date":"2018-03-13T07:59:03.000Z","volume":2000,"price":5.2,"category":"rbull"},{"type":"A","date":"2018-03-13T07:57:29.000Z","volume":2000,"price":5.2,"category":"rbull"},{"type":"A","date":"2018-03-13T07:56:19.000Z","volume":2000,"price":5.2,"category":"rbull"},{"type":"A","date":"2018-03-13T07:55:08.000Z","volume":2000,"price":5.2,"category":"rbull"},{"type":"A","date":"2018-03-13T07:54:53.000Z","volume":2000,"price":5.2,"category":"rbull"},{"type":"A","date":"2018-03-13T07:53:55.000Z","volume":2000,"price":5.2,"category":"rbull"},{"type":"A","date":"2018-03-13T07:51:45.000Z","volume":2000,"price":5.2,"category":"rbull"},{"type":"A","date":"2018-03-13T07:51:41.000Z","volume":2000,"price":5.2,"category":"rbull"},{"type":"A","date":"2018-03-13T07:49:53.000Z","volume":2000,"price":5.2,"category":"rbull"},{"type":"A","date":"2018-03-13T07:49:49.000Z","volume":2000,"price":5.2,"category":"rbull"},{"type":"A","date":"2018-03-13T07:48:54.000Z","volume":2000,"price":5.2,"category":"rbull"},{"type":"A","date":"2018-03-13T07:48:28.000Z","volume":2000,"price":5.2,"category":"rbull"},{"type":"A","date":"2018-03-13T07:44:30.000Z","volume":2000,"price":5.2,"category":"rbull"},{"type":"A","date":"2018-03-13T07:43:30.000Z","volume":2000,"price":5.2,"category":"rbull"},{"type":"A","date":"2018-03-13T07:43:12.000Z","volume":2000,"price":5.2,"category":"rbull"},{"type":"A","date":"2018-03-13T07:42:32.000Z","volume":2000,"price":5.2,"category":"rbull"},{"type":"A","date":"2018-03-13T07:38:26.000Z","volume":2000,"price":5.2,"category":"rbull"},{"type":"A","date":"2018-03-13T07:37:49.000Z","volume":2000,"price":5.2,"category":"rbull"},{"type":"A","date":"2018-03-13T07:36:12.000Z","volume":2000,"price":5.2,"category":"rbull"},{"type":"A","date":"2018-03-13T07:35:52.000Z","volume":2000,"price":5.2,"category":"rbull"},{"type":"A","date":"2018-03-13T07:33:46.000Z","volume":2000,"price":5.2,"category":"rbull"},{"type":"A","date":"2018-03-13T07:33:44.000Z","volume":2000,"price":5.2,"category":"rbull"},{"type":"A","date":"2018-03-13T07:31:37.000Z","volume":2000,"price":5.2,"category":"rbull"},{"type":"A","date":"2018-03-13T07:30:05.000Z","volume":2000,"price":5.19,"category":"rbull"},{"type":"A","date":"2018-03-13T07:29:27.000Z","volume":2000,"price":5.19,"category":"rbull"},{"type":"A","date":"2018-03-13T07:26:43.000Z","volume":2000,"price":5.19,"category":"rbull"},{"type":"A","date":"2018-03-13T07:26:14.000Z","volume":2000,"price":5.19,"category":"rbull"},{"type":"A","date":"2018-03-13T07:25:58.000Z","volume":2000,"price":5.19,"category":"rbull"},{"type":"A","date":"2018-03-13T07:25:25.000Z","volume":2000,"price":5.19,"category":"rbull"},{"type":"A","date":"2018-03-13T07:22:17.000Z","volume":2000,"price":5.19,"category":"rbull"},{"type":"A","date":"2018-03-13T07:21:43.000Z","volume":2000,"price":5.19,"category":"rbull"},{"type":"A","date":"2018-03-13T07:21:33.000Z","volume":2000,"price":5.19,"category":"rbull"},{"type":"A","date":"2018-03-13T07:21:12.000Z","volume":2000,"price":5.19,"category":"rbull"},{"type":"A","date":"2018-03-13T07:20:56.000Z","volume":2000,"price":5.19,"category":"rbull"},{"type":"A","date":"2018-03-13T07:16:42.000Z","volume":2000,"price":5.19,"category":"rbull"},{"type":"A","date":"2018-03-13T07:16:11.000Z","volume":2000,"price":5.19,"category":"rbull"},{"type":"A","date":"2018-03-13T07:15:56.000Z","volume":2000,"price":5.19,"category":"rbull"},{"type":"A","date":"2018-03-13T07:11:51.000Z","volume":2000,"price":5.19,"category":"rbull"},{"type":"A","date":"2018-03-13T07:11:40.000Z","volume":2000,"price":5.19,"category":"rbull"},{"type":"A","date":"2018-03-13T07:11:10.000Z","volume":2000,"price":5.19,"category":"rbull"},{"type":"A","date":"2018-03-13T07:10:55.000Z","volume":2000,"price":5.19,"category":"rbull"},{"type":"A","date":"2018-03-13T07:09:32.000Z","volume":2000,"price":5.19,"category":"rbull"},{"type":"A","date":"2018-03-13T07:06:39.000Z","volume":2000,"price":5.19,"category":"rbull"},{"type":"A","date":"2018-03-13T07:06:09.000Z","volume":2000,"price":5.19,"category":"rbull"},{"type":"A","date":"2018-03-13T07:05:54.000Z","volume":2000,"price":5.19,"category":"rbull"},{"type":"A","date":"2018-03-13T07:01:38.000Z","volume":2000,"price":5.19,"category":"rbull"},{"type":"A","date":"2018-03-13T07:01:07.000Z","volume":2000,"price":5.19,"category":"rbull"},{"type":"A","date":"2018-03-13T07:00:52.000Z","volume":2000,"price":5.19,"category":"rbull"},{"type":"A","date":"2018-03-13T06:59:21.000Z","volume":2000,"price":5.19,"category":"rbull"},{"type":"A","date":"2018-03-13T06:56:37.000Z","volume":2000,"price":5.19,"category":"rbull"},{"type":"A","date":"2018-03-13T06:56:06.000Z","volume":2000,"price":5.19,"category":"rbull"},{"type":"A","date":"2018-03-13T06:55:50.000Z","volume":2000,"price":5.19,"category":"rbull"},{"type":"A","date":"2018-03-13T06:51:35.000Z","volume":2000,"price":5.19,"category":"rbull"},{"type":"A","date":"2018-03-13T06:51:05.000Z","volume":2000,"price":5.19,"category":"rbull"},{"type":"A","date":"2018-03-13T06:50:50.000Z","volume":2000,"price":5.19,"category":"rbull"},{"type":"A","date":"2018-03-13T06:46:34.000Z","volume":2000,"price":5.21,"category":"rbull"},{"type":"A","date":"2018-03-13T06:46:04.000Z","volume":2000,"price":5.21,"category":"rbull"},{"type":"A","date":"2018-03-13T06:45:49.000Z","volume":2000,"price":5.21,"category":"rbull"},{"type":"A","date":"2018-03-13T06:42:11.000Z","volume":2000,"price":5.21,"category":"rbull"},{"type":"A","date":"2018-03-13T06:41:32.000Z","volume":2000,"price":5.21,"category":"rbull"},{"type":"A","date":"2018-03-13T06:41:02.000Z","volume":2000,"price":5.21,"category":"rbull"},{"type":"A","date":"2018-03-13T06:40:48.000Z","volume":2000,"price":5.21,"category":"rbull"},{"type":"A","date":"2018-03-13T06:37:41.000Z","volume":2000,"price":5.21,"category":"rbull"},{"type":"A","date":"2018-03-13T06:36:31.000Z","volume":2000,"price":5.21,"category":"rbull"},{"type":"A","date":"2018-03-13T06:36:01.000Z","volume":2000,"price":5.21,"category":"rbull"},{"type":"A","date":"2018-03-13T06:35:46.000Z","volume":2000,"price":5.21,"category":"rbull"},{"type":"A","date":"2018-03-13T06:31:30.000Z","volume":2000,"price":5.21,"category":"rbull"},{"type":"A","date":"2018-03-13T06:31:01.000Z","volume":2000,"price":5.21,"category":"rbull"},{"type":"A","date":"2018-03-13T06:30:45.000Z","volume":2000,"price":5.21,"category":"rbull"},{"type":"A","date":"2018-03-13T06:28:19.000Z","volume":2000,"price":5.21,"category":"rbull"},{"type":"A","date":"2018-03-13T06:26:29.000Z","volume":2000,"price":5.21,"category":"rbull"},{"type":"A","date":"2018-03-13T06:25:58.000Z","volume":2000,"price":5.21,"category":"rbull"},{"type":"A","date":"2018-03-13T06:25:44.000Z","volume":2000,"price":5.21,"category":"rbull"},{"type":"A","date":"2018-03-13T06:21:27.000Z","volume":2000,"price":5.21,"category":"rbull"},{"type":"A","date":"2018-03-13T06:20:57.000Z","volume":2000,"price":5.21,"category":"rbull"},{"type":"A","date":"2018-03-13T06:20:43.000Z","volume":2000,"price":5.21,"category":"rbull"},{"type":"A","date":"2018-03-13T06:16:26.000Z","volume":2000,"price":5.21,"category":"rbull"},{"type":"A","date":"2018-03-13T06:15:56.000Z","volume":2000,"price":5.21,"category":"rbull"},{"type":"A","date":"2018-03-13T06:15:42.000Z","volume":2000,"price":5.21,"category":"rbull"},{"type":"A","date":"2018-03-13T06:11:10.000Z","volume":2000,"price":5.21,"category":"rbull"},{"type":"A","date":"2018-03-13T06:10:40.000Z","volume":2000,"price":5.21,"category":"rbull"},{"type":"A","date":"2018-03-13T06:10:26.000Z","volume":2000,"price":5.21,"category":"rbull"},{"type":"A","date":"2018-03-13T06:06:09.000Z","volume":2000,"price":5.23,"category":"rbull"},{"type":"A","date":"2018-03-13T06:05:39.000Z","volume":2000,"price":5.23,"category":"rbull"},{"type":"A","date":"2018-03-13T06:05:24.000Z","volume":2000,"price":5.23,"category":"rbull"},{"type":"A","date":"2018-03-13T06:01:08.000Z","volume":2000,"price":5.23,"category":"rbull"},{"type":"A","date":"2018-03-13T06:00:38.000Z","volume":2000,"price":5.23,"category":"rbull"},{"type":"A","date":"2018-03-13T06:00:23.000Z","volume":2000,"price":5.23,"category":"rbull"},{"type":"A","date":"2018-03-13T05:59:01.000Z","volume":2000,"price":5.23,"category":"rbull"},{"type":"A","date":"2018-03-13T05:58:22.000Z","volume":2000,"price":5.23,"category":"rbull"},{"type":"A","date":"2018-03-13T05:57:56.000Z","volume":2000,"price":5.23,"category":"rbull"},{"type":"A","date":"2018-03-13T05:56:45.000Z","volume":2000,"price":5.23,"category":"rbull"},{"type":"A","date":"2018-03-13T05:56:07.000Z","volume":2000,"price":5.23,"category":"rbull"},{"type":"A","date":"2018-03-13T05:55:37.000Z","volume":2000,"price":5.23,"category":"rbull"},{"type":"A","date":"2018-03-13T05:55:34.000Z","volume":2000,"price":5.23,"category":"rbull"},{"type":"A","date":"2018-03-13T05:55:23.000Z","volume":2000,"price":5.23,"category":"rbull"},{"type":"A","date":"2018-03-13T05:54:31.000Z","volume":2000,"price":5.23,"category":"rbull"},{"type":"A","date":"2018-03-13T05:53:36.000Z","volume":2000,"price":5.23,"category":"rbull"},{"type":"A","date":"2018-03-13T05:53:14.000Z","volume":2000,"price":5.23,"category":"rbull"},{"type":"A","date":"2018-03-13T05:51:23.000Z","volume":2000,"price":5.24,"category":"rbull"},{"type":"A","date":"2018-03-13T05:51:05.000Z","volume":2000,"price":5.24,"category":"rbull"},{"type":"A","date":"2018-03-13T05:50:35.000Z","volume":2000,"price":5.24,"category":"rbull"},{"type":"A","date":"2018-03-13T05:50:21.000Z","volume":2000,"price":5.24,"category":"rbull"},{"type":"A","date":"2018-03-13T05:49:24.000Z","volume":2000,"price":5.24,"category":"rbull"},{"type":"A","date":"2018-03-13T05:47:24.000Z","volume":2000,"price":5.24,"category":"rbull"},{"type":"A","date":"2018-03-13T05:46:23.000Z","volume":2000,"price":5.24,"category":"rbull"},{"type":"A","date":"2018-03-13T05:46:04.000Z","volume":2000,"price":5.24,"category":"rbull"},{"type":"A","date":"2018-03-13T05:45:34.000Z","volume":2000,"price":5.24,"category":"rbull"},{"type":"A","date":"2018-03-13T05:45:23.000Z","volume":2000,"price":5.23,"category":"rbull"},{"type":"A","date":"2018-03-13T05:45:19.000Z","volume":2000,"price":5.23,"category":"rbull"},{"type":"A","date":"2018-03-13T05:45:19.000Z","volume":2000,"price":5.23,"category":"rbull"},{"type":"A","date":"2018-03-13T05:45:13.000Z","volume":2000,"price":5.23,"category":"rbull"},{"type":"A","date":"2018-03-13T05:45:01.000Z","volume":2000,"price":5.23,"category":"rbull"},{"type":"A","date":"2018-03-13T05:44:43.000Z","volume":2000,"price":5.23,"category":"rbull"},{"type":"A","date":"2018-03-13T05:44:23.000Z","volume":2000,"price":5.23,"category":"rbull"},{"type":"A","date":"2018-03-13T05:44:20.000Z","volume":2000,"price":5.23,"category":"rbull"},{"type":"A","date":"2018-03-13T05:44:19.000Z","volume":2000,"price":5.23,"category":"rbull"},{"type":"A","date":"2018-03-13T05:43:22.000Z","volume":2000,"price":5.23,"category":"rbull"},{"type":"A","date":"2018-03-13T05:42:22.000Z","volume":2000,"price":5.23,"category":"rbull"},{"type":"A","date":"2018-03-13T05:41:52.000Z","volume":2000,"price":5.23,"category":"rbull"},{"type":"A","date":"2018-03-13T05:41:22.000Z","volume":2000,"price":5.23,"category":"rbull"},{"type":"A","date":"2018-03-13T05:41:03.000Z","volume":2000,"price":5.23,"category":"rbull"},{"type":"A","date":"2018-03-13T05:40:33.000Z","volume":2000,"price":5.23,"category":"rbull"},{"type":"A","date":"2018-03-13T05:40:22.000Z","volume":2000,"price":5.23,"category":"rbull"},{"type":"A","date":"2018-03-13T05:40:20.000Z","volume":2000,"price":5.23,"category":"rbull"},{"type":"A","date":"2018-03-13T05:39:21.000Z","volume":2000,"price":5.23,"category":"rbull"},{"type":"A","date":"2018-03-13T05:37:21.000Z","volume":2000,"price":5.23,"category":"rbull"},{"type":"A","date":"2018-03-13T05:36:47.000Z","volume":2000,"price":5.23,"category":"rbull"},{"type":"A","date":"2018-03-13T05:36:20.000Z","volume":2000,"price":5.23,"category":"rbull"},{"type":"A","date":"2018-03-13T05:36:02.000Z","volume":2000,"price":5.23,"category":"rbull"},{"type":"A","date":"2018-03-13T05:35:32.000Z","volume":2000,"price":5.23,"category":"rbull"},{"type":"A","date":"2018-03-13T05:35:20.000Z","volume":2000,"price":5.23,"category":"rbull"},{"type":"A","date":"2018-03-13T05:35:18.000Z","volume":2000,"price":5.23,"category":"rbull"},{"type":"A","date":"2018-03-13T05:34:20.000Z","volume":2000,"price":5.23,"category":"rbull"},{"type":"A","date":"2018-03-13T05:33:20.000Z","volume":2000,"price":5.23,"category":"rbull"},{"type":"A","date":"2018-03-13T05:32:19.000Z","volume":2000,"price":5.23,"category":"rbull"},{"type":"A","date":"2018-03-13T05:31:19.000Z","volume":2000,"price":5.23,"category":"rbull"},{"type":"A","date":"2018-03-13T05:31:11.000Z","volume":2000,"price":5.23,"category":"rbull"},{"type":"A","date":"2018-03-13T05:31:00.000Z","volume":2000,"price":5.23,"category":"rbull"},{"type":"A","date":"2018-03-13T05:30:30.000Z","volume":2000,"price":5.23,"category":"rbull"},{"type":"A","date":"2018-03-13T05:30:18.000Z","volume":2000,"price":5.23,"category":"rbull"},{"type":"A","date":"2018-03-13T05:30:16.000Z","volume":2000,"price":5.23,"category":"rbull"},{"type":"A","date":"2018-03-13T05:29:18.000Z","volume":2000,"price":5.23,"category":"rbull"},{"type":"A","date":"2018-03-13T05:28:18.000Z","volume":2000,"price":5.23,"category":"rbull"},{"type":"A","date":"2018-03-13T05:28:13.000Z","volume":2000,"price":5.23,"category":"rbull"},{"type":"A","date":"2018-03-13T05:26:17.000Z","volume":2000,"price":5.23,"category":"rbull"},{"type":"A","date":"2018-03-13T05:25:59.000Z","volume":2000,"price":5.23,"category":"rbull"},{"type":"A","date":"2018-03-13T05:25:29.000Z","volume":2000,"price":5.23,"category":"rbull"},{"type":"A","date":"2018-03-13T05:25:17.000Z","volume":2000,"price":5.23,"category":"rbull"},{"type":"A","date":"2018-03-13T05:25:15.000Z","volume":2000,"price":5.23,"category":"rbull"},{"type":"A","date":"2018-03-13T05:24:16.000Z","volume":2000,"price":5.23,"category":"rbull"},{"type":"A","date":"2018-03-13T05:23:16.000Z","volume":2000,"price":5.23,"category":"rbull"},{"type":"A","date":"2018-03-13T05:22:16.000Z","volume":2000,"price":5.23,"category":"rbull"},{"type":"A","date":"2018-03-13T05:21:16.000Z","volume":2000,"price":5.23,"category":"rbull"},{"type":"A","date":"2018-03-13T05:20:58.000Z","volume":2000,"price":5.23,"category":"rbull"},{"type":"A","date":"2018-03-13T05:20:28.000Z","volume":2000,"price":5.23,"category":"rbull"},{"type":"A","date":"2018-03-13T05:20:16.000Z","volume":2000,"price":5.23,"category":"rbull"},{"type":"A","date":"2018-03-13T05:20:13.000Z","volume":2000,"price":5.23,"category":"rbull"},{"type":"A","date":"2018-03-13T05:19:27.000Z","volume":2000,"price":5.23,"category":"rbull"},{"type":"A","date":"2018-03-13T05:19:16.000Z","volume":2000,"price":5.23,"category":"rbull"},{"type":"A","date":"2018-03-13T05:18:16.000Z","volume":2000,"price":5.23,"category":"rbull"},{"type":"A","date":"2018-03-13T05:17:48.000Z","volume":2000,"price":5.23,"category":"rbull"},{"type":"A","date":"2018-03-13T05:17:15.000Z","volume":2000,"price":5.23,"category":"rbull"},{"type":"A","date":"2018-03-13T05:16:49.000Z","volume":2000,"price":5.23,"category":"rbull"},{"type":"A","date":"2018-03-13T05:16:15.000Z","volume":2000,"price":5.23,"category":"rbull"},{"type":"A","date":"2018-03-13T05:15:57.000Z","volume":2000,"price":5.23,"category":"rbull"},{"type":"A","date":"2018-03-13T05:15:28.000Z","volume":2000,"price":5.23,"category":"rbull"},{"type":"A","date":"2018-03-13T05:15:12.000Z","volume":2000,"price":5.23,"category":"rbull"},{"type":"A","date":"2018-03-13T05:14:41.000Z","volume":2000,"price":5.23,"category":"rbull"},{"type":"A","date":"2018-03-13T05:13:39.000Z","volume":2000,"price":5.23,"category":"rbull"},{"type":"A","date":"2018-03-13T05:12:37.000Z","volume":2000,"price":5.23,"category":"rbull"},{"type":"A","date":"2018-03-13T05:11:35.000Z","volume":2000,"price":5.23,"category":"rbull"},{"type":"A","date":"2018-03-13T05:10:56.000Z","volume":2000,"price":5.23,"category":"rbull"},{"type":"A","date":"2018-03-13T05:10:33.000Z","volume":2000,"price":5.23,"category":"rbull"},{"type":"A","date":"2018-03-13T05:10:26.000Z","volume":2000,"price":5.23,"category":"rbull"},{"type":"A","date":"2018-03-13T05:10:22.000Z","volume":2000,"price":5.23,"category":"rbull"},{"type":"A","date":"2018-03-13T05:10:12.000Z","volume":2000,"price":5.24,"category":"rbull"},{"type":"A","date":"2018-03-13T05:08:04.000Z","volume":2000,"price":5.23,"category":"rbull"},{"type":"A","date":"2018-03-13T05:05:57.000Z","volume":2000,"price":5.23,"category":"rbull"},{"type":"A","date":"2018-03-13T05:05:44.000Z","volume":2000,"price":5.23,"category":"rbull"},{"type":"A","date":"2018-03-13T05:05:25.000Z","volume":2000,"price":5.23,"category":"rbull"},{"type":"A","date":"2018-03-13T05:05:11.000Z","volume":2000,"price":5.23,"category":"rbull"},{"type":"A","date":"2018-03-13T05:04:36.000Z","volume":2000,"price":5.23,"category":"rbull"},{"type":"A","date":"2018-03-13T05:03:56.000Z","volume":2000,"price":5.23,"category":"rbull"},{"type":"A","date":"2018-03-13T05:03:15.000Z","volume":2000,"price":5.23,"category":"rbull"},{"type":"A","date":"2018-03-13T05:02:56.000Z","volume":2000,"price":5.23,"category":"rbull"},{"type":"A","date":"2018-03-13T05:00:53.000Z","volume":2000,"price":5.24,"category":"rbull"},{"type":"A","date":"2018-03-13T05:00:23.000Z","volume":2000,"price":5.24,"category":"rbull"},{"type":"A","date":"2018-03-13T05:00:09.000Z","volume":2000,"price":5.24,"category":"rbull"},{"type":"A","date":"2018-03-13T05:00:02.000Z","volume":2000,"price":5.24,"category":"rbull"},{"type":"A","date":"2018-03-13T05:00:00.000Z","volume":2000,"price":5.24,"category":"rbull"},{"type":"A","date":"2018-03-13T03:55:52.000Z","volume":2000,"price":5.24,"category":"rbull"},{"type":"A","date":"2018-03-13T03:55:23.000Z","volume":2000,"price":5.24,"category":"rbull"},{"type":"A","date":"2018-03-13T03:55:08.000Z","volume":2000,"price":5.24,"category":"rbull"},{"type":"A","date":"2018-03-13T03:50:52.000Z","volume":2000,"price":5.24,"category":"rbull"},{"type":"A","date":"2018-03-13T03:50:22.000Z","volume":2000,"price":5.24,"category":"rbull"},{"type":"A","date":"2018-03-13T03:50:07.000Z","volume":2000,"price":5.24,"category":"rbull"},{"type":"A","date":"2018-03-13T03:49:35.000Z","volume":2000,"price":5.24,"category":"rbull"},{"type":"A","date":"2018-03-13T03:49:00.000Z","volume":2000,"price":5.24,"category":"rbull"},{"type":"A","date":"2018-03-13T03:45:51.000Z","volume":2000,"price":5.24,"category":"rbull"},{"type":"A","date":"2018-03-13T03:45:20.000Z","volume":2000,"price":5.24,"category":"rbull"},{"type":"A","date":"2018-03-13T03:45:05.000Z","volume":2000,"price":5.24,"category":"rbull"},{"type":"A","date":"2018-03-13T03:41:25.000Z","volume":2000,"price":5.24,"category":"rbull"},{"type":"A","date":"2018-03-13T03:40:50.000Z","volume":2000,"price":5.24,"category":"rbull"},{"type":"A","date":"2018-03-13T03:40:20.000Z","volume":2000,"price":5.24,"category":"rbull"},{"type":"A","date":"2018-03-13T03:40:05.000Z","volume":2000,"price":5.24,"category":"rbull"},{"type":"A","date":"2018-03-13T03:39:55.000Z","volume":2000,"price":5.24,"category":"rbull"},{"type":"A","date":"2018-03-13T03:38:04.000Z","volume":2000,"price":5.24,"category":"rbull"},{"type":"A","date":"2018-03-13T03:35:48.000Z","volume":2000,"price":5.24,"category":"rbull"},{"type":"A","date":"2018-03-13T03:35:47.000Z","volume":2000,"price":5.24,"category":"rbull"},{"type":"A","date":"2018-03-13T03:35:18.000Z","volume":2000,"price":5.24,"category":"rbull"},{"type":"A","date":"2018-03-13T03:35:15.000Z","volume":2000,"price":5.24,"category":"rbull"},{"type":"A","date":"2018-03-13T03:35:04.000Z","volume":2000,"price":5.25,"category":"rbull"},{"type":"A","date":"2018-03-13T03:34:19.000Z","volume":2000,"price":5.24,"category":"rbull"},{"type":"A","date":"2018-03-13T03:33:30.000Z","volume":2000,"price":5.24,"category":"rbull"},{"type":"A","date":"2018-03-13T03:30:47.000Z","volume":2000,"price":5.24,"category":"rbull"},{"type":"A","date":"2018-03-13T03:30:45.000Z","volume":2000,"price":5.24,"category":"rbull"},{"type":"A","date":"2018-03-13T03:30:17.000Z","volume":2000,"price":5.24,"category":"rbull"},{"type":"A","date":"2018-03-13T03:30:02.000Z","volume":2000,"price":5.24,"category":"rbull"},{"type":"A","date":"2018-03-13T03:29:00.000Z","volume":2000,"price":5.23,"category":"rbull"},{"type":"A","date":"2018-03-13T03:28:00.000Z","volume":2000,"price":5.23,"category":"rbull"},{"type":"A","date":"2018-03-13T03:27:00.000Z","volume":2000,"price":5.23,"category":"rbull"},{"type":"A","date":"2018-03-13T03:26:02.000Z","volume":2000,"price":5.23,"category":"rbull"},{"type":"A","date":"2018-03-13T03:25:46.000Z","volume":2000,"price":5.23,"category":"rbull"},{"type":"A","date":"2018-03-13T03:25:15.000Z","volume":2000,"price":5.23,"category":"rbull"},{"type":"A","date":"2018-03-13T03:25:01.000Z","volume":2000,"price":5.23,"category":"rbull"},{"type":"A","date":"2018-03-13T03:24:03.000Z","volume":2000,"price":5.22,"category":"rbull"},{"type":"A","date":"2018-03-13T03:24:02.000Z","volume":2000,"price":5.22,"category":"rbull"},{"type":"A","date":"2018-03-13T03:23:06.000Z","volume":2000,"price":5.22,"category":"rbull"},{"type":"A","date":"2018-03-13T03:22:38.000Z","volume":2000,"price":5.22,"category":"rbull"},{"type":"A","date":"2018-03-13T03:22:08.000Z","volume":2000,"price":5.22,"category":"rbull"},{"type":"A","date":"2018-03-13T03:22:08.000Z","volume":2000,"price":5.22,"category":"rbull"},{"type":"A","date":"2018-03-13T03:22:02.000Z","volume":2000,"price":5.22,"category":"rbull"},{"type":"A","date":"2018-03-13T03:21:10.000Z","volume":2000,"price":5.22,"category":"rbull"},{"type":"A","date":"2018-03-13T03:21:01.000Z","volume":2000,"price":5.22,"category":"rbull"},{"type":"A","date":"2018-03-13T03:20:51.000Z","volume":2000,"price":5.22,"category":"rbull"},{"type":"A","date":"2018-03-13T03:20:46.000Z","volume":2000,"price":5.23,"category":"rbull"},{"type":"A","date":"2018-03-13T03:20:15.000Z","volume":2000,"price":5.22,"category":"rbull"},{"type":"A","date":"2018-03-13T03:20:00.000Z","volume":2000,"price":5.22,"category":"rbull"},{"type":"A","date":"2018-03-13T03:19:01.000Z","volume":2000,"price":5.22,"category":"rbull"},{"type":"A","date":"2018-03-13T03:19:01.000Z","volume":2000,"price":5.22,"category":"rbull"},{"type":"A","date":"2018-03-13T03:18:50.000Z","volume":2000,"price":5.22,"category":"rbull"},{"type":"A","date":"2018-03-13T03:18:46.000Z","volume":2000,"price":5.22,"category":"rbull"},{"type":"A","date":"2018-03-13T03:17:01.000Z","volume":2000,"price":5.2,"category":"rbull"},{"type":"A","date":"2018-03-13T03:15:44.000Z","volume":2000,"price":5.2,"category":"rbull"},{"type":"A","date":"2018-03-13T03:15:14.000Z","volume":2000,"price":5.2,"category":"rbull"},{"type":"A","date":"2018-03-13T03:14:57.000Z","volume":2000,"price":5.19,"category":"rbull"},{"type":"A","date":"2018-03-13T03:13:00.000Z","volume":2000,"price":5.19,"category":"rbull"},{"type":"A","date":"2018-03-13T03:12:58.000Z","volume":2000,"price":5.19,"category":"rbull"},{"type":"A","date":"2018-03-13T03:11:01.000Z","volume":2000,"price":5.18,"category":"rbull"},{"type":"A","date":"2018-03-13T03:10:42.000Z","volume":2000,"price":5.18,"category":"rbull"},{"type":"A","date":"2018-03-13T03:10:12.000Z","volume":2000,"price":5.18,"category":"rbull"},{"type":"A","date":"2018-03-13T03:09:58.000Z","volume":2000,"price":5.18,"category":"rbull"},{"type":"A","date":"2018-03-13T03:09:00.000Z","volume":2000,"price":5.18,"category":"rbull"},{"type":"A","date":"2018-03-13T03:08:00.000Z","volume":2000,"price":5.18,"category":"rbull"},{"type":"A","date":"2018-03-13T03:05:41.000Z","volume":2000,"price":5.18,"category":"rbull"},{"type":"A","date":"2018-03-13T03:05:11.000Z","volume":2000,"price":5.18,"category":"rbull"},{"type":"A","date":"2018-03-13T03:04:57.000Z","volume":2000,"price":5.18,"category":"rbull"},{"type":"A","date":"2018-03-13T03:01:07.000Z","volume":2000,"price":5.18,"category":"rbull"},{"type":"A","date":"2018-03-13T03:00:40.000Z","volume":2000,"price":5.18,"category":"rbull"},{"type":"A","date":"2018-03-13T03:00:10.000Z","volume":2000,"price":5.18,"category":"rbull"},{"type":"A","date":"2018-03-13T02:59:57.000Z","volume":2000,"price":5.18,"category":"rbull"},{"type":"A","date":"2018-03-13T02:59:56.000Z","volume":2000,"price":5.18,"category":"rbull"},{"type":"A","date":"2018-03-13T02:59:01.000Z","volume":2000,"price":5.18,"category":"rbull"},{"type":"A","date":"2018-03-13T02:56:45.000Z","volume":2000,"price":5.18,"category":"rbull"},{"type":"A","date":"2018-03-13T02:55:39.000Z","volume":2000,"price":5.18,"category":"rbull"},{"type":"A","date":"2018-03-13T02:55:09.000Z","volume":2000,"price":5.18,"category":"rbull"},{"type":"A","date":"2018-03-13T02:54:54.000Z","volume":2000,"price":5.18,"category":"rbull"},{"type":"A","date":"2018-03-13T02:53:00.000Z","volume":2000,"price":5.18,"category":"rbull"},{"type":"A","date":"2018-03-13T02:52:09.000Z","volume":2000,"price":5.18,"category":"rbull"},{"type":"A","date":"2018-03-13T02:52:00.000Z","volume":2000,"price":5.18,"category":"rbull"},{"type":"A","date":"2018-03-13T02:51:18.000Z","volume":2000,"price":5.18,"category":"rbull"},{"type":"A","date":"2018-03-13T02:50:42.000Z","volume":2000,"price":5.18,"category":"rbull"},{"type":"A","date":"2018-03-13T02:50:38.000Z","volume":2000,"price":5.18,"category":"rbull"},{"type":"A","date":"2018-03-13T02:50:08.000Z","volume":2000,"price":5.18,"category":"rbull"},{"type":"A","date":"2018-03-13T02:49:53.000Z","volume":2000,"price":5.18,"category":"rbull"},{"type":"A","date":"2018-03-13T02:49:45.000Z","volume":2000,"price":5.18,"category":"rbull"},{"type":"A","date":"2018-03-13T02:45:36.000Z","volume":2000,"price":5.18,"category":"rbull"},{"type":"A","date":"2018-03-13T02:45:07.000Z","volume":2000,"price":5.18,"category":"rbull"},{"type":"A","date":"2018-03-13T02:44:51.000Z","volume":2000,"price":5.17,"category":"rbull"},{"type":"A","date":"2018-03-13T02:44:45.000Z","volume":2000,"price":5.17,"category":"rbull"},{"type":"A","date":"2018-03-13T02:44:41.000Z","volume":2000,"price":5.17,"category":"rbull"},{"type":"A","date":"2018-03-13T02:44:41.000Z","volume":2000,"price":5.17,"category":"rbull"},{"type":"A","date":"2018-03-13T02:44:13.000Z","volume":2000,"price":5.17,"category":"rbull"},{"type":"A","date":"2018-03-13T02:43:52.000Z","volume":2000,"price":5.16,"category":"rbull"},{"type":"A","date":"2018-03-13T02:43:30.000Z","volume":2000,"price":5.16,"category":"rbull"},{"type":"A","date":"2018-03-13T02:43:00.000Z","volume":2000,"price":5.15,"category":"rbull"},{"type":"A","date":"2018-03-13T02:41:51.000Z","volume":2000,"price":5.15,"category":"rbull"},{"type":"A","date":"2018-03-13T02:41:26.000Z","volume":2000,"price":5.15,"category":"rbull"},{"type":"A","date":"2018-03-13T02:41:19.000Z","volume":2000,"price":5.15,"category":"rbull"},{"type":"A","date":"2018-03-13T02:40:15.000Z","volume":2000,"price":5.15,"category":"rbull"},{"type":"A","date":"2018-03-13T02:37:00.000Z","volume":2000,"price":5.15,"category":"rbull"},{"type":"A","date":"2018-03-13T02:35:57.000Z","volume":2000,"price":5.15,"category":"rbull"},{"type":"A","date":"2018-03-13T02:34:10.000Z","volume":2000,"price":5.14,"category":"rbull"},{"type":"A","date":"2018-03-13T02:34:00.000Z","volume":2000,"price":5.14,"category":"rbull"},{"type":"A","date":"2018-03-13T02:31:55.000Z","volume":2000,"price":5.14,"category":"rbull"},{"type":"A","date":"2018-03-13T02:30:38.000Z","volume":2000,"price":5.14,"category":"rbull"},{"type":"A","date":"2018-03-13T02:29:24.000Z","volume":2000,"price":5.15,"category":"rbull"},{"type":"A","date":"2018-03-13T02:29:24.000Z","volume":2000,"price":5.15,"category":"rbull"},{"type":"A","date":"2018-03-13T02:28:15.000Z","volume":2000,"price":5.16,"category":"rbull"},{"type":"A","date":"2018-03-13T02:25:15.000Z","volume":2000,"price":5.17,"category":"rbull"},{"type":"A","date":"2018-03-13T02:22:00.000Z","volume":2000,"price":5.17,"category":"rbull"},{"type":"A","date":"2018-03-13T02:19:13.000Z","volume":2000,"price":5.17,"category":"rbull"},{"type":"A","date":"2018-03-13T02:17:51.000Z","volume":2000,"price":5.17,"category":"rbull"},{"type":"A","date":"2018-03-13T02:17:45.000Z","volume":2000,"price":5.17,"category":"rbull"},{"type":"A","date":"2018-03-13T02:16:59.000Z","volume":2000,"price":5.17,"category":"rbull"},{"type":"A","date":"2018-03-13T02:16:55.000Z","volume":2000,"price":5.17,"category":"rbull"},{"type":"A","date":"2018-03-13T02:15:53.000Z","volume":2000,"price":5.17,"category":"rbull"},{"type":"A","date":"2018-03-13T02:15:47.000Z","volume":2000,"price":5.17,"category":"rbull"},{"type":"A","date":"2018-03-13T02:15:45.000Z","volume":2000,"price":5.17,"category":"rbull"},{"type":"A","date":"2018-03-13T02:14:17.000Z","volume":2000,"price":5.17,"category":"rbull"},{"type":"A","date":"2018-03-13T02:13:30.000Z","volume":2000,"price":5.17,"category":"rbull"},{"type":"A","date":"2018-03-13T02:12:23.000Z","volume":2000,"price":5.17,"category":"rbull"},{"type":"A","date":"2018-03-13T02:10:48.000Z","volume":2000,"price":5.17,"category":"rbull"},{"type":"A","date":"2018-03-13T02:09:55.000Z","volume":2000,"price":5.17,"category":"rbull"},{"type":"A","date":"2018-03-13T02:07:24.000Z","volume":2000,"price":5.18,"category":"rbull"},{"type":"A","date":"2018-03-13T02:06:11.000Z","volume":2000,"price":5.18,"category":"rbull"},{"type":"A","date":"2018-03-13T02:05:26.000Z","volume":2000,"price":5.18,"category":"rbull"},{"type":"A","date":"2018-03-13T02:05:15.000Z","volume":2000,"price":5.18,"category":"rbull"},{"type":"A","date":"2018-03-13T02:05:15.000Z","volume":2000,"price":5.18,"category":"rbull"},{"type":"A","date":"2018-03-13T02:05:10.000Z","volume":2000,"price":5.18,"category":"rbull"},{"type":"A","date":"2018-03-13T02:02:15.000Z","volume":2000,"price":5.18,"category":"rbull"},{"type":"A","date":"2018-03-13T02:01:27.000Z","volume":2000,"price":5.18,"category":"rbull"},{"type":"A","date":"2018-03-13T01:59:36.000Z","volume":2000,"price":5.18,"category":"rbull"},{"type":"A","date":"2018-03-13T01:53:27.000Z","volume":2000,"price":5.21,"category":"rbull"},{"type":"A","date":"2018-03-13T01:53:22.000Z","volume":2000,"price":5.2,"category":"rbull"},{"type":"A","date":"2018-03-13T01:52:09.000Z","volume":2000,"price":5.2,"category":"rbull"},{"type":"A","date":"2018-03-13T01:47:25.000Z","volume":2000,"price":5.2,"category":"rbull"},{"type":"A","date":"2018-03-13T01:46:46.000Z","volume":2000,"price":5.2,"category":"rbull"},{"type":"A","date":"2018-03-13T01:46:21.000Z","volume":2000,"price":5.2,"category":"rbull"},{"type":"A","date":"2018-03-13T01:46:21.000Z","volume":2000,"price":5.2,"category":"rbull"},{"type":"A","date":"2018-03-13T01:46:10.000Z","volume":2000,"price":5.2,"category":"rbull"},{"type":"A","date":"2018-03-13T01:44:18.000Z","volume":2000,"price":5.2,"category":"rbull"},{"type":"A","date":"2018-03-13T01:44:17.000Z","volume":2000,"price":5.2,"category":"rbull"},{"type":"A","date":"2018-03-13T01:44:09.000Z","volume":2000,"price":5.2,"category":"rbull"},{"type":"A","date":"2018-03-13T01:43:05.000Z","volume":2000,"price":5.2,"category":"rbull"},{"type":"A","date":"2018-03-13T01:41:06.000Z","volume":2000,"price":5.2,"category":"rbull"},{"type":"A","date":"2018-03-13T01:37:42.000Z","volume":2000,"price":5.2,"category":"rbull"},{"type":"A","date":"2018-03-13T01:37:13.000Z","volume":2000,"price":5.22,"category":"rbull"},{"type":"A","date":"2018-03-13T01:32:44.000Z","volume":2000,"price":5.17,"category":"rbull"},{"type":"A","date":"2018-03-13T01:32:35.000Z","volume":2000,"price":5.17,"category":"rbull"},{"type":"A","date":"2018-03-13T01:32:15.000Z","volume":2000,"price":5.17,"category":"rbull"},{"type":"B","date":"2018-03-13T07:59:57.000Z","volume":2000,"price":5.19,"category":"rbear"},{"type":"B","date":"2018-03-13T07:59:44.000Z","volume":2000,"price":5.19,"category":"rbear"},{"type":"B","date":"2018-03-13T07:59:36.000Z","volume":2000,"price":5.19,"category":"rbear"},{"type":"B","date":"2018-03-13T07:57:30.000Z","volume":2000,"price":5.19,"category":"rbear"},{"type":"B","date":"2018-03-13T07:57:12.000Z","volume":2000,"price":5.19,"category":"rbear"},{"type":"B","date":"2018-03-13T07:56:21.000Z","volume":2000,"price":5.19,"category":"rbear"},{"type":"B","date":"2018-03-13T07:55:46.000Z","volume":2000,"price":5.19,"category":"rbear"},{"type":"B","date":"2018-03-13T07:52:53.000Z","volume":2000,"price":5.19,"category":"rbear"},{"type":"B","date":"2018-03-13T07:51:48.000Z","volume":2000,"price":5.19,"category":"rbear"},{"type":"B","date":"2018-03-13T07:50:56.000Z","volume":2000,"price":5.19,"category":"rbear"},{"type":"B","date":"2018-03-13T07:28:45.000Z","volume":2000,"price":5.18,"category":"rbear"},{"type":"B","date":"2018-03-13T07:26:39.000Z","volume":2000,"price":5.18,"category":"rbear"},{"type":"B","date":"2018-03-13T07:25:31.000Z","volume":2000,"price":5.18,"category":"rbear"},{"type":"B","date":"2018-03-13T07:25:11.000Z","volume":2000,"price":5.18,"category":"rbear"},{"type":"B","date":"2018-03-13T07:24:33.000Z","volume":2000,"price":5.18,"category":"rbear"},{"type":"B","date":"2018-03-13T07:19:39.000Z","volume":2000,"price":5.18,"category":"rbear"},{"type":"B","date":"2018-03-13T07:09:53.000Z","volume":2000,"price":5.18,"category":"rbear"},{"type":"B","date":"2018-03-13T06:54:54.000Z","volume":2000,"price":5.18,"category":"rbear"},{"type":"B","date":"2018-03-13T06:54:29.000Z","volume":2000,"price":5.18,"category":"rbear"},{"type":"B","date":"2018-03-13T06:53:37.000Z","volume":2000,"price":5.18,"category":"rbear"},{"type":"B","date":"2018-03-13T06:50:41.000Z","volume":2000,"price":5.18,"category":"rbear"},{"type":"B","date":"2018-03-13T06:50:29.000Z","volume":2000,"price":5.19,"category":"rbear"},{"type":"B","date":"2018-03-13T06:50:12.000Z","volume":2000,"price":5.19,"category":"rbear"},{"type":"B","date":"2018-03-13T06:49:19.000Z","volume":2000,"price":5.19,"category":"rbear"},{"type":"B","date":"2018-03-13T06:48:25.000Z","volume":2000,"price":5.19,"category":"rbear"},{"type":"B","date":"2018-03-13T06:47:49.000Z","volume":2000,"price":5.2,"category":"rbear"},{"type":"B","date":"2018-03-13T06:47:19.000Z","volume":2000,"price":5.2,"category":"rbear"},{"type":"B","date":"2018-03-13T06:37:23.000Z","volume":2000,"price":5.2,"category":"rbear"},{"type":"B","date":"2018-03-13T06:35:14.000Z","volume":2000,"price":5.2,"category":"rbear"},{"type":"B","date":"2018-03-13T06:33:20.000Z","volume":2000,"price":5.2,"category":"rbear"},{"type":"B","date":"2018-03-13T06:31:29.000Z","volume":2000,"price":5.2,"category":"rbear"},{"type":"B","date":"2018-03-13T06:29:33.000Z","volume":2000,"price":5.2,"category":"rbear"},{"type":"B","date":"2018-03-13T06:29:11.000Z","volume":2000,"price":5.2,"category":"rbear"},{"type":"B","date":"2018-03-13T06:27:09.000Z","volume":2000,"price":5.2,"category":"rbear"},{"type":"B","date":"2018-03-13T06:26:26.000Z","volume":2000,"price":5.2,"category":"rbear"},{"type":"B","date":"2018-03-13T06:25:10.000Z","volume":2000,"price":5.2,"category":"rbear"},{"type":"B","date":"2018-03-13T06:23:07.000Z","volume":2000,"price":5.2,"category":"rbear"},{"type":"B","date":"2018-03-13T06:21:06.000Z","volume":2000,"price":5.2,"category":"rbear"},{"type":"B","date":"2018-03-13T06:19:09.000Z","volume":2000,"price":5.2,"category":"rbear"},{"type":"B","date":"2018-03-13T06:17:19.000Z","volume":2000,"price":5.2,"category":"rbear"},{"type":"B","date":"2018-03-13T06:17:08.000Z","volume":2000,"price":5.2,"category":"rbear"},{"type":"B","date":"2018-03-13T06:16:28.000Z","volume":2000,"price":5.2,"category":"rbear"},{"type":"B","date":"2018-03-13T06:14:08.000Z","volume":2000,"price":5.2,"category":"rbear"},{"type":"B","date":"2018-03-13T06:12:04.000Z","volume":2000,"price":5.2,"category":"rbear"},{"type":"B","date":"2018-03-13T06:10:02.000Z","volume":2000,"price":5.2,"category":"rbear"},{"type":"B","date":"2018-03-13T06:08:05.000Z","volume":2000,"price":5.2,"category":"rbear"},{"type":"B","date":"2018-03-13T06:07:22.000Z","volume":2000,"price":5.2,"category":"rbear"},{"type":"B","date":"2018-03-13T06:06:01.000Z","volume":2000,"price":5.22,"category":"rbear"},{"type":"B","date":"2018-03-13T06:05:52.000Z","volume":2000,"price":5.22,"category":"rbear"},{"type":"B","date":"2018-03-13T06:04:43.000Z","volume":2000,"price":5.22,"category":"rbear"},{"type":"B","date":"2018-03-13T06:04:00.000Z","volume":2000,"price":5.22,"category":"rbear"},{"type":"B","date":"2018-03-13T06:02:44.000Z","volume":2000,"price":5.22,"category":"rbear"},{"type":"B","date":"2018-03-13T06:02:00.000Z","volume":2000,"price":5.22,"category":"rbear"},{"type":"B","date":"2018-03-13T05:58:36.000Z","volume":2000,"price":5.22,"category":"rbear"},{"type":"B","date":"2018-03-13T05:46:21.000Z","volume":2000,"price":5.23,"category":"rbear"},{"type":"B","date":"2018-03-13T05:42:35.000Z","volume":2000,"price":5.22,"category":"rbear"},{"type":"B","date":"2018-03-13T05:39:27.000Z","volume":2000,"price":5.22,"category":"rbear"},{"type":"B","date":"2018-03-13T05:35:26.000Z","volume":2000,"price":5.22,"category":"rbear"},{"type":"B","date":"2018-03-13T05:32:05.000Z","volume":2000,"price":5.22,"category":"rbear"},{"type":"B","date":"2018-03-13T05:29:07.000Z","volume":2000,"price":5.22,"category":"rbear"},{"type":"B","date":"2018-03-13T05:23:06.000Z","volume":2000,"price":5.22,"category":"rbear"},{"type":"B","date":"2018-03-13T05:20:09.000Z","volume":2000,"price":5.22,"category":"rbear"},{"type":"B","date":"2018-03-13T05:19:53.000Z","volume":2000,"price":5.22,"category":"rbear"},{"type":"B","date":"2018-03-13T05:07:56.000Z","volume":2000,"price":5.22,"category":"rbear"},{"type":"B","date":"2018-03-13T05:00:10.000Z","volume":2000,"price":5.23,"category":"rbear"},{"type":"B","date":"2018-03-13T03:35:05.000Z","volume":2000,"price":5.24,"category":"rbear"},{"type":"B","date":"2018-03-13T03:25:14.000Z","volume":2000,"price":5.22,"category":"rbear"},{"type":"B","date":"2018-03-13T03:19:13.000Z","volume":2000,"price":5.21,"category":"rbear"},{"type":"B","date":"2018-03-13T03:08:27.000Z","volume":2000,"price":5.17,"category":"rbear"},{"type":"B","date":"2018-03-13T02:39:50.000Z","volume":2000,"price":5.14,"category":"rbear"},{"type":"B","date":"2018-03-13T02:31:26.000Z","volume":2000,"price":5.13,"category":"rbear"},{"type":"B","date":"2018-03-13T02:29:14.000Z","volume":2000,"price":5.15,"category":"rbear"},{"type":"B","date":"2018-03-13T02:27:02.000Z","volume":2000,"price":5.15,"category":"rbear"},{"type":"B","date":"2018-03-13T02:13:06.000Z","volume":2000,"price":5.16,"category":"rbear"},{"type":"B","date":"2018-03-13T02:10:46.000Z","volume":2000,"price":5.16,"category":"rbear"},{"type":"B","date":"2018-03-13T02:09:24.000Z","volume":2000,"price":5.17,"category":"rbear"},{"type":"B","date":"2018-03-13T02:03:40.000Z","volume":2000,"price":5.17,"category":"rbear"},{"type":"B","date":"2018-03-13T02:01:30.000Z","volume":2000,"price":5.17,"category":"rbear"},{"type":"B","date":"2018-03-13T01:59:30.000Z","volume":2000,"price":5.17,"category":"rbear"},{"type":"B","date":"2018-03-13T01:57:29.000Z","volume":2000,"price":5.19,"category":"rbear"},{"type":"B","date":"2018-03-13T01:55:39.000Z","volume":2000,"price":5.19,"category":"rbear"},{"type":"B","date":"2018-03-13T01:55:03.000Z","volume":2000,"price":5.2,"category":"rbear"},{"type":"B","date":"2018-03-13T01:52:18.000Z","volume":2000,"price":5.19,"category":"rbear"},{"type":"B","date":"2018-03-13T01:50:38.000Z","volume":2000,"price":5.19,"category":"rbear"},{"type":"B","date":"2018-03-13T01:50:26.000Z","volume":2000,"price":5.19,"category":"rbear"},{"type":"B","date":"2018-03-13T01:49:06.000Z","volume":2000,"price":5.19,"category":"rbear"},{"type":"B","date":"2018-03-13T01:46:04.000Z","volume":2000,"price":5.19,"category":"rbear"},{"type":"B","date":"2018-03-13T01:44:34.000Z","volume":2000,"price":5.19,"category":"rbear"},{"type":"B","date":"2018-03-13T01:43:14.000Z","volume":2000,"price":5.19,"category":"rbear"},{"type":"B","date":"2018-03-13T01:40:57.000Z","volume":2000,"price":5.19,"category":"rbear"},{"type":"B","date":"2018-03-13T01:40:14.000Z","volume":2000,"price":5.19,"category":"rbear"},{"type":"B","date":"2018-03-13T01:38:36.000Z","volume":2000,"price":5.19,"category":"rbear"},{"type":"B","date":"2018-03-13T01:37:38.000Z","volume":2000,"price":5.21,"category":"rbear"},{"type":"B","date":"2018-03-13T01:35:11.000Z","volume":2000,"price":5.18,"category":"rbear"},{"type":"B","date":"2018-03-13T01:32:41.000Z","volume":2000,"price":5.16,"category":"rbear"},{"type":"B","date":"2018-03-13T01:31:46.000Z","volume":2000,"price":5.18,"category":"rbear"},{"type":"B","date":"2018-03-13T01:30:00.000Z","volume":2000,"price":5.19,"category":"rbear"},{"type":"B","date":"2018-03-13T07:49:49.000Z","volume":28000,"price":5.19,"category":"bbear"},{"type":"B","date":"2018-03-13T07:48:14.000Z","volume":34000,"price":5.19,"category":"bbear"},{"type":"B","date":"2018-03-13T07:41:17.000Z","volume":30000,"price":5.19,"category":"bbear"},{"type":"B","date":"2018-03-13T07:39:36.000Z","volume":20000,"price":5.19,"category":"bbear"},{"type":"B","date":"2018-03-13T07:30:52.000Z","volume":26000,"price":5.19,"category":"bbear"},{"type":"B","date":"2018-03-13T07:21:06.000Z","volume":30000,"price":5.18,"category":"bbear"},{"type":"B","date":"2018-03-13T06:27:16.000Z","volume":20000,"price":5.2,"category":"bbear"},{"type":"B","date":"2018-03-13T06:26:29.000Z","volume":20000,"price":5.2,"category":"bbear"},{"type":"B","date":"2018-03-13T06:07:22.000Z","volume":30000,"price":5.21,"category":"bbear"},{"type":"B","date":"2018-03-13T06:06:20.000Z","volume":50000,"price":5.22,"category":"bbear"},{"type":"B","date":"2018-03-13T06:00:15.000Z","volume":20000,"price":5.22,"category":"bbear"},{"type":"B","date":"2018-03-13T05:52:47.000Z","volume":30000,"price":5.23,"category":"bbear"},{"type":"B","date":"2018-03-13T05:47:01.000Z","volume":20000,"price":5.23,"category":"bbear"},{"type":"B","date":"2018-03-13T05:26:46.000Z","volume":22000,"price":5.22,"category":"bbear"},{"type":"B","date":"2018-03-13T05:24:53.000Z","volume":30000,"price":5.22,"category":"bbear"},{"type":"B","date":"2018-03-13T05:07:14.000Z","volume":24000,"price":5.23,"category":"bbear"},{"type":"B","date":"2018-03-13T05:00:10.000Z","volume":44000,"price":5.23,"category":"bbear"},{"type":"B","date":"2018-03-13T05:00:04.000Z","volume":24000,"price":5.23,"category":"bbear"},{"type":"B","date":"2018-03-13T05:00:01.000Z","volume":24000,"price":5.23,"category":"bbear"},{"type":"B","date":"2018-03-13T03:55:44.000Z","volume":20000,"price":5.23,"category":"bbear"},{"type":"B","date":"2018-03-13T03:53:40.000Z","volume":20000,"price":5.23,"category":"bbear"},{"type":"B","date":"2018-03-13T03:35:32.000Z","volume":24000,"price":5.24,"category":"bbear"},{"type":"B","date":"2018-03-13T03:28:36.000Z","volume":44000,"price":5.23,"category":"bbear"},{"type":"B","date":"2018-03-13T03:27:22.000Z","volume":20000,"price":5.23,"category":"bbear"},{"type":"B","date":"2018-03-13T03:24:18.000Z","volume":44000,"price":5.23,"category":"bbear"},{"type":"B","date":"2018-03-13T03:13:40.000Z","volume":28000,"price":5.19,"category":"bbear"},{"type":"B","date":"2018-03-13T03:01:21.000Z","volume":44000,"price":5.17,"category":"bbear"},{"type":"B","date":"2018-03-13T02:46:24.000Z","volume":20000,"price":5.17,"category":"bbear"},{"type":"B","date":"2018-03-13T02:45:48.000Z","volume":44000,"price":5.17,"category":"bbear"},{"type":"B","date":"2018-03-13T02:36:54.000Z","volume":20000,"price":5.14,"category":"bbear"},{"type":"B","date":"2018-03-13T02:34:38.000Z","volume":50000,"price":5.13,"category":"bbear"},{"type":"B","date":"2018-03-13T02:30:36.000Z","volume":30000,"price":5.14,"category":"bbear"},{"type":"B","date":"2018-03-13T02:25:22.000Z","volume":44000,"price":5.16,"category":"bbear"},{"type":"B","date":"2018-03-13T02:18:39.000Z","volume":36000,"price":5.17,"category":"bbear"},{"type":"B","date":"2018-03-13T02:16:55.000Z","volume":24000,"price":5.17,"category":"bbear"},{"type":"B","date":"2018-03-13T02:14:27.000Z","volume":40000,"price":5.16,"category":"bbear"},{"type":"B","date":"2018-03-13T02:09:24.000Z","volume":52000,"price":5.17,"category":"bbear"},{"type":"B","date":"2018-03-13T01:59:11.000Z","volume":22000,"price":5.18,"category":"bbear"},{"type":"B","date":"2018-03-13T01:59:11.000Z","volume":28000,"price":5.18,"category":"bbear"},{"type":"B","date":"2018-03-13T01:52:33.000Z","volume":28000,"price":5.19,"category":"bbear"},{"type":"B","date":"2018-03-13T01:44:26.000Z","volume":20000,"price":5.19,"category":"bbear"},{"type":"B","date":"2018-03-13T01:42:29.000Z","volume":20000,"price":5.19,"category":"bbear"},{"type":"B","date":"2018-03-13T01:41:36.000Z","volume":30000,"price":5.19,"category":"bbear"},{"type":"B","date":"2018-03-13T01:40:36.000Z","volume":44000,"price":5.19,"category":"bbear"},{"type":"B","date":"2018-03-13T01:40:18.000Z","volume":26000,"price":5.19,"category":"bbear"},{"type":"B","date":"2018-03-13T01:37:38.000Z","volume":46000,"price":5.21,"category":"bbear"},{"type":"B","date":"2018-03-13T01:37:38.000Z","volume":48000,"price":5.21,"category":"bbear"},{"type":"B","date":"2018-03-13T01:37:38.000Z","volume":46000,"price":5.21,"category":"bbear"},{"type":"B","date":"2018-03-13T01:37:38.000Z","volume":28000,"price":5.21,"category":"bbear"},{"type":"B","date":"2018-03-13T01:37:22.000Z","volume":24000,"price":5.21,"category":"bbear"},{"type":"B","date":"2018-03-13T01:34:26.000Z","volume":42000,"price":5.18,"category":"bbear"},{"type":"B","date":"2018-03-13T01:31:51.000Z","volume":36000,"price":5.17,"category":"bbear"},{"type":"B","date":"2018-03-13T01:30:26.000Z","volume":48000,"price":5.18,"category":"bbear"},{"type":"B","date":"2018-03-13T01:30:26.000Z","volume":36000,"price":5.18,"category":"bbear"},{"type":"B","date":"2018-03-13T01:30:08.000Z","volume":20000,"price":5.17,"category":"bbear"},{"type":"B","date":"2018-03-13T06:55:22.000Z","volume":56000,"price":5.18,"category":"ubbear"},{"type":"B","date":"2018-03-13T06:50:41.000Z","volume":196000,"price":5.19,"category":"ubbear"},{"type":"B","date":"2018-03-13T06:47:49.000Z","volume":360000,"price":5.2,"category":"ubbear"},{"type":"B","date":"2018-03-13T06:47:49.000Z","volume":250000,"price":5.2,"category":"ubbear"},{"type":"B","date":"2018-03-13T06:47:43.000Z","volume":100000,"price":5.2,"category":"ubbear"},{"type":"B","date":"2018-03-13T06:30:51.000Z","volume":60000,"price":5.2,"category":"ubbear"},{"type":"B","date":"2018-03-13T06:24:58.000Z","volume":150000,"price":5.2,"category":"ubbear"},{"type":"B","date":"2018-03-13T06:09:22.000Z","volume":520000,"price":5.2,"category":"ubbear"},{"type":"B","date":"2018-03-13T06:07:04.000Z","volume":406000,"price":5.22,"category":"ubbear"},{"type":"B","date":"2018-03-13T06:07:04.000Z","volume":408000,"price":5.22,"category":"ubbear"},{"type":"B","date":"2018-03-13T05:53:10.000Z","volume":84000,"price":5.23,"category":"ubbear"},{"type":"B","date":"2018-03-13T05:53:01.000Z","volume":72000,"price":5.23,"category":"ubbear"},{"type":"B","date":"2018-03-13T05:07:11.000Z","volume":100000,"price":5.23,"category":"ubbear"},{"type":"B","date":"2018-03-13T03:28:43.000Z","volume":80000,"price":5.22,"category":"ubbear"},{"type":"B","date":"2018-03-13T03:26:40.000Z","volume":64000,"price":5.23,"category":"ubbear"},{"type":"B","date":"2018-03-13T03:25:14.000Z","volume":102000,"price":5.22,"category":"ubbear"},{"type":"B","date":"2018-03-13T03:24:55.000Z","volume":82000,"price":5.22,"category":"ubbear"},{"type":"B","date":"2018-03-13T03:24:40.000Z","volume":82000,"price":5.23,"category":"ubbear"},{"type":"B","date":"2018-03-13T03:22:25.000Z","volume":62000,"price":5.22,"category":"ubbear"},{"type":"B","date":"2018-03-13T03:02:39.000Z","volume":86000,"price":5.17,"category":"ubbear"},{"type":"B","date":"2018-03-13T02:47:43.000Z","volume":82000,"price":5.17,"category":"ubbear"},{"type":"B","date":"2018-03-13T02:30:38.000Z","volume":144000,"price":5.14,"category":"ubbear"},{"type":"B","date":"2018-03-13T02:30:38.000Z","volume":60000,"price":5.14,"category":"ubbear"},{"type":"B","date":"2018-03-13T02:29:23.000Z","volume":170000,"price":5.15,"category":"ubbear"},{"type":"B","date":"2018-03-13T02:29:23.000Z","volume":300000,"price":5.15,"category":"ubbear"},{"type":"B","date":"2018-03-13T02:25:22.000Z","volume":194000,"price":5.16,"category":"ubbear"},{"type":"B","date":"2018-03-13T02:25:22.000Z","volume":56000,"price":5.16,"category":"ubbear"},{"type":"B","date":"2018-03-13T02:19:28.000Z","volume":148000,"price":5.16,"category":"ubbear"},{"type":"B","date":"2018-03-13T02:18:39.000Z","volume":74000,"price":5.16,"category":"ubbear"},{"type":"B","date":"2018-03-13T02:09:16.000Z","volume":256000,"price":5.17,"category":"ubbear"},{"type":"B","date":"2018-03-13T02:07:25.000Z","volume":108000,"price":5.17,"category":"ubbear"},{"type":"B","date":"2018-03-13T02:07:24.000Z","volume":90000,"price":5.18,"category":"ubbear"},{"type":"B","date":"2018-03-13T01:57:53.000Z","volume":82000,"price":5.19,"category":"ubbear"},{"type":"B","date":"2018-03-13T01:57:53.000Z","volume":80000,"price":5.19,"category":"ubbear"},{"type":"B","date":"2018-03-13T01:56:03.000Z","volume":98000,"price":5.19,"category":"ubbear"},{"type":"B","date":"2018-03-13T01:55:03.000Z","volume":56000,"price":5.2,"category":"ubbear"},{"type":"B","date":"2018-03-13T01:54:51.000Z","volume":60000,"price":5.2,"category":"ubbear"},{"type":"B","date":"2018-03-13T01:40:57.000Z","volume":68000,"price":5.19,"category":"ubbear"},{"type":"B","date":"2018-03-13T01:40:21.000Z","volume":80000,"price":5.19,"category":"ubbear"},{"type":"B","date":"2018-03-13T01:32:12.000Z","volume":134000,"price":5.16,"category":"ubbear"}]