[{"type":"A","date":"2018-04-03T01:30:21.000Z","volume":10000,"label":" ","price":4.29},{"type":"B","date":"2018-04-03T01:32:09.000Z","volume":4000,"label":" ","price":4.22},{"type":"U","date":"2018-04-03T01:32:13.000Z","volume":4000,"label":" ","price":4.22},{"type":"B","date":"2018-04-03T01:33:51.000Z","volume":2000,"label":" ","price":4.2},{"type":"B","date":"2018-04-03T01:35:03.000Z","volume":22000,"label":" ","price":4.18},{"type":"B","date":"2018-04-03T01:35:03.000Z","volume":18000,"label":" ","price":4.17},{"type":"B","date":"2018-04-03T01:35:12.000Z","volume":2000,"label":" ","price":4.17},{"type":"U","date":"2018-04-03T01:40:15.000Z","volume":2000,"label":" ","price":4.17},{"type":"A","date":"2018-04-03T01:48:40.000Z","volume":2000,"label":" ","price":4.16},{"type":"A","date":"2018-04-03T01:50:00.000Z","volume":10000,"label":" ","price":4.16},{"type":"A","date":"2018-04-03T01:57:20.000Z","volume":2000,"label":" ","price":4.16},{"type":"A","date":"2018-04-03T01:57:32.000Z","volume":10000,"label":" ","price":4.16},{"type":"B","date":"2018-04-03T01:59:24.000Z","volume":6000,"label":" ","price":4.12},{"type":"U","date":"2018-04-03T02:02:09.000Z","volume":2000,"label":" ","price":4.09},{"type":"B","date":"2018-04-03T02:02:23.000Z","volume":2000,"label":" ","price":4.08},{"type":"B","date":"2018-04-03T02:02:40.000Z","volume":10000,"label":" ","price":4.08},{"type":"A","date":"2018-04-03T02:03:42.000Z","volume":20000,"label":" ","price":4.08},{"type":"A","date":"2018-04-03T02:03:47.000Z","volume":2000,"label":" ","price":4.08},{"type":"B","date":"2018-04-03T02:04:27.000Z","volume":2000,"label":" ","price":4.06},{"type":"B","date":"2018-04-03T02:05:09.000Z","volume":4000,"label":" ","price":4.05},{"type":"A","date":"2018-04-03T02:05:13.000Z","volume":2000,"label":"Y","price":4.05},{"type":"A","date":"2018-04-03T02:05:13.000Z","volume":16000,"label":" ","price":4.05},{"type":"A","date":"2018-04-03T02:08:39.000Z","volume":20000,"label":" ","price":4.05},{"type":"A","date":"2018-04-03T02:08:52.000Z","volume":6000,"label":" ","price":4.05},{"type":"A","date":"2018-04-03T02:08:52.000Z","volume":20000,"label":" ","price":4.06},{"type":"A","date":"2018-04-03T02:10:23.000Z","volume":20000,"label":" ","price":4.06},{"type":"A","date":"2018-04-03T02:11:20.000Z","volume":20000,"label":" ","price":4.06},{"type":"A","date":"2018-04-03T02:11:31.000Z","volume":2000,"label":" ","price":4.06},{"type":"A","date":"2018-04-03T02:11:38.000Z","volume":2000,"label":" ","price":4.07},{"type":"B","date":"2018-04-03T02:11:40.000Z","volume":2000,"label":" ","price":4.07},{"type":"B","date":"2018-04-03T02:12:01.000Z","volume":18000,"label":" ","price":4.06},{"type":"A","date":"2018-04-03T02:12:27.000Z","volume":30000,"label":" ","price":4.06},{"type":"B","date":"2018-04-03T02:12:43.000Z","volume":8000,"label":" ","price":4.05},{"type":"A","date":"2018-04-03T02:13:25.000Z","volume":10000,"label":" ","price":4.05},{"type":"A","date":"2018-04-03T02:13:43.000Z","volume":12000,"label":" ","price":4.05},{"type":"B","date":"2018-04-03T02:15:30.000Z","volume":8000,"label":" ","price":4.05},{"type":"B","date":"2018-04-03T02:20:57.000Z","volume":12000,"label":" ","price":4.01},{"type":"B","date":"2018-04-03T02:20:57.000Z","volume":38000,"label":" ","price":4},{"type":"B","date":"2018-04-03T02:21:23.000Z","volume":2000,"label":" ","price":4},{"type":"B","date":"2018-04-03T02:23:44.000Z","volume":10000,"label":" ","price":4},{"type":"B","date":"2018-04-03T02:26:02.000Z","volume":10000,"label":" ","price":4},{"type":"B","date":"2018-04-03T02:27:21.000Z","volume":4000,"label":" ","price":4},{"type":"B","date":"2018-04-03T02:27:43.000Z","volume":4000,"label":" ","price":4},{"type":"A","date":"2018-04-03T02:34:04.000Z","volume":10000,"label":" ","price":4},{"type":"A","date":"2018-04-03T02:36:45.000Z","volume":10000,"label":" ","price":4},{"type":"B","date":"2018-04-03T02:39:43.000Z","volume":20000,"label":" ","price":3.98},{"type":"A","date":"2018-04-03T02:40:01.000Z","volume":6000,"label":" ","price":4},{"type":"B","date":"2018-04-03T02:40:12.000Z","volume":4000,"label":" ","price":4},{"type":"A","date":"2018-04-03T02:41:40.000Z","volume":2000,"label":" ","price":4},{"type":"A","date":"2018-04-03T02:43:19.000Z","volume":12000,"label":" ","price":3.99},{"type":"A","date":"2018-04-03T02:43:19.000Z","volume":28000,"label":" ","price":4},{"type":"B","date":"2018-04-03T02:43:54.000Z","volume":12000,"label":" ","price":4},{"type":"B","date":"2018-04-03T02:47:33.000Z","volume":2000,"label":" ","price":3.97},{"type":"B","date":"2018-04-03T02:48:08.000Z","volume":2000,"label":" ","price":3.97},{"type":"A","date":"2018-04-03T02:48:52.000Z","volume":4000,"label":" ","price":3.97},{"type":"B","date":"2018-04-03T02:50:21.000Z","volume":2000,"label":" ","price":3.95},{"type":"B","date":"2018-04-03T02:51:24.000Z","volume":2000,"label":" ","price":3.95},{"type":"B","date":"2018-04-03T02:51:33.000Z","volume":8000,"label":" ","price":3.95},{"type":"A","date":"2018-04-03T02:52:58.000Z","volume":8000,"label":" ","price":3.95},{"type":"B","date":"2018-04-03T02:53:37.000Z","volume":4000,"label":" ","price":3.95},{"type":"A","date":"2018-04-03T02:55:30.000Z","volume":4000,"label":" ","price":3.95},{"type":"A","date":"2018-04-03T02:55:30.000Z","volume":4000,"label":" ","price":3.95},{"type":"B","date":"2018-04-03T02:59:42.000Z","volume":2000,"label":" ","price":3.94},{"type":"B","date":"2018-04-03T03:00:01.000Z","volume":2000,"label":" ","price":3.94},{"type":"B","date":"2018-04-03T03:00:10.000Z","volume":10000,"label":" ","price":3.94},{"type":"B","date":"2018-04-03T03:00:24.000Z","volume":10000,"label":" ","price":3.94},{"type":"B","date":"2018-04-03T03:00:37.000Z","volume":6000,"label":" ","price":3.94},{"type":"B","date":"2018-04-03T03:05:19.000Z","volume":2000,"label":" ","price":3.92},{"type":"B","date":"2018-04-03T03:05:32.000Z","volume":2000,"label":" ","price":3.92},{"type":"B","date":"2018-04-03T03:05:37.000Z","volume":2000,"label":" ","price":3.92},{"type":"B","date":"2018-04-03T03:05:42.000Z","volume":2000,"label":" ","price":3.92},{"type":"B","date":"2018-04-03T03:05:51.000Z","volume":2000,"label":" ","price":3.92},{"type":"B","date":"2018-04-03T03:05:59.000Z","volume":2000,"label":" ","price":3.92},{"type":"B","date":"2018-04-03T03:06:09.000Z","volume":2000,"label":" ","price":3.92},{"type":"B","date":"2018-04-03T03:06:14.000Z","volume":2000,"label":" ","price":3.92},{"type":"B","date":"2018-04-03T03:06:19.000Z","volume":2000,"label":" ","price":3.92},{"type":"B","date":"2018-04-03T03:06:24.000Z","volume":2000,"label":" ","price":3.92},{"type":"B","date":"2018-04-03T03:06:30.000Z","volume":2000,"label":" ","price":3.92},{"type":"B","date":"2018-04-03T03:06:35.000Z","volume":2000,"label":" ","price":3.92},{"type":"B","date":"2018-04-03T03:06:35.000Z","volume":4000,"label":" ","price":3.92},{"type":"A","date":"2018-04-03T03:07:06.000Z","volume":6000,"label":" ","price":3.93},{"type":"B","date":"2018-04-03T03:07:55.000Z","volume":14000,"label":" ","price":3.93},{"type":"B","date":"2018-04-03T03:08:16.000Z","volume":20000,"label":" ","price":3.91},{"type":"A","date":"2018-04-03T03:08:16.000Z","volume":8000,"label":" ","price":3.91},{"type":"A","date":"2018-04-03T03:08:22.000Z","volume":2000,"label":" ","price":3.91},{"type":"A","date":"2018-04-03T03:08:23.000Z","volume":2000,"label":" ","price":3.93},{"type":"B","date":"2018-04-03T03:09:00.000Z","volume":2000,"label":" ","price":3.93},{"type":"B","date":"2018-04-03T03:16:17.000Z","volume":2000,"label":" ","price":3.92},{"type":"B","date":"2018-04-03T03:18:32.000Z","volume":2000,"label":" ","price":3.91},{"type":"A","date":"2018-04-03T03:22:55.000Z","volume":2000,"label":" ","price":3.92},{"type":"B","date":"2018-04-03T03:24:11.000Z","volume":14000,"label":" ","price":3.9},{"type":"A","date":"2018-04-03T03:27:38.000Z","volume":6000,"label":" ","price":3.92},{"type":"B","date":"2018-04-03T03:47:12.000Z","volume":2000,"label":" ","price":3.92},{"type":"B","date":"2018-04-03T03:50:12.000Z","volume":2000,"label":" ","price":3.92},{"type":"B","date":"2018-04-03T03:50:20.000Z","volume":2000,"label":" ","price":3.92},{"type":"B","date":"2018-04-03T03:50:28.000Z","volume":2000,"label":" ","price":3.92},{"type":"B","date":"2018-04-03T03:55:07.000Z","volume":2000,"label":" ","price":3.91},{"type":"B","date":"2018-04-03T03:55:13.000Z","volume":2000,"label":" ","price":3.91},{"type":"B","date":"2018-04-03T03:55:20.000Z","volume":2000,"label":" ","price":3.91},{"type":"B","date":"2018-04-03T03:55:59.000Z","volume":2000,"label":" ","price":3.91},{"type":"A","date":"2018-04-03T03:59:26.000Z","volume":14000,"label":" ","price":3.92},{"type":"A","date":"2018-04-03T05:03:55.000Z","volume":2000,"label":" ","price":3.92},{"type":"B","date":"2018-04-03T05:08:42.000Z","volume":2000,"label":" ","price":3.91},{"type":"A","date":"2018-04-03T05:11:46.000Z","volume":4000,"label":" ","price":3.91},{"type":"A","date":"2018-04-03T05:12:00.000Z","volume":2000,"label":" ","price":3.91},{"type":"A","date":"2018-04-03T05:12:21.000Z","volume":4000,"label":" ","price":3.91},{"type":"A","date":"2018-04-03T05:14:15.000Z","volume":2000,"label":" ","price":3.92},{"type":"A","date":"2018-04-03T05:14:15.000Z","volume":2000,"label":" ","price":3.92},{"type":"B","date":"2018-04-03T05:17:10.000Z","volume":4000,"label":" ","price":3.92},{"type":"B","date":"2018-04-03T05:19:25.000Z","volume":4000,"label":" ","price":3.92},{"type":"B","date":"2018-04-03T05:20:27.000Z","volume":4000,"label":" ","price":3.92},{"type":"B","date":"2018-04-03T05:20:59.000Z","volume":4000,"label":" ","price":3.92},{"type":"A","date":"2018-04-03T05:21:02.000Z","volume":2000,"label":" ","price":3.93},{"type":"B","date":"2018-04-03T05:21:20.000Z","volume":4000,"label":" ","price":3.92},{"type":"B","date":"2018-04-03T05:25:02.000Z","volume":4000,"label":" ","price":3.92},{"type":"B","date":"2018-04-03T05:25:32.000Z","volume":4000,"label":" ","price":3.92},{"type":"B","date":"2018-04-03T05:28:04.000Z","volume":6000,"label":" ","price":3.92},{"type":"A","date":"2018-04-03T05:30:53.000Z","volume":2000,"label":" ","price":3.92},{"type":"A","date":"2018-04-03T05:34:13.000Z","volume":6000,"label":" ","price":3.92},{"type":"A","date":"2018-04-03T05:35:02.000Z","volume":2000,"label":" ","price":3.94},{"type":"A","date":"2018-04-03T05:40:26.000Z","volume":2000,"label":" ","price":3.94},{"type":"B","date":"2018-04-03T05:40:45.000Z","volume":4000,"label":" ","price":3.94},{"type":"A","date":"2018-04-03T05:40:57.000Z","volume":2000,"label":" ","price":3.95},{"type":"A","date":"2018-04-03T05:41:02.000Z","volume":2000,"label":" ","price":3.96},{"type":"A","date":"2018-04-03T05:47:58.000Z","volume":2000,"label":" ","price":3.96},{"type":"A","date":"2018-04-03T05:55:47.000Z","volume":2000,"label":" ","price":3.96},{"type":"A","date":"2018-04-03T05:58:40.000Z","volume":2000,"label":" ","price":3.96},{"type":"A","date":"2018-04-03T06:00:18.000Z","volume":6000,"label":" ","price":3.96},{"type":"A","date":"2018-04-03T06:05:15.000Z","volume":2000,"label":" ","price":3.96},{"type":"B","date":"2018-04-03T06:10:14.000Z","volume":2000,"label":" ","price":3.94},{"type":"B","date":"2018-04-03T06:10:26.000Z","volume":4000,"label":" ","price":3.94},{"type":"B","date":"2018-04-03T06:10:33.000Z","volume":4000,"label":" ","price":3.94},{"type":"B","date":"2018-04-03T06:10:33.000Z","volume":6000,"label":" ","price":3.94},{"type":"B","date":"2018-04-03T06:11:18.000Z","volume":2000,"label":" ","price":3.93},{"type":"B","date":"2018-04-03T06:16:58.000Z","volume":4000,"label":" ","price":3.92},{"type":"B","date":"2018-04-03T06:17:11.000Z","volume":4000,"label":" ","price":3.92},{"type":"B","date":"2018-04-03T06:25:08.000Z","volume":2000,"label":" ","price":3.91},{"type":"B","date":"2018-04-03T06:27:45.000Z","volume":2000,"label":" ","price":3.91},{"type":"B","date":"2018-04-03T06:28:17.000Z","volume":4000,"label":" ","price":3.91},{"type":"B","date":"2018-04-03T06:28:22.000Z","volume":4000,"label":" ","price":3.91},{"type":"B","date":"2018-04-03T06:30:38.000Z","volume":4000,"label":" ","price":3.91},{"type":"B","date":"2018-04-03T06:32:36.000Z","volume":2000,"label":" ","price":3.91},{"type":"B","date":"2018-04-03T06:33:40.000Z","volume":2000,"label":" ","price":3.91},{"type":"A","date":"2018-04-03T06:37:38.000Z","volume":2000,"label":" ","price":3.91},{"type":"A","date":"2018-04-03T06:39:55.000Z","volume":2000,"label":"Y","price":3.91},{"type":"A","date":"2018-04-03T06:45:39.000Z","volume":2000,"label":" ","price":3.91},{"type":"A","date":"2018-04-03T06:50:11.000Z","volume":2000,"label":" ","price":3.91},{"type":"B","date":"2018-04-03T06:55:36.000Z","volume":30000,"label":" ","price":3.9},{"type":"B","date":"2018-04-03T06:58:13.000Z","volume":6000,"label":" ","price":3.9},{"type":"B","date":"2018-04-03T07:02:06.000Z","volume":6000,"label":" ","price":3.9},{"type":"A","date":"2018-04-03T07:03:42.000Z","volume":2000,"label":" ","price":3.91},{"type":"A","date":"2018-04-03T07:04:31.000Z","volume":12000,"label":" ","price":3.91},{"type":"A","date":"2018-04-03T07:05:58.000Z","volume":8000,"label":" ","price":3.91},{"type":"A","date":"2018-04-03T07:08:55.000Z","volume":2000,"label":" ","price":3.91},{"type":"A","date":"2018-04-03T07:10:35.000Z","volume":20000,"label":" ","price":3.91},{"type":"A","date":"2018-04-03T07:12:08.000Z","volume":16000,"label":" ","price":3.91},{"type":"A","date":"2018-04-03T07:14:38.000Z","volume":2000,"label":" ","price":3.91},{"type":"A","date":"2018-04-03T07:16:05.000Z","volume":2000,"label":" ","price":3.91},{"type":"A","date":"2018-04-03T07:19:28.000Z","volume":2000,"label":" ","price":3.91},{"type":"A","date":"2018-04-03T07:23:40.000Z","volume":30000,"label":" ","price":3.91},{"type":"A","date":"2018-04-03T07:23:40.000Z","volume":4000,"label":" ","price":3.91},{"type":"A","date":"2018-04-03T07:24:24.000Z","volume":2000,"label":" ","price":3.91},{"type":"A","date":"2018-04-03T07:24:54.000Z","volume":10000,"label":" ","price":3.91},{"type":"A","date":"2018-04-03T07:25:25.000Z","volume":30000,"label":" ","price":3.91},{"type":"A","date":"2018-04-03T07:27:24.000Z","volume":2000,"label":" ","price":3.92},{"type":"A","date":"2018-04-03T07:31:55.000Z","volume":2000,"label":"Y","price":3.92},{"type":"A","date":"2018-04-03T07:33:44.000Z","volume":2000,"label":" ","price":3.92},{"type":"A","date":"2018-04-03T07:40:56.000Z","volume":20000,"label":" ","price":3.92},{"type":"A","date":"2018-04-03T07:41:38.000Z","volume":4000,"label":" ","price":3.92},{"type":"A","date":"2018-04-03T07:43:08.000Z","volume":10000,"label":" ","price":3.92},{"type":"A","date":"2018-04-03T07:43:09.000Z","volume":2000,"label":"Y","price":3.93},{"type":"A","date":"2018-04-03T07:43:18.000Z","volume":4000,"label":" ","price":3.93},{"type":"A","date":"2018-04-03T07:44:34.000Z","volume":2000,"label":" ","price":3.93},{"type":"A","date":"2018-04-03T07:45:41.000Z","volume":4000,"label":" ","price":3.93},{"type":"A","date":"2018-04-03T07:47:36.000Z","volume":10000,"label":"Y","price":3.93},{"type":"A","date":"2018-04-03T07:47:36.000Z","volume":20000,"label":" ","price":3.93},{"type":"B","date":"2018-04-03T07:49:07.000Z","volume":2000,"label":" ","price":3.92},{"type":"A","date":"2018-04-03T07:51:39.000Z","volume":10000,"label":" ","price":3.94},{"type":"A","date":"2018-04-03T07:52:40.000Z","volume":2000,"label":"Y","price":3.94},{"type":"A","date":"2018-04-03T07:52:56.000Z","volume":2000,"label":" ","price":3.94},{"type":"A","date":"2018-04-03T07:54:43.000Z","volume":2000,"label":" ","price":3.94},{"type":"A","date":"2018-04-03T07:54:45.000Z","volume":8000,"label":" ","price":3.94},{"type":"B","date":"2018-04-03T07:57:01.000Z","volume":2000,"label":" ","price":3.93},{"type":"B","date":"2018-04-03T07:59:00.000Z","volume":4000,"label":" ","price":3.92},{"type":"A","date":"2018-04-03T07:59:04.000Z","volume":2000,"label":" ","price":3.94},{"type":"B","date":"2018-04-03T07:59:22.000Z","volume":2000,"label":" ","price":3.92},{"type":"A","date":"2018-04-03T07:59:22.000Z","volume":2000,"label":" ","price":3.94},{"type":"B","date":"2018-04-03T07:59:52.000Z","volume":6000,"label":" ","price":3.92},{"type":"B","date":"2018-04-03T07:59:52.000Z","volume":8000,"label":" ","price":3.92},{"type":"A","date":"2018-04-03T07:59:57.000Z","volume":4000,"label":" ","price":3.93},{"type":"U","date":"2018-04-03T08:08:39.000Z","volume":184000,"label":"U","price":3.88}]