[{"type":"U","date":"2018-04-13T01:20:00.000Z","volume":2000,"label":"U","price":3.7},{"type":"U","date":"2018-04-13T01:30:03.000Z","volume":10000,"label":" ","price":3.7},{"type":"A","date":"2018-04-13T01:32:18.000Z","volume":20000,"label":" ","price":3.71},{"type":"A","date":"2018-04-13T01:33:40.000Z","volume":6000,"label":"Y","price":3.71},{"type":"A","date":"2018-04-13T01:33:40.000Z","volume":24000,"label":" ","price":3.71},{"type":"A","date":"2018-04-13T01:33:49.000Z","volume":2000,"label":" ","price":3.71},{"type":"A","date":"2018-04-13T01:33:49.000Z","volume":2000,"label":" ","price":3.71},{"type":"A","date":"2018-04-13T01:33:49.000Z","volume":2000,"label":" ","price":3.71},{"type":"A","date":"2018-04-13T01:33:49.000Z","volume":2000,"label":" ","price":3.71},{"type":"B","date":"2018-04-13T01:34:32.000Z","volume":12000,"label":" ","price":3.71},{"type":"B","date":"2018-04-13T01:34:41.000Z","volume":28000,"label":" ","price":3.7},{"type":"A","date":"2018-04-13T01:46:34.000Z","volume":2000,"label":" ","price":3.7},{"type":"A","date":"2018-04-13T01:46:34.000Z","volume":2000,"label":" ","price":3.7},{"type":"A","date":"2018-04-13T01:47:12.000Z","volume":8000,"label":" ","price":3.7},{"type":"A","date":"2018-04-13T01:47:12.000Z","volume":2000,"label":" ","price":3.7},{"type":"A","date":"2018-04-13T01:47:12.000Z","volume":8000,"label":" ","price":3.7},{"type":"A","date":"2018-04-13T01:47:12.000Z","volume":8000,"label":" ","price":3.7},{"type":"A","date":"2018-04-13T01:47:12.000Z","volume":6000,"label":" ","price":3.7},{"type":"A","date":"2018-04-13T01:47:40.000Z","volume":6000,"label":" ","price":3.7},{"type":"A","date":"2018-04-13T01:48:12.000Z","volume":4000,"label":" ","price":3.7},{"type":"A","date":"2018-04-13T01:48:19.000Z","volume":2000,"label":" ","price":3.7},{"type":"A","date":"2018-04-13T01:50:49.000Z","volume":2000,"label":" ","price":3.7},{"type":"A","date":"2018-04-13T01:52:34.000Z","volume":2000,"label":" ","price":3.7},{"type":"A","date":"2018-04-13T01:52:34.000Z","volume":4000,"label":" ","price":3.7},{"type":"A","date":"2018-04-13T01:52:34.000Z","volume":24000,"label":"Y","price":3.7},{"type":"A","date":"2018-04-13T01:52:34.000Z","volume":10000,"label":" ","price":3.7},{"type":"A","date":"2018-04-13T01:53:34.000Z","volume":2000,"label":" ","price":3.7},{"type":"A","date":"2018-04-13T01:53:49.000Z","volume":2000,"label":" ","price":3.7},{"type":"A","date":"2018-04-13T01:53:53.000Z","volume":2000,"label":" ","price":3.7},{"type":"A","date":"2018-04-13T01:54:37.000Z","volume":8000,"label":" ","price":3.7},{"type":"A","date":"2018-04-13T01:56:36.000Z","volume":20000,"label":" ","price":3.7},{"type":"A","date":"2018-04-13T01:56:49.000Z","volume":2000,"label":" ","price":3.7},{"type":"A","date":"2018-04-13T02:00:19.000Z","volume":2000,"label":" ","price":3.7},{"type":"B","date":"2018-04-13T02:00:19.000Z","volume":16000,"label":" ","price":3.69},{"type":"B","date":"2018-04-13T02:00:19.000Z","volume":46000,"label":" ","price":3.69},{"type":"B","date":"2018-04-13T02:00:19.000Z","volume":26000,"label":" ","price":3.68},{"type":"B","date":"2018-04-13T02:00:19.000Z","volume":2000,"label":" ","price":3.69},{"type":"B","date":"2018-04-13T02:00:19.000Z","volume":2000,"label":" ","price":3.69},{"type":"B","date":"2018-04-13T02:00:19.000Z","volume":8000,"label":" ","price":3.69},{"type":"U","date":"2018-04-13T02:00:31.000Z","volume":2000,"label":" ","price":3.69},{"type":"U","date":"2018-04-13T02:00:36.000Z","volume":2000,"label":" ","price":3.69},{"type":"A","date":"2018-04-13T02:01:39.000Z","volume":2000,"label":" ","price":3.69},{"type":"B","date":"2018-04-13T02:04:12.000Z","volume":24000,"label":" ","price":3.68},{"type":"B","date":"2018-04-13T02:05:59.000Z","volume":10000,"label":"Y","price":3.68},{"type":"A","date":"2018-04-13T02:09:51.000Z","volume":2000,"label":" ","price":3.69},{"type":"A","date":"2018-04-13T02:12:59.000Z","volume":16000,"label":" ","price":3.69},{"type":"B","date":"2018-04-13T02:13:12.000Z","volume":24000,"label":" ","price":3.68},{"type":"B","date":"2018-04-13T02:14:38.000Z","volume":4000,"label":" ","price":3.68},{"type":"B","date":"2018-04-13T02:14:55.000Z","volume":16000,"label":" ","price":3.68},{"type":"B","date":"2018-04-13T02:18:11.000Z","volume":90000,"label":" ","price":3.68},{"type":"B","date":"2018-04-13T02:18:11.000Z","volume":18000,"label":" ","price":3.68},{"type":"A","date":"2018-04-13T02:18:11.000Z","volume":4000,"label":" ","price":3.68},{"type":"U","date":"2018-04-13T02:18:16.000Z","volume":10000,"label":"X","price":3.68},{"type":"B","date":"2018-04-13T02:21:13.000Z","volume":24000,"label":" ","price":3.68},{"type":"B","date":"2018-04-13T02:22:32.000Z","volume":62000,"label":" ","price":3.67},{"type":"B","date":"2018-04-13T02:24:03.000Z","volume":20000,"label":" ","price":3.66},{"type":"B","date":"2018-04-13T02:24:03.000Z","volume":2000,"label":" ","price":3.66},{"type":"B","date":"2018-04-13T02:24:03.000Z","volume":26000,"label":" ","price":3.66},{"type":"B","date":"2018-04-13T02:24:03.000Z","volume":2000,"label":" ","price":3.66},{"type":"B","date":"2018-04-13T02:24:11.000Z","volume":2000,"label":"Y","price":3.66},{"type":"B","date":"2018-04-13T02:24:11.000Z","volume":14000,"label":" ","price":3.66},{"type":"A","date":"2018-04-13T02:24:11.000Z","volume":2000,"label":" ","price":3.66},{"type":"B","date":"2018-04-13T02:27:14.000Z","volume":2000,"label":" ","price":3.65},{"type":"B","date":"2018-04-13T02:27:41.000Z","volume":30000,"label":" ","price":3.65},{"type":"B","date":"2018-04-13T02:28:09.000Z","volume":4000,"label":" ","price":3.65},{"type":"B","date":"2018-04-13T02:29:49.000Z","volume":4000,"label":"Y","price":3.65},{"type":"B","date":"2018-04-13T02:29:49.000Z","volume":46000,"label":" ","price":3.65},{"type":"A","date":"2018-04-13T02:32:02.000Z","volume":4000,"label":" ","price":3.66},{"type":"B","date":"2018-04-13T02:32:14.000Z","volume":4000,"label":" ","price":3.65},{"type":"B","date":"2018-04-13T02:33:42.000Z","volume":2000,"label":" ","price":3.65},{"type":"B","date":"2018-04-13T02:33:44.000Z","volume":18000,"label":" ","price":3.65},{"type":"A","date":"2018-04-13T02:36:31.000Z","volume":120000,"label":" ","price":3.66},{"type":"A","date":"2018-04-13T02:36:31.000Z","volume":8000,"label":" ","price":3.66},{"type":"U","date":"2018-04-13T02:36:51.000Z","volume":18000,"label":"X","price":3.66},{"type":"B","date":"2018-04-13T02:36:59.000Z","volume":18000,"label":" ","price":3.66},{"type":"B","date":"2018-04-13T02:37:04.000Z","volume":54000,"label":" ","price":3.65},{"type":"U","date":"2018-04-13T02:37:09.000Z","volume":6000,"label":"X","price":3.65},{"type":"B","date":"2018-04-13T02:39:40.000Z","volume":12000,"label":" ","price":3.65},{"type":"U","date":"2018-04-13T02:39:41.000Z","volume":12000,"label":"X","price":3.65},{"type":"A","date":"2018-04-13T02:44:48.000Z","volume":92000,"label":" ","price":3.66},{"type":"B","date":"2018-04-13T02:45:55.000Z","volume":4000,"label":"Y","price":3.66},{"type":"B","date":"2018-04-13T02:45:55.000Z","volume":20000,"label":" ","price":3.66},{"type":"A","date":"2018-04-13T02:46:06.000Z","volume":2000,"label":" ","price":3.66},{"type":"A","date":"2018-04-13T02:48:32.000Z","volume":4000,"label":" ","price":3.66},{"type":"A","date":"2018-04-13T02:49:17.000Z","volume":4000,"label":" ","price":3.66},{"type":"A","date":"2018-04-13T02:51:44.000Z","volume":50000,"label":" ","price":3.66},{"type":"A","date":"2018-04-13T02:52:04.000Z","volume":82000,"label":" ","price":3.66},{"type":"A","date":"2018-04-13T02:53:19.000Z","volume":2000,"label":" ","price":3.67},{"type":"A","date":"2018-04-13T02:53:19.000Z","volume":2000,"label":" ","price":3.67},{"type":"A","date":"2018-04-13T02:53:50.000Z","volume":4000,"label":" ","price":3.66},{"type":"A","date":"2018-04-13T02:55:05.000Z","volume":12000,"label":" ","price":3.66},{"type":"A","date":"2018-04-13T02:59:17.000Z","volume":2000,"label":" ","price":3.66},{"type":"A","date":"2018-04-13T03:02:48.000Z","volume":2000,"label":" ","price":3.66},{"type":"A","date":"2018-04-13T03:04:05.000Z","volume":6000,"label":" ","price":3.66},{"type":"A","date":"2018-04-13T03:04:32.000Z","volume":2000,"label":" ","price":3.66},{"type":"A","date":"2018-04-13T03:04:32.000Z","volume":2000,"label":" ","price":3.66},{"type":"A","date":"2018-04-13T03:04:46.000Z","volume":14000,"label":" ","price":3.66},{"type":"A","date":"2018-04-13T03:08:55.000Z","volume":16000,"label":"Y","price":3.66},{"type":"A","date":"2018-04-13T03:08:55.000Z","volume":4000,"label":" ","price":3.66},{"type":"A","date":"2018-04-13T03:10:06.000Z","volume":6000,"label":" ","price":3.66},{"type":"A","date":"2018-04-13T03:11:02.000Z","volume":2000,"label":" ","price":3.66},{"type":"A","date":"2018-04-13T03:11:02.000Z","volume":2000,"label":" ","price":3.66},{"type":"A","date":"2018-04-13T03:11:13.000Z","volume":2000,"label":" ","price":3.66},{"type":"A","date":"2018-04-13T03:12:49.000Z","volume":2000,"label":" ","price":3.66},{"type":"A","date":"2018-04-13T03:12:49.000Z","volume":2000,"label":" ","price":3.66},{"type":"A","date":"2018-04-13T03:12:49.000Z","volume":4000,"label":"Y","price":3.66},{"type":"A","date":"2018-04-13T03:12:49.000Z","volume":6000,"label":" ","price":3.66},{"type":"A","date":"2018-04-13T03:14:34.000Z","volume":2000,"label":" ","price":3.66},{"type":"A","date":"2018-04-13T03:14:34.000Z","volume":2000,"label":" ","price":3.66},{"type":"B","date":"2018-04-13T03:17:22.000Z","volume":4000,"label":" ","price":3.65},{"type":"A","date":"2018-04-13T03:20:04.000Z","volume":2000,"label":" ","price":3.66},{"type":"A","date":"2018-04-13T03:20:04.000Z","volume":2000,"label":" ","price":3.66},{"type":"B","date":"2018-04-13T03:20:16.000Z","volume":18000,"label":" ","price":3.65},{"type":"B","date":"2018-04-13T03:20:58.000Z","volume":4000,"label":" ","price":3.65},{"type":"B","date":"2018-04-13T03:21:06.000Z","volume":36000,"label":" ","price":3.65},{"type":"U","date":"2018-04-13T03:21:11.000Z","volume":10000,"label":"X","price":3.65},{"type":"U","date":"2018-04-13T03:21:11.000Z","volume":4000,"label":"X","price":3.65},{"type":"B","date":"2018-04-13T03:21:19.000Z","volume":36000,"label":"Y","price":3.65},{"type":"B","date":"2018-04-13T03:21:19.000Z","volume":50000,"label":" ","price":3.65},{"type":"B","date":"2018-04-13T03:21:19.000Z","volume":8000,"label":" ","price":3.65},{"type":"B","date":"2018-04-13T03:21:19.000Z","volume":40000,"label":" ","price":3.65},{"type":"B","date":"2018-04-13T03:21:19.000Z","volume":14000,"label":" ","price":3.65},{"type":"B","date":"2018-04-13T03:21:19.000Z","volume":2000,"label":" ","price":3.65},{"type":"B","date":"2018-04-13T03:21:20.000Z","volume":4000,"label":" ","price":3.65},{"type":"B","date":"2018-04-13T03:21:20.000Z","volume":34000,"label":" ","price":3.64},{"type":"B","date":"2018-04-13T03:22:47.000Z","volume":120000,"label":" ","price":3.65},{"type":"B","date":"2018-04-13T03:22:47.000Z","volume":80000,"label":" ","price":3.65},{"type":"B","date":"2018-04-13T03:29:16.000Z","volume":8000,"label":" ","price":3.65},{"type":"A","date":"2018-04-13T03:30:14.000Z","volume":140000,"label":" ","price":3.66},{"type":"B","date":"2018-04-13T03:32:55.000Z","volume":52000,"label":" ","price":3.66},{"type":"A","date":"2018-04-13T03:32:55.000Z","volume":8000,"label":" ","price":3.67},{"type":"U","date":"2018-04-13T03:33:00.000Z","volume":18000,"label":"X","price":3.66},{"type":"B","date":"2018-04-13T03:33:05.000Z","volume":8000,"label":" ","price":3.66},{"type":"A","date":"2018-04-13T03:33:32.000Z","volume":2000,"label":" ","price":3.67},{"type":"U","date":"2018-04-13T03:35:11.000Z","volume":2000,"label":"X","price":3.66},{"type":"U","date":"2018-04-13T03:39:35.000Z","volume":12000,"label":"X","price":3.66},{"type":"B","date":"2018-04-13T03:39:42.000Z","volume":2000,"label":" ","price":3.66},{"type":"U","date":"2018-04-13T03:39:46.000Z","volume":26000,"label":"X","price":3.66},{"type":"B","date":"2018-04-13T03:41:02.000Z","volume":10000,"label":" ","price":3.65},{"type":"B","date":"2018-04-13T03:48:47.000Z","volume":18000,"label":" ","price":3.65},{"type":"A","date":"2018-04-13T03:49:19.000Z","volume":2000,"label":" ","price":3.67},{"type":"A","date":"2018-04-13T03:53:17.000Z","volume":2000,"label":" ","price":3.67},{"type":"A","date":"2018-04-13T03:54:53.000Z","volume":2000,"label":" ","price":3.67},{"type":"B","date":"2018-04-13T03:58:00.000Z","volume":2000,"label":" ","price":3.65},{"type":"U","date":"2018-04-13T03:58:13.000Z","volume":12000,"label":" ","price":3.66},{"type":"U","date":"2018-04-13T03:58:18.000Z","volume":4000,"label":"X","price":3.66},{"type":"B","date":"2018-04-13T03:59:47.000Z","volume":4000,"label":" ","price":3.65},{"type":"B","date":"2018-04-13T05:00:01.000Z","volume":18000,"label":" ","price":3.65},{"type":"A","date":"2018-04-13T05:01:32.000Z","volume":2000,"label":" ","price":3.66},{"type":"B","date":"2018-04-13T05:02:48.000Z","volume":6000,"label":" ","price":3.65},{"type":"A","date":"2018-04-13T05:04:02.000Z","volume":6000,"label":" ","price":3.66},{"type":"A","date":"2018-04-13T05:04:02.000Z","volume":8000,"label":" ","price":3.66},{"type":"A","date":"2018-04-13T05:05:30.000Z","volume":20000,"label":" ","price":3.66},{"type":"A","date":"2018-04-13T05:07:23.000Z","volume":2000,"label":" ","price":3.66},{"type":"A","date":"2018-04-13T05:09:32.000Z","volume":2000,"label":" ","price":3.66},{"type":"A","date":"2018-04-13T05:09:32.000Z","volume":4000,"label":" ","price":3.66},{"type":"A","date":"2018-04-13T05:10:12.000Z","volume":2000,"label":" ","price":3.66},{"type":"A","date":"2018-04-13T05:12:32.000Z","volume":2000,"label":" ","price":3.66},{"type":"A","date":"2018-04-13T05:12:32.000Z","volume":4000,"label":" ","price":3.66},{"type":"A","date":"2018-04-13T05:13:32.000Z","volume":2000,"label":" ","price":3.66},{"type":"A","date":"2018-04-13T05:13:32.000Z","volume":4000,"label":" ","price":3.66},{"type":"A","date":"2018-04-13T05:13:32.000Z","volume":2000,"label":" ","price":3.66},{"type":"A","date":"2018-04-13T05:14:27.000Z","volume":12000,"label":"Y","price":3.66},{"type":"A","date":"2018-04-13T05:14:27.000Z","volume":10000,"label":" ","price":3.66},{"type":"A","date":"2018-04-13T05:15:50.000Z","volume":100000,"label":" ","price":3.66},{"type":"A","date":"2018-04-13T05:15:50.000Z","volume":2000,"label":" ","price":3.66},{"type":"B","date":"2018-04-13T05:18:00.000Z","volume":2000,"label":" ","price":3.65},{"type":"A","date":"2018-04-13T05:18:20.000Z","volume":2000,"label":" ","price":3.66},{"type":"B","date":"2018-04-13T05:19:49.000Z","volume":2000,"label":" ","price":3.65},{"type":"A","date":"2018-04-13T05:20:32.000Z","volume":2000,"label":" ","price":3.66},{"type":"A","date":"2018-04-13T05:20:32.000Z","volume":2000,"label":" ","price":3.66},{"type":"B","date":"2018-04-13T05:22:10.000Z","volume":20000,"label":"Y","price":3.65},{"type":"B","date":"2018-04-13T05:22:10.000Z","volume":4000,"label":" ","price":3.65},{"type":"A","date":"2018-04-13T05:22:10.000Z","volume":2000,"label":" ","price":3.66},{"type":"A","date":"2018-04-13T05:23:42.000Z","volume":2000,"label":" ","price":3.66},{"type":"A","date":"2018-04-13T05:24:56.000Z","volume":2000,"label":" ","price":3.66},{"type":"A","date":"2018-04-13T05:26:57.000Z","volume":10000,"label":" ","price":3.66},{"type":"A","date":"2018-04-13T05:26:57.000Z","volume":2000,"label":" ","price":3.66},{"type":"A","date":"2018-04-13T05:27:35.000Z","volume":2000,"label":" ","price":3.66},{"type":"A","date":"2018-04-13T05:27:36.000Z","volume":2000,"label":" ","price":3.66},{"type":"A","date":"2018-04-13T05:29:41.000Z","volume":2000,"label":" ","price":3.66},{"type":"B","date":"2018-04-13T05:30:15.000Z","volume":4000,"label":"Y","price":3.65},{"type":"B","date":"2018-04-13T05:30:49.000Z","volume":12000,"label":" ","price":3.65},{"type":"A","date":"2018-04-13T05:31:02.000Z","volume":2000,"label":" ","price":3.66},{"type":"A","date":"2018-04-13T05:31:02.000Z","volume":2000,"label":" ","price":3.66},{"type":"A","date":"2018-04-13T05:32:19.000Z","volume":2000,"label":" ","price":3.66},{"type":"A","date":"2018-04-13T05:32:20.000Z","volume":2000,"label":" ","price":3.66},{"type":"A","date":"2018-04-13T05:34:09.000Z","volume":6000,"label":" ","price":3.66},{"type":"A","date":"2018-04-13T05:36:28.000Z","volume":2000,"label":" ","price":3.66},{"type":"A","date":"2018-04-13T05:37:17.000Z","volume":2000,"label":" ","price":3.66},{"type":"A","date":"2018-04-13T05:37:17.000Z","volume":2000,"label":" ","price":3.66},{"type":"A","date":"2018-04-13T05:37:32.000Z","volume":2000,"label":" ","price":3.66},{"type":"A","date":"2018-04-13T05:37:32.000Z","volume":2000,"label":" ","price":3.66},{"type":"A","date":"2018-04-13T05:37:32.000Z","volume":2000,"label":" ","price":3.66},{"type":"A","date":"2018-04-13T05:37:32.000Z","volume":2000,"label":" ","price":3.66},{"type":"A","date":"2018-04-13T05:37:32.000Z","volume":2000,"label":" ","price":3.66},{"type":"B","date":"2018-04-13T05:37:49.000Z","volume":24000,"label":" ","price":3.65},{"type":"A","date":"2018-04-13T05:40:24.000Z","volume":54000,"label":" ","price":3.66},{"type":"A","date":"2018-04-13T05:40:28.000Z","volume":2000,"label":" ","price":3.66},{"type":"A","date":"2018-04-13T05:40:36.000Z","volume":10000,"label":" ","price":3.66},{"type":"A","date":"2018-04-13T05:43:02.000Z","volume":2000,"label":" ","price":3.66},{"type":"A","date":"2018-04-13T05:43:02.000Z","volume":2000,"label":" ","price":3.66},{"type":"A","date":"2018-04-13T05:45:12.000Z","volume":2000,"label":" ","price":3.66},{"type":"A","date":"2018-04-13T05:46:02.000Z","volume":2000,"label":" ","price":3.66},{"type":"A","date":"2018-04-13T05:46:18.000Z","volume":2000,"label":" ","price":3.66},{"type":"A","date":"2018-04-13T05:46:18.000Z","volume":2000,"label":" ","price":3.66},{"type":"A","date":"2018-04-13T05:47:26.000Z","volume":2000,"label":" ","price":3.66},{"type":"A","date":"2018-04-13T05:49:47.000Z","volume":2000,"label":" ","price":3.66},{"type":"A","date":"2018-04-13T05:49:47.000Z","volume":2000,"label":" ","price":3.66},{"type":"A","date":"2018-04-13T05:49:47.000Z","volume":2000,"label":" ","price":3.66},{"type":"A","date":"2018-04-13T05:50:02.000Z","volume":2000,"label":" ","price":3.66},{"type":"A","date":"2018-04-13T05:51:32.000Z","volume":2000,"label":" ","price":3.66},{"type":"A","date":"2018-04-13T05:51:38.000Z","volume":2000,"label":" ","price":3.66},{"type":"A","date":"2018-04-13T05:51:49.000Z","volume":20000,"label":" ","price":3.66},{"type":"A","date":"2018-04-13T05:54:54.000Z","volume":2000,"label":" ","price":3.66},{"type":"A","date":"2018-04-13T05:54:54.000Z","volume":4000,"label":" ","price":3.66},{"type":"A","date":"2018-04-13T05:56:17.000Z","volume":2000,"label":" ","price":3.66},{"type":"A","date":"2018-04-13T05:57:57.000Z","volume":2000,"label":" ","price":3.66},{"type":"A","date":"2018-04-13T05:59:02.000Z","volume":2000,"label":" ","price":3.66},{"type":"B","date":"2018-04-13T06:00:20.000Z","volume":18000,"label":" ","price":3.65},{"type":"A","date":"2018-04-13T06:00:20.000Z","volume":2000,"label":" ","price":3.66},{"type":"A","date":"2018-04-13T06:00:32.000Z","volume":2000,"label":" ","price":3.66},{"type":"A","date":"2018-04-13T06:01:17.000Z","volume":2000,"label":" ","price":3.66},{"type":"B","date":"2018-04-13T06:01:44.000Z","volume":2000,"label":" ","price":3.65},{"type":"A","date":"2018-04-13T06:02:54.000Z","volume":2000,"label":" ","price":3.66},{"type":"A","date":"2018-04-13T06:03:54.000Z","volume":2000,"label":" ","price":3.66},{"type":"B","date":"2018-04-13T06:04:36.000Z","volume":100000,"label":" ","price":3.65},{"type":"B","date":"2018-04-13T06:04:36.000Z","volume":28000,"label":" ","price":3.65},{"type":"B","date":"2018-04-13T06:04:36.000Z","volume":2000,"label":" ","price":3.65},{"type":"B","date":"2018-04-13T06:04:37.000Z","volume":2000,"label":" ","price":3.65},{"type":"A","date":"2018-04-13T06:10:15.000Z","volume":42000,"label":" ","price":3.65},{"type":"B","date":"2018-04-13T06:10:20.000Z","volume":18000,"label":" ","price":3.64},{"type":"A","date":"2018-04-13T06:11:07.000Z","volume":2000,"label":" ","price":3.65},{"type":"A","date":"2018-04-13T06:11:08.000Z","volume":10000,"label":" ","price":3.65},{"type":"A","date":"2018-04-13T06:13:57.000Z","volume":2000,"label":" ","price":3.65},{"type":"A","date":"2018-04-13T06:14:49.000Z","volume":2000,"label":" ","price":3.65},{"type":"A","date":"2018-04-13T06:16:30.000Z","volume":2000,"label":" ","price":3.65},{"type":"A","date":"2018-04-13T06:17:22.000Z","volume":2000,"label":" ","price":3.65},{"type":"A","date":"2018-04-13T06:18:33.000Z","volume":8000,"label":" ","price":3.65},{"type":"A","date":"2018-04-13T06:18:33.000Z","volume":10000,"label":" ","price":3.65},{"type":"A","date":"2018-04-13T06:18:33.000Z","volume":10000,"label":" ","price":3.65},{"type":"A","date":"2018-04-13T06:18:33.000Z","volume":8000,"label":" ","price":3.65},{"type":"A","date":"2018-04-13T06:18:33.000Z","volume":2000,"label":" ","price":3.65},{"type":"B","date":"2018-04-13T06:19:21.000Z","volume":6000,"label":" ","price":3.64},{"type":"A","date":"2018-04-13T06:19:39.000Z","volume":2000,"label":" ","price":3.65},{"type":"A","date":"2018-04-13T06:21:17.000Z","volume":2000,"label":" ","price":3.65},{"type":"A","date":"2018-04-13T06:21:17.000Z","volume":2000,"label":" ","price":3.65},{"type":"A","date":"2018-04-13T06:22:37.000Z","volume":2000,"label":" ","price":3.65},{"type":"B","date":"2018-04-13T06:22:51.000Z","volume":6000,"label":" ","price":3.64},{"type":"A","date":"2018-04-13T06:25:05.000Z","volume":10000,"label":" ","price":3.65},{"type":"A","date":"2018-04-13T06:25:05.000Z","volume":2000,"label":" ","price":3.65},{"type":"A","date":"2018-04-13T06:25:32.000Z","volume":2000,"label":" ","price":3.65},{"type":"B","date":"2018-04-13T06:25:51.000Z","volume":8000,"label":" ","price":3.64},{"type":"A","date":"2018-04-13T06:28:12.000Z","volume":2000,"label":" ","price":3.65},{"type":"A","date":"2018-04-13T06:28:17.000Z","volume":2000,"label":" ","price":3.65},{"type":"A","date":"2018-04-13T06:28:47.000Z","volume":2000,"label":" ","price":3.65},{"type":"A","date":"2018-04-13T06:28:47.000Z","volume":2000,"label":" ","price":3.65},{"type":"A","date":"2018-04-13T06:29:09.000Z","volume":20000,"label":" ","price":3.65},{"type":"A","date":"2018-04-13T06:29:17.000Z","volume":2000,"label":" ","price":3.65},{"type":"A","date":"2018-04-13T06:30:54.000Z","volume":2000,"label":" ","price":3.65},{"type":"A","date":"2018-04-13T06:30:54.000Z","volume":2000,"label":" ","price":3.65},{"type":"B","date":"2018-04-13T06:30:58.000Z","volume":2000,"label":" ","price":3.64},{"type":"U","date":"2018-04-13T06:31:03.000Z","volume":22000,"label":"X","price":3.64},{"type":"U","date":"2018-04-13T06:31:03.000Z","volume":4000,"label":"X","price":3.64},{"type":"A","date":"2018-04-13T06:31:32.000Z","volume":2000,"label":" ","price":3.65},{"type":"A","date":"2018-04-13T06:33:47.000Z","volume":2000,"label":" ","price":3.65},{"type":"A","date":"2018-04-13T06:33:47.000Z","volume":2000,"label":" ","price":3.65},{"type":"A","date":"2018-04-13T06:33:47.000Z","volume":4000,"label":" ","price":3.65},{"type":"A","date":"2018-04-13T06:35:02.000Z","volume":2000,"label":" ","price":3.65},{"type":"A","date":"2018-04-13T06:36:02.000Z","volume":2000,"label":" ","price":3.65},{"type":"A","date":"2018-04-13T06:36:23.000Z","volume":2000,"label":" ","price":3.65},{"type":"B","date":"2018-04-13T06:37:58.000Z","volume":210000,"label":" ","price":3.64},{"type":"B","date":"2018-04-13T06:37:58.000Z","volume":24000,"label":" ","price":3.64},{"type":"B","date":"2018-04-13T06:37:58.000Z","volume":2000,"label":" ","price":3.64},{"type":"U","date":"2018-04-13T06:38:03.000Z","volume":24000,"label":"X","price":3.64},{"type":"A","date":"2018-04-13T06:40:50.000Z","volume":2000,"label":" ","price":3.64},{"type":"A","date":"2018-04-13T06:40:51.000Z","volume":2000,"label":" ","price":3.64},{"type":"A","date":"2018-04-13T06:42:17.000Z","volume":100000,"label":" ","price":3.64},{"type":"A","date":"2018-04-13T06:42:48.000Z","volume":10000,"label":" ","price":3.64},{"type":"A","date":"2018-04-13T06:46:55.000Z","volume":2000,"label":" ","price":3.64},{"type":"A","date":"2018-04-13T06:47:32.000Z","volume":10000,"label":" ","price":3.64},{"type":"A","date":"2018-04-13T06:47:35.000Z","volume":6000,"label":" ","price":3.64},{"type":"A","date":"2018-04-13T06:47:58.000Z","volume":52000,"label":" ","price":3.64},{"type":"B","date":"2018-04-13T06:48:05.000Z","volume":70000,"label":" ","price":3.64},{"type":"A","date":"2018-04-13T06:49:40.000Z","volume":16000,"label":" ","price":3.64},{"type":"A","date":"2018-04-13T06:50:24.000Z","volume":2000,"label":" ","price":3.64},{"type":"A","date":"2018-04-13T06:53:19.000Z","volume":4000,"label":" ","price":3.64},{"type":"A","date":"2018-04-13T06:55:07.000Z","volume":2000,"label":" ","price":3.64},{"type":"A","date":"2018-04-13T06:56:32.000Z","volume":2000,"label":" ","price":3.64},{"type":"A","date":"2018-04-13T06:56:32.000Z","volume":2000,"label":" ","price":3.64},{"type":"A","date":"2018-04-13T06:58:39.000Z","volume":2000,"label":" ","price":3.64},{"type":"A","date":"2018-04-13T07:00:58.000Z","volume":2000,"label":"Y","price":3.64},{"type":"A","date":"2018-04-13T07:00:59.000Z","volume":2000,"label":" ","price":3.64},{"type":"A","date":"2018-04-13T07:01:47.000Z","volume":2000,"label":" ","price":3.64},{"type":"A","date":"2018-04-13T07:01:47.000Z","volume":2000,"label":" ","price":3.64},{"type":"A","date":"2018-04-13T07:02:02.000Z","volume":2000,"label":" ","price":3.64},{"type":"A","date":"2018-04-13T07:02:39.000Z","volume":40000,"label":" ","price":3.64},{"type":"A","date":"2018-04-13T07:03:17.000Z","volume":2000,"label":" ","price":3.64},{"type":"A","date":"2018-04-13T07:03:32.000Z","volume":2000,"label":" ","price":3.64},{"type":"A","date":"2018-04-13T07:03:42.000Z","volume":20000,"label":" ","price":3.64},{"type":"A","date":"2018-04-13T07:03:52.000Z","volume":2000,"label":" ","price":3.64},{"type":"B","date":"2018-04-13T07:04:44.000Z","volume":174000,"label":" ","price":3.63},{"type":"B","date":"2018-04-13T07:04:44.000Z","volume":52000,"label":" ","price":3.63},{"type":"B","date":"2018-04-13T07:04:44.000Z","volume":8000,"label":" ","price":3.63},{"type":"A","date":"2018-04-13T07:08:24.000Z","volume":2000,"label":" ","price":3.64},{"type":"A","date":"2018-04-13T07:10:02.000Z","volume":2000,"label":" ","price":3.64},{"type":"B","date":"2018-04-13T07:10:20.000Z","volume":10000,"label":" ","price":3.63},{"type":"B","date":"2018-04-13T07:10:47.000Z","volume":4000,"label":" ","price":3.63},{"type":"B","date":"2018-04-13T07:10:56.000Z","volume":8000,"label":"Y","price":3.63},{"type":"B","date":"2018-04-13T07:10:56.000Z","volume":68000,"label":" ","price":3.63},{"type":"A","date":"2018-04-13T07:12:30.000Z","volume":2000,"label":"Y","price":3.63},{"type":"A","date":"2018-04-13T07:14:47.000Z","volume":2000,"label":" ","price":3.63},{"type":"A","date":"2018-04-13T07:15:04.000Z","volume":10000,"label":"Y","price":3.63},{"type":"A","date":"2018-04-13T07:16:34.000Z","volume":20000,"label":" ","price":3.63},{"type":"A","date":"2018-04-13T07:17:54.000Z","volume":2000,"label":" ","price":3.63},{"type":"A","date":"2018-04-13T07:18:16.000Z","volume":100000,"label":" ","price":3.63},{"type":"A","date":"2018-04-13T07:18:16.000Z","volume":18000,"label":" ","price":3.63},{"type":"A","date":"2018-04-13T07:19:17.000Z","volume":2000,"label":" ","price":3.64},{"type":"A","date":"2018-04-13T07:19:17.000Z","volume":2000,"label":" ","price":3.64},{"type":"A","date":"2018-04-13T07:20:27.000Z","volume":2000,"label":" ","price":3.64},{"type":"A","date":"2018-04-13T07:22:03.000Z","volume":10000,"label":" ","price":3.64},{"type":"A","date":"2018-04-13T07:22:03.000Z","volume":2000,"label":" ","price":3.64},{"type":"A","date":"2018-04-13T07:23:19.000Z","volume":4000,"label":" ","price":3.64},{"type":"A","date":"2018-04-13T07:23:19.000Z","volume":4000,"label":" ","price":3.64},{"type":"A","date":"2018-04-13T07:25:47.000Z","volume":2000,"label":" ","price":3.64},{"type":"A","date":"2018-04-13T07:25:47.000Z","volume":2000,"label":" ","price":3.64},{"type":"A","date":"2018-04-13T07:25:53.000Z","volume":2000,"label":" ","price":3.64},{"type":"A","date":"2018-04-13T07:25:56.000Z","volume":50000,"label":" ","price":3.64},{"type":"A","date":"2018-04-13T07:26:17.000Z","volume":2000,"label":" ","price":3.64},{"type":"A","date":"2018-04-13T07:26:17.000Z","volume":2000,"label":" ","price":3.64},{"type":"A","date":"2018-04-13T07:26:26.000Z","volume":18000,"label":" ","price":3.64},{"type":"A","date":"2018-04-13T07:26:39.000Z","volume":2000,"label":" ","price":3.64},{"type":"A","date":"2018-04-13T07:27:47.000Z","volume":2000,"label":" ","price":3.64},{"type":"A","date":"2018-04-13T07:27:47.000Z","volume":2000,"label":" ","price":3.64},{"type":"A","date":"2018-04-13T07:28:54.000Z","volume":2000,"label":" ","price":3.64},{"type":"A","date":"2018-04-13T07:29:35.000Z","volume":2000,"label":" ","price":3.64},{"type":"A","date":"2018-04-13T07:29:36.000Z","volume":2000,"label":" ","price":3.64},{"type":"A","date":"2018-04-13T07:30:02.000Z","volume":2000,"label":" ","price":3.64},{"type":"A","date":"2018-04-13T07:30:17.000Z","volume":2000,"label":" ","price":3.64},{"type":"A","date":"2018-04-13T07:30:17.000Z","volume":2000,"label":" ","price":3.64},{"type":"A","date":"2018-04-13T07:30:26.000Z","volume":20000,"label":" ","price":3.64},{"type":"A","date":"2018-04-13T07:31:31.000Z","volume":2000,"label":" ","price":3.64},{"type":"A","date":"2018-04-13T07:33:41.000Z","volume":2000,"label":" ","price":3.64},{"type":"A","date":"2018-04-13T07:33:41.000Z","volume":2000,"label":" ","price":3.64},{"type":"A","date":"2018-04-13T07:34:02.000Z","volume":2000,"label":" ","price":3.64},{"type":"A","date":"2018-04-13T07:34:37.000Z","volume":20000,"label":" ","price":3.64},{"type":"A","date":"2018-04-13T07:35:02.000Z","volume":2000,"label":" ","price":3.64},{"type":"A","date":"2018-04-13T07:35:47.000Z","volume":2000,"label":" ","price":3.64},{"type":"A","date":"2018-04-13T07:36:17.000Z","volume":2000,"label":" ","price":3.64},{"type":"A","date":"2018-04-13T07:36:50.000Z","volume":2000,"label":" ","price":3.64},{"type":"B","date":"2018-04-13T07:38:14.000Z","volume":4000,"label":" ","price":3.63},{"type":"U","date":"2018-04-13T07:38:19.000Z","volume":16000,"label":"X","price":3.63},{"type":"B","date":"2018-04-13T07:38:19.000Z","volume":30000,"label":" ","price":3.63},{"type":"A","date":"2018-04-13T07:38:26.000Z","volume":18000,"label":" ","price":3.64},{"type":"A","date":"2018-04-13T07:39:02.000Z","volume":2000,"label":" ","price":3.64},{"type":"A","date":"2018-04-13T07:39:17.000Z","volume":2000,"label":" ","price":3.64},{"type":"A","date":"2018-04-13T07:39:47.000Z","volume":2000,"label":" ","price":3.64},{"type":"A","date":"2018-04-13T07:40:02.000Z","volume":2000,"label":" ","price":3.64},{"type":"B","date":"2018-04-13T07:41:37.000Z","volume":4000,"label":" ","price":3.63},{"type":"U","date":"2018-04-13T07:41:42.000Z","volume":16000,"label":"X","price":3.63},{"type":"A","date":"2018-04-13T07:41:47.000Z","volume":2000,"label":" ","price":3.64},{"type":"A","date":"2018-04-13T07:41:47.000Z","volume":2000,"label":" ","price":3.64},{"type":"A","date":"2018-04-13T07:41:56.000Z","volume":2000,"label":" ","price":3.64},{"type":"A","date":"2018-04-13T07:42:26.000Z","volume":16000,"label":" ","price":3.64},{"type":"A","date":"2018-04-13T07:43:31.000Z","volume":2000,"label":" ","price":3.64},{"type":"A","date":"2018-04-13T07:44:17.000Z","volume":2000,"label":" ","price":3.64},{"type":"A","date":"2018-04-13T07:44:17.000Z","volume":96000,"label":" ","price":3.64},{"type":"A","date":"2018-04-13T07:44:32.000Z","volume":2000,"label":" ","price":3.65},{"type":"A","date":"2018-04-13T07:44:49.000Z","volume":2000,"label":" ","price":3.64},{"type":"A","date":"2018-04-13T07:45:09.000Z","volume":2000,"label":" ","price":3.64},{"type":"A","date":"2018-04-13T07:45:47.000Z","volume":2000,"label":" ","price":3.64},{"type":"A","date":"2018-04-13T07:45:56.000Z","volume":20000,"label":" ","price":3.64},{"type":"A","date":"2018-04-13T07:47:02.000Z","volume":2000,"label":" ","price":3.64},{"type":"A","date":"2018-04-13T07:47:02.000Z","volume":2000,"label":" ","price":3.64},{"type":"A","date":"2018-04-13T07:47:39.000Z","volume":10000,"label":" ","price":3.64},{"type":"A","date":"2018-04-13T07:47:39.000Z","volume":2000,"label":" ","price":3.64},{"type":"A","date":"2018-04-13T07:47:40.000Z","volume":12000,"label":" ","price":3.64},{"type":"A","date":"2018-04-13T07:47:40.000Z","volume":16000,"label":" ","price":3.64},{"type":"A","date":"2018-04-13T07:47:40.000Z","volume":2000,"label":" ","price":3.64},{"type":"A","date":"2018-04-13T07:47:40.000Z","volume":12000,"label":" ","price":3.64},{"type":"A","date":"2018-04-13T07:47:46.000Z","volume":22000,"label":" ","price":3.64},{"type":"A","date":"2018-04-13T07:47:46.000Z","volume":2000,"label":" ","price":3.64},{"type":"A","date":"2018-04-13T07:47:47.000Z","volume":2000,"label":" ","price":3.64},{"type":"A","date":"2018-04-13T07:47:47.000Z","volume":8000,"label":" ","price":3.64},{"type":"B","date":"2018-04-13T07:49:01.000Z","volume":18000,"label":" ","price":3.64},{"type":"B","date":"2018-04-13T07:49:01.000Z","volume":22000,"label":" ","price":3.63},{"type":"A","date":"2018-04-13T07:49:17.000Z","volume":2000,"label":" ","price":3.64},{"type":"A","date":"2018-04-13T07:49:18.000Z","volume":2000,"label":" ","price":3.64},{"type":"A","date":"2018-04-13T07:49:26.000Z","volume":8000,"label":" ","price":3.64},{"type":"B","date":"2018-04-13T07:49:47.000Z","volume":2000,"label":" ","price":3.63},{"type":"A","date":"2018-04-13T07:51:55.000Z","volume":4000,"label":" ","price":3.64},{"type":"B","date":"2018-04-13T07:52:18.000Z","volume":2000,"label":" ","price":3.63},{"type":"A","date":"2018-04-13T07:52:50.000Z","volume":4000,"label":" ","price":3.64},{"type":"A","date":"2018-04-13T07:53:08.000Z","volume":4000,"label":" ","price":3.64},{"type":"B","date":"2018-04-13T07:53:10.000Z","volume":2000,"label":" ","price":3.63},{"type":"A","date":"2018-04-13T07:53:13.000Z","volume":2000,"label":" ","price":3.64},{"type":"A","date":"2018-04-13T07:53:39.000Z","volume":2000,"label":" ","price":3.64},{"type":"U","date":"2018-04-13T07:53:49.000Z","volume":1126,"label":"D","price":3.64},{"type":"A","date":"2018-04-13T07:54:43.000Z","volume":2000,"label":" ","price":3.64},{"type":"A","date":"2018-04-13T07:55:32.000Z","volume":2000,"label":" ","price":3.64},{"type":"A","date":"2018-04-13T07:55:43.000Z","volume":2000,"label":" ","price":3.64},{"type":"A","date":"2018-04-13T07:55:47.000Z","volume":2000,"label":" ","price":3.64},{"type":"A","date":"2018-04-13T07:56:21.000Z","volume":2000,"label":" ","price":3.64},{"type":"A","date":"2018-04-13T07:56:32.000Z","volume":2000,"label":" ","price":3.64},{"type":"A","date":"2018-04-13T07:56:32.000Z","volume":2000,"label":" ","price":3.64},{"type":"A","date":"2018-04-13T07:56:43.000Z","volume":2000,"label":" ","price":3.64},{"type":"A","date":"2018-04-13T07:56:47.000Z","volume":2000,"label":" ","price":3.64},{"type":"A","date":"2018-04-13T07:57:02.000Z","volume":2000,"label":" ","price":3.64},{"type":"B","date":"2018-04-13T07:57:28.000Z","volume":20000,"label":" ","price":3.63},{"type":"U","date":"2018-04-13T07:57:30.000Z","volume":14000,"label":"X","price":3.63},{"type":"U","date":"2018-04-13T07:57:30.000Z","volume":4000,"label":"X","price":3.63},{"type":"U","date":"2018-04-13T07:57:30.000Z","volume":2000,"label":"X","price":3.63},{"type":"A","date":"2018-04-13T07:57:32.000Z","volume":2000,"label":" ","price":3.64},{"type":"U","date":"2018-04-13T07:57:33.000Z","volume":2000,"label":"X","price":3.63},{"type":"A","date":"2018-04-13T07:57:43.000Z","volume":2000,"label":" ","price":3.64},{"type":"A","date":"2018-04-13T07:57:54.000Z","volume":2000,"label":" ","price":3.64},{"type":"U","date":"2018-04-13T07:58:03.000Z","volume":20000,"label":"X","price":3.63},{"type":"U","date":"2018-04-13T07:58:07.000Z","volume":2000,"label":"X","price":3.63},{"type":"U","date":"2018-04-13T07:58:20.000Z","volume":2000,"label":"X","price":3.63},{"type":"A","date":"2018-04-13T07:58:43.000Z","volume":2000,"label":" ","price":3.64},{"type":"A","date":"2018-04-13T07:58:44.000Z","volume":2000,"label":" ","price":3.64},{"type":"A","date":"2018-04-13T07:58:55.000Z","volume":86000,"label":"Y","price":3.64},{"type":"A","date":"2018-04-13T07:58:55.000Z","volume":60000,"label":" ","price":3.64},{"type":"A","date":"2018-04-13T07:59:01.000Z","volume":2000,"label":" ","price":3.65},{"type":"B","date":"2018-04-13T07:59:03.000Z","volume":2000,"label":" ","price":3.64},{"type":"B","date":"2018-04-13T07:59:19.000Z","volume":120000,"label":"Y","price":3.64},{"type":"A","date":"2018-04-13T07:59:35.000Z","volume":2000,"label":" ","price":3.65},{"type":"A","date":"2018-04-13T07:59:39.000Z","volume":2000,"label":" ","price":3.65},{"type":"A","date":"2018-04-13T07:59:40.000Z","volume":2000,"label":" ","price":3.65},{"type":"A","date":"2018-04-13T07:59:55.000Z","volume":2000,"label":" ","price":3.65},{"type":"U","date":"2018-04-13T08:08:17.000Z","volume":24000,"label":"U","price":3.64}]