[{"type":"U","date":"2018-03-21T01:20:00.000Z","volume":4000,"label":"U","price":4},{"type":"B","date":"2018-03-21T01:33:39.000Z","volume":16000,"label":" ","price":3.95},{"type":"A","date":"2018-03-21T02:05:17.000Z","volume":6000,"label":" ","price":3.98},{"type":"B","date":"2018-03-21T02:05:54.000Z","volume":2000,"label":" ","price":3.98},{"type":"B","date":"2018-03-21T02:06:00.000Z","volume":8000,"label":" ","price":3.98},{"type":"A","date":"2018-03-21T02:08:06.000Z","volume":2000,"label":" ","price":3.99},{"type":"B","date":"2018-03-21T02:09:12.000Z","volume":6000,"label":" ","price":3.99},{"type":"B","date":"2018-03-21T02:09:12.000Z","volume":4000,"label":" ","price":3.99},{"type":"A","date":"2018-03-21T02:09:31.000Z","volume":10000,"label":" ","price":4},{"type":"B","date":"2018-03-21T02:09:48.000Z","volume":2000,"label":" ","price":3.98},{"type":"B","date":"2018-03-21T02:32:52.000Z","volume":6000,"label":" ","price":3.98},{"type":"B","date":"2018-03-21T02:32:52.000Z","volume":2000,"label":" ","price":3.98},{"type":"A","date":"2018-03-21T02:51:27.000Z","volume":6000,"label":" ","price":3.99},{"type":"A","date":"2018-03-21T02:51:27.000Z","volume":4000,"label":" ","price":4},{"type":"A","date":"2018-03-21T02:53:09.000Z","volume":4000,"label":" ","price":4.01},{"type":"A","date":"2018-03-21T02:53:28.000Z","volume":4000,"label":" ","price":4.01},{"type":"A","date":"2018-03-21T02:53:28.000Z","volume":2000,"label":" ","price":4.02},{"type":"A","date":"2018-03-21T02:54:07.000Z","volume":2000,"label":" ","price":4.01},{"type":"A","date":"2018-03-21T02:54:59.000Z","volume":2000,"label":" ","price":4.01},{"type":"A","date":"2018-03-21T02:54:59.000Z","volume":2000,"label":" ","price":4.02},{"type":"A","date":"2018-03-21T02:55:11.000Z","volume":4000,"label":" ","price":4.02},{"type":"B","date":"2018-03-21T02:57:56.000Z","volume":4000,"label":" ","price":4.01},{"type":"A","date":"2018-03-21T02:58:15.000Z","volume":6000,"label":" ","price":4.02},{"type":"A","date":"2018-03-21T02:58:15.000Z","volume":2000,"label":" ","price":4.04},{"type":"B","date":"2018-03-21T02:58:52.000Z","volume":10000,"label":" ","price":4},{"type":"A","date":"2018-03-21T03:47:13.000Z","volume":2000,"label":" ","price":4},{"type":"A","date":"2018-03-21T03:57:10.000Z","volume":2000,"label":" ","price":4},{"type":"A","date":"2018-03-21T05:18:02.000Z","volume":2000,"label":" ","price":4},{"type":"A","date":"2018-03-21T05:20:06.000Z","volume":20000,"label":" ","price":4},{"type":"A","date":"2018-03-21T05:20:06.000Z","volume":2000,"label":" ","price":4.03},{"type":"A","date":"2018-03-21T05:21:52.000Z","volume":10000,"label":" ","price":4.03},{"type":"A","date":"2018-03-21T05:21:52.000Z","volume":2000,"label":" ","price":4.04},{"type":"A","date":"2018-03-21T05:27:01.000Z","volume":10000,"label":" ","price":4.04},{"type":"A","date":"2018-03-21T05:27:01.000Z","volume":2000,"label":" ","price":4.05},{"type":"A","date":"2018-03-21T05:27:20.000Z","volume":2000,"label":" ","price":4.05},{"type":"A","date":"2018-03-21T05:33:14.000Z","volume":2000,"label":" ","price":4.04},{"type":"A","date":"2018-03-21T05:36:55.000Z","volume":2000,"label":" ","price":4.04},{"type":"A","date":"2018-03-21T06:08:32.000Z","volume":2000,"label":" ","price":4.04},{"type":"B","date":"2018-03-21T06:12:55.000Z","volume":2000,"label":" ","price":4.03},{"type":"A","date":"2018-03-21T06:28:42.000Z","volume":12000,"label":" ","price":4.03},{"type":"B","date":"2018-03-21T06:30:58.000Z","volume":4000,"label":" ","price":4.03},{"type":"B","date":"2018-03-21T06:32:06.000Z","volume":20000,"label":"Y","price":4.03},{"type":"B","date":"2018-03-21T06:32:06.000Z","volume":10000,"label":" ","price":4.03},{"type":"B","date":"2018-03-21T06:32:06.000Z","volume":4000,"label":" ","price":4.03},{"type":"B","date":"2018-03-21T06:32:07.000Z","volume":2000,"label":" ","price":4.01},{"type":"B","date":"2018-03-21T06:32:07.000Z","volume":4000,"label":" ","price":4.01},{"type":"A","date":"2018-03-21T07:43:50.000Z","volume":10000,"label":" ","price":4},{"type":"A","date":"2018-03-21T07:51:29.000Z","volume":2000,"label":" ","price":4.04},{"type":"A","date":"2018-03-21T07:51:47.000Z","volume":2000,"label":" ","price":4.04},{"type":"A","date":"2018-03-21T07:54:43.000Z","volume":2000,"label":" ","price":4.04},{"type":"A","date":"2018-03-21T07:59:00.000Z","volume":2000,"label":" ","price":4.04},{"type":"B","date":"2018-03-21T07:59:00.000Z","volume":2000,"label":" ","price":4},{"type":"A","date":"2018-03-21T07:59:18.000Z","volume":2000,"label":" ","price":4.04},{"type":"U","date":"2018-03-21T08:08:46.000Z","volume":36000,"label":"U","price":3.97}]