[{"type":"B","date":"2018-03-21T01:30:00.000Z","volume":3000,"label":" ","price":9.68},{"type":"B","date":"2018-03-21T01:30:04.000Z","volume":1000,"label":" ","price":9.59},{"type":"A","date":"2018-03-21T01:30:26.000Z","volume":57000,"label":" ","price":9.58},{"type":"B","date":"2018-03-21T01:30:31.000Z","volume":1000,"label":" ","price":9.57},{"type":"A","date":"2018-03-21T01:30:32.000Z","volume":1000,"label":" ","price":9.6},{"type":"A","date":"2018-03-21T01:35:08.000Z","volume":10000,"label":" ","price":9.63},{"type":"A","date":"2018-03-21T01:35:31.000Z","volume":5000,"label":" ","price":9.63},{"type":"B","date":"2018-03-21T01:37:04.000Z","volume":1000,"label":" ","price":9.58},{"type":"B","date":"2018-03-21T01:42:39.000Z","volume":1000,"label":" ","price":9.6},{"type":"B","date":"2018-03-21T01:42:44.000Z","volume":9000,"label":" ","price":9.6},{"type":"A","date":"2018-03-21T01:43:14.000Z","volume":5000,"label":" ","price":9.6},{"type":"A","date":"2018-03-21T01:45:27.000Z","volume":9000,"label":" ","price":9.6},{"type":"A","date":"2018-03-21T01:45:27.000Z","volume":1000,"label":" ","price":9.61},{"type":"B","date":"2018-03-21T01:45:27.000Z","volume":1000,"label":" ","price":9.61},{"type":"B","date":"2018-03-21T01:45:27.000Z","volume":1000,"label":" ","price":9.61},{"type":"B","date":"2018-03-21T01:45:41.000Z","volume":8000,"label":" ","price":9.61},{"type":"B","date":"2018-03-21T01:46:20.000Z","volume":8000,"label":" ","price":9.59},{"type":"A","date":"2018-03-21T01:48:51.000Z","volume":1000,"label":" ","price":9.64},{"type":"B","date":"2018-03-21T01:51:38.000Z","volume":4000,"label":" ","price":9.59},{"type":"B","date":"2018-03-21T01:52:01.000Z","volume":24000,"label":" ","price":9.58},{"type":"B","date":"2018-03-21T01:52:01.000Z","volume":5000,"label":" ","price":9.58},{"type":"A","date":"2018-03-21T01:55:19.000Z","volume":14000,"label":" ","price":9.58},{"type":"A","date":"2018-03-21T01:55:19.000Z","volume":4000,"label":" ","price":9.59},{"type":"B","date":"2018-03-21T01:55:19.000Z","volume":32000,"label":" ","price":9.59},{"type":"B","date":"2018-03-21T01:57:54.000Z","volume":3000,"label":" ","price":9.57},{"type":"B","date":"2018-03-21T01:57:54.000Z","volume":3000,"label":" ","price":9.57},{"type":"A","date":"2018-03-21T02:00:08.000Z","volume":4000,"label":" ","price":9.59},{"type":"U","date":"2018-03-21T02:00:56.000Z","volume":2000,"label":" ","price":9.58},{"type":"U","date":"2018-03-21T02:00:56.000Z","volume":4000,"label":" ","price":9.58},{"type":"B","date":"2018-03-21T02:01:58.000Z","volume":2000,"label":" ","price":9.57},{"type":"B","date":"2018-03-21T02:02:03.000Z","volume":10000,"label":" ","price":9.56},{"type":"B","date":"2018-03-21T02:02:03.000Z","volume":1000,"label":" ","price":9.56},{"type":"B","date":"2018-03-21T02:02:23.000Z","volume":2000,"label":" ","price":9.57},{"type":"B","date":"2018-03-21T02:02:23.000Z","volume":1000,"label":" ","price":9.57},{"type":"B","date":"2018-03-21T02:04:51.000Z","volume":2000,"label":" ","price":9.57},{"type":"B","date":"2018-03-21T02:04:51.000Z","volume":2000,"label":" ","price":9.57},{"type":"B","date":"2018-03-21T02:07:35.000Z","volume":38000,"label":"Y","price":9.56},{"type":"B","date":"2018-03-21T02:07:37.000Z","volume":4000,"label":" ","price":9.56},{"type":"B","date":"2018-03-21T02:07:41.000Z","volume":1000,"label":" ","price":9.55},{"type":"A","date":"2018-03-21T02:10:52.000Z","volume":29000,"label":" ","price":9.56},{"type":"A","date":"2018-03-21T02:10:52.000Z","volume":6000,"label":" ","price":9.57},{"type":"B","date":"2018-03-21T02:10:59.000Z","volume":1000,"label":" ","price":9.56},{"type":"A","date":"2018-03-21T02:10:59.000Z","volume":13000,"label":" ","price":9.59},{"type":"A","date":"2018-03-21T02:10:59.000Z","volume":7000,"label":" ","price":9.59},{"type":"A","date":"2018-03-21T02:13:52.000Z","volume":45000,"label":" ","price":9.6},{"type":"B","date":"2018-03-21T02:13:52.000Z","volume":5000,"label":" ","price":9.6},{"type":"B","date":"2018-03-21T02:15:59.000Z","volume":1000,"label":"Y","price":9.56},{"type":"A","date":"2018-03-21T02:16:52.000Z","volume":10000,"label":" ","price":9.59},{"type":"A","date":"2018-03-21T02:17:02.000Z","volume":13000,"label":" ","price":9.6},{"type":"B","date":"2018-03-21T02:17:02.000Z","volume":1000,"label":" ","price":9.6},{"type":"A","date":"2018-03-21T02:17:02.000Z","volume":2000,"label":" ","price":9.61},{"type":"A","date":"2018-03-21T02:17:02.000Z","volume":7000,"label":" ","price":9.61},{"type":"A","date":"2018-03-21T02:17:02.000Z","volume":12000,"label":" ","price":9.64},{"type":"A","date":"2018-03-21T02:17:02.000Z","volume":5000,"label":" ","price":9.64},{"type":"A","date":"2018-03-21T02:21:42.000Z","volume":11000,"label":" ","price":9.63},{"type":"A","date":"2018-03-21T02:21:42.000Z","volume":27000,"label":" ","price":9.63},{"type":"A","date":"2018-03-21T02:21:42.000Z","volume":12000,"label":" ","price":9.63},{"type":"B","date":"2018-03-21T02:35:25.000Z","volume":1000,"label":" ","price":9.57},{"type":"B","date":"2018-03-21T02:35:31.000Z","volume":2000,"label":" ","price":9.57},{"type":"B","date":"2018-03-21T02:35:59.000Z","volume":1000,"label":"Y","price":9.57},{"type":"B","date":"2018-03-21T02:35:59.000Z","volume":5000,"label":" ","price":9.57},{"type":"B","date":"2018-03-21T02:40:20.000Z","volume":1000,"label":" ","price":9.57},{"type":"A","date":"2018-03-21T02:42:29.000Z","volume":1000,"label":" ","price":9.58},{"type":"B","date":"2018-03-21T02:47:30.000Z","volume":2000,"label":" ","price":9.57},{"type":"A","date":"2018-03-21T02:48:04.000Z","volume":1000,"label":" ","price":9.6},{"type":"B","date":"2018-03-21T02:48:33.000Z","volume":13000,"label":" ","price":9.57},{"type":"B","date":"2018-03-21T02:49:18.000Z","volume":1000,"label":"Y","price":9.56},{"type":"A","date":"2018-03-21T02:55:58.000Z","volume":33000,"label":" ","price":9.57},{"type":"B","date":"2018-03-21T02:57:48.000Z","volume":17000,"label":" ","price":9.57},{"type":"B","date":"2018-03-21T02:57:58.000Z","volume":20000,"label":" ","price":9.56},{"type":"B","date":"2018-03-21T02:57:58.000Z","volume":7000,"label":" ","price":9.56},{"type":"A","date":"2018-03-21T02:58:54.000Z","volume":48000,"label":" ","price":9.57},{"type":"A","date":"2018-03-21T02:58:54.000Z","volume":1000,"label":" ","price":9.58},{"type":"B","date":"2018-03-21T02:59:02.000Z","volume":2000,"label":"Y","price":9.57},{"type":"B","date":"2018-03-21T02:59:02.000Z","volume":1000,"label":" ","price":9.55},{"type":"A","date":"2018-03-21T03:05:47.000Z","volume":10000,"label":" ","price":9.57},{"type":"A","date":"2018-03-21T03:07:33.000Z","volume":2000,"label":" ","price":9.57},{"type":"A","date":"2018-03-21T03:08:04.000Z","volume":6000,"label":" ","price":9.63},{"type":"A","date":"2018-03-21T03:08:04.000Z","volume":3000,"label":" ","price":9.64},{"type":"A","date":"2018-03-21T03:08:04.000Z","volume":1000,"label":" ","price":9.66},{"type":"A","date":"2018-03-21T03:08:04.000Z","volume":1000,"label":" ","price":9.68},{"type":"A","date":"2018-03-21T03:29:54.000Z","volume":1000,"label":" ","price":9.59},{"type":"A","date":"2018-03-21T03:30:35.000Z","volume":2000,"label":" ","price":9.59},{"type":"A","date":"2018-03-21T03:31:17.000Z","volume":24000,"label":" ","price":9.59},{"type":"A","date":"2018-03-21T03:31:27.000Z","volume":54000,"label":" ","price":9.6},{"type":"A","date":"2018-03-21T03:31:27.000Z","volume":1000,"label":" ","price":9.61},{"type":"A","date":"2018-03-21T03:37:47.000Z","volume":1000,"label":" ","price":9.61},{"type":"A","date":"2018-03-21T03:42:47.000Z","volume":1000,"label":" ","price":9.6},{"type":"A","date":"2018-03-21T03:58:51.000Z","volume":20000,"label":" ","price":9.6},{"type":"A","date":"2018-03-21T05:00:05.000Z","volume":1000,"label":" ","price":9.59},{"type":"B","date":"2018-03-21T05:00:22.000Z","volume":6000,"label":" ","price":9.57},{"type":"B","date":"2018-03-21T05:00:22.000Z","volume":1000,"label":" ","price":9.57},{"type":"B","date":"2018-03-21T05:00:53.000Z","volume":2000,"label":" ","price":9.57},{"type":"B","date":"2018-03-21T05:01:23.000Z","volume":1000,"label":" ","price":9.57},{"type":"B","date":"2018-03-21T05:01:23.000Z","volume":1000,"label":" ","price":9.57},{"type":"B","date":"2018-03-21T05:03:10.000Z","volume":4000,"label":" ","price":9.56},{"type":"B","date":"2018-03-21T05:06:20.000Z","volume":8000,"label":" ","price":9.56},{"type":"B","date":"2018-03-21T05:07:15.000Z","volume":8000,"label":" ","price":9.55},{"type":"B","date":"2018-03-21T05:07:24.000Z","volume":3000,"label":" ","price":9.54},{"type":"B","date":"2018-03-21T05:09:54.000Z","volume":1000,"label":" ","price":9.54},{"type":"B","date":"2018-03-21T05:11:53.000Z","volume":1000,"label":" ","price":9.54},{"type":"B","date":"2018-03-21T05:12:46.000Z","volume":1000,"label":" ","price":9.54},{"type":"B","date":"2018-03-21T05:16:54.000Z","volume":1000,"label":" ","price":9.54},{"type":"B","date":"2018-03-21T05:17:54.000Z","volume":2000,"label":" ","price":9.52},{"type":"B","date":"2018-03-21T05:17:54.000Z","volume":1000,"label":" ","price":9.52},{"type":"B","date":"2018-03-21T05:18:53.000Z","volume":2000,"label":" ","price":9.52},{"type":"A","date":"2018-03-21T05:19:13.000Z","volume":1000,"label":" ","price":9.55},{"type":"B","date":"2018-03-21T05:19:53.000Z","volume":2000,"label":" ","price":9.52},{"type":"A","date":"2018-03-21T05:19:56.000Z","volume":1000,"label":" ","price":9.54},{"type":"B","date":"2018-03-21T05:20:54.000Z","volume":1000,"label":" ","price":9.52},{"type":"B","date":"2018-03-21T05:20:54.000Z","volume":1000,"label":" ","price":9.52},{"type":"B","date":"2018-03-21T05:21:54.000Z","volume":2000,"label":" ","price":9.52},{"type":"B","date":"2018-03-21T05:22:54.000Z","volume":3000,"label":" ","price":9.52},{"type":"B","date":"2018-03-21T05:23:54.000Z","volume":1000,"label":" ","price":9.52},{"type":"B","date":"2018-03-21T05:23:54.000Z","volume":1000,"label":" ","price":9.52},{"type":"B","date":"2018-03-21T05:24:53.000Z","volume":2000,"label":" ","price":9.52},{"type":"B","date":"2018-03-21T05:25:54.000Z","volume":2000,"label":" ","price":9.52},{"type":"B","date":"2018-03-21T05:26:53.000Z","volume":1000,"label":" ","price":9.52},{"type":"A","date":"2018-03-21T05:27:23.000Z","volume":1000,"label":" ","price":9.53},{"type":"B","date":"2018-03-21T05:27:54.000Z","volume":2000,"label":" ","price":9.52},{"type":"B","date":"2018-03-21T05:27:54.000Z","volume":1000,"label":" ","price":9.52},{"type":"B","date":"2018-03-21T05:28:54.000Z","volume":1000,"label":" ","price":9.52},{"type":"B","date":"2018-03-21T05:29:14.000Z","volume":4000,"label":" ","price":9.52},{"type":"B","date":"2018-03-21T05:29:54.000Z","volume":2000,"label":" ","price":9.51},{"type":"B","date":"2018-03-21T05:30:54.000Z","volume":3000,"label":" ","price":9.51},{"type":"B","date":"2018-03-21T05:30:54.000Z","volume":11000,"label":" ","price":9.51},{"type":"B","date":"2018-03-21T05:30:54.000Z","volume":1000,"label":" ","price":9.51},{"type":"B","date":"2018-03-21T05:31:09.000Z","volume":69000,"label":" ","price":9.5},{"type":"B","date":"2018-03-21T05:31:09.000Z","volume":46000,"label":" ","price":9.5},{"type":"B","date":"2018-03-21T05:31:14.000Z","volume":27000,"label":" ","price":9.5},{"type":"B","date":"2018-03-21T05:31:14.000Z","volume":1000,"label":" ","price":9.5},{"type":"B","date":"2018-03-21T05:31:37.000Z","volume":8000,"label":" ","price":9.5},{"type":"B","date":"2018-03-21T05:31:54.000Z","volume":4000,"label":" ","price":9.5},{"type":"A","date":"2018-03-21T05:32:01.000Z","volume":3000,"label":" ","price":9.51},{"type":"A","date":"2018-03-21T05:32:50.000Z","volume":2000,"label":" ","price":9.51},{"type":"B","date":"2018-03-21T05:32:54.000Z","volume":4000,"label":" ","price":9.5},{"type":"B","date":"2018-03-21T05:32:54.000Z","volume":1000,"label":" ","price":9.5},{"type":"B","date":"2018-03-21T05:33:54.000Z","volume":4000,"label":" ","price":9.5},{"type":"B","date":"2018-03-21T05:34:23.000Z","volume":10000,"label":" ","price":9.5},{"type":"B","date":"2018-03-21T05:34:54.000Z","volume":1000,"label":" ","price":9.5},{"type":"B","date":"2018-03-21T05:34:54.000Z","volume":1000,"label":" ","price":9.5},{"type":"B","date":"2018-03-21T05:35:07.000Z","volume":3000,"label":" ","price":9.5},{"type":"B","date":"2018-03-21T05:37:54.000Z","volume":2000,"label":" ","price":9.5},{"type":"B","date":"2018-03-21T05:38:54.000Z","volume":2000,"label":" ","price":9.5},{"type":"B","date":"2018-03-21T05:39:55.000Z","volume":2000,"label":" ","price":9.5},{"type":"B","date":"2018-03-21T05:39:55.000Z","volume":1000,"label":" ","price":9.5},{"type":"B","date":"2018-03-21T05:40:54.000Z","volume":1000,"label":" ","price":9.5},{"type":"B","date":"2018-03-21T05:41:54.000Z","volume":1000,"label":" ","price":9.5},{"type":"B","date":"2018-03-21T05:42:54.000Z","volume":1000,"label":" ","price":9.5},{"type":"B","date":"2018-03-21T05:43:54.000Z","volume":2000,"label":" ","price":9.5},{"type":"B","date":"2018-03-21T05:44:54.000Z","volume":2000,"label":" ","price":9.5},{"type":"B","date":"2018-03-21T05:44:55.000Z","volume":1000,"label":" ","price":9.5},{"type":"B","date":"2018-03-21T05:45:05.000Z","volume":1000,"label":" ","price":9.5},{"type":"B","date":"2018-03-21T05:45:53.000Z","volume":1000,"label":" ","price":9.5},{"type":"B","date":"2018-03-21T05:45:54.000Z","volume":1000,"label":" ","price":9.5},{"type":"B","date":"2018-03-21T05:47:54.000Z","volume":1000,"label":" ","price":9.5},{"type":"B","date":"2018-03-21T05:47:56.000Z","volume":1000,"label":" ","price":9.5},{"type":"B","date":"2018-03-21T05:49:54.000Z","volume":1000,"label":" ","price":9.5},{"type":"B","date":"2018-03-21T05:53:55.000Z","volume":2000,"label":" ","price":9.5},{"type":"B","date":"2018-03-21T05:54:54.000Z","volume":2000,"label":" ","price":9.5},{"type":"B","date":"2018-03-21T05:54:54.000Z","volume":1000,"label":" ","price":9.5},{"type":"B","date":"2018-03-21T05:55:54.000Z","volume":2000,"label":" ","price":9.5},{"type":"B","date":"2018-03-21T05:56:54.000Z","volume":1000,"label":" ","price":9.5},{"type":"B","date":"2018-03-21T05:57:21.000Z","volume":9000,"label":" ","price":9.5},{"type":"B","date":"2018-03-21T05:57:54.000Z","volume":1000,"label":" ","price":9.49},{"type":"B","date":"2018-03-21T05:58:55.000Z","volume":5000,"label":" ","price":9.48},{"type":"B","date":"2018-03-21T05:58:55.000Z","volume":1000,"label":" ","price":9.48},{"type":"B","date":"2018-03-21T05:59:55.000Z","volume":1000,"label":" ","price":9.48},{"type":"B","date":"2018-03-21T05:59:55.000Z","volume":5000,"label":" ","price":9.48},{"type":"B","date":"2018-03-21T06:00:55.000Z","volume":1000,"label":" ","price":9.48},{"type":"B","date":"2018-03-21T06:00:55.000Z","volume":4000,"label":" ","price":9.48},{"type":"B","date":"2018-03-21T06:01:54.000Z","volume":3000,"label":" ","price":9.48},{"type":"B","date":"2018-03-21T06:02:54.000Z","volume":1000,"label":" ","price":9.48},{"type":"B","date":"2018-03-21T06:02:54.000Z","volume":4000,"label":" ","price":9.48},{"type":"B","date":"2018-03-21T06:03:54.000Z","volume":3000,"label":" ","price":9.48},{"type":"B","date":"2018-03-21T06:04:26.000Z","volume":5000,"label":" ","price":9.48},{"type":"B","date":"2018-03-21T06:04:43.000Z","volume":3000,"label":" ","price":9.48},{"type":"B","date":"2018-03-21T06:04:54.000Z","volume":2000,"label":" ","price":9.48},{"type":"B","date":"2018-03-21T06:05:55.000Z","volume":1000,"label":" ","price":9.48},{"type":"B","date":"2018-03-21T06:06:07.000Z","volume":4000,"label":" ","price":9.48},{"type":"B","date":"2018-03-21T06:06:55.000Z","volume":1000,"label":" ","price":9.47},{"type":"B","date":"2018-03-21T06:07:05.000Z","volume":2000,"label":" ","price":9.47},{"type":"B","date":"2018-03-21T06:07:55.000Z","volume":1000,"label":" ","price":9.46},{"type":"B","date":"2018-03-21T06:08:46.000Z","volume":2000,"label":" ","price":9.46},{"type":"B","date":"2018-03-21T06:10:38.000Z","volume":1000,"label":" ","price":9.46},{"type":"B","date":"2018-03-21T06:10:54.000Z","volume":3000,"label":" ","price":9.45},{"type":"B","date":"2018-03-21T06:11:24.000Z","volume":10000,"label":" ","price":9.45},{"type":"B","date":"2018-03-21T06:11:55.000Z","volume":1000,"label":" ","price":9.45},{"type":"B","date":"2018-03-21T06:12:55.000Z","volume":1000,"label":" ","price":9.45},{"type":"B","date":"2018-03-21T06:13:33.000Z","volume":3000,"label":" ","price":9.45},{"type":"B","date":"2018-03-21T06:13:55.000Z","volume":1000,"label":" ","price":9.43},{"type":"B","date":"2018-03-21T06:13:55.000Z","volume":1000,"label":" ","price":9.43},{"type":"B","date":"2018-03-21T06:14:36.000Z","volume":3000,"label":" ","price":9.43},{"type":"B","date":"2018-03-21T06:14:36.000Z","volume":1000,"label":" ","price":9.43},{"type":"B","date":"2018-03-21T06:14:54.000Z","volume":1000,"label":" ","price":9.43},{"type":"B","date":"2018-03-21T06:15:54.000Z","volume":2000,"label":" ","price":9.43},{"type":"B","date":"2018-03-21T06:16:54.000Z","volume":1000,"label":" ","price":9.43},{"type":"B","date":"2018-03-21T06:17:08.000Z","volume":1000,"label":" ","price":9.43},{"type":"B","date":"2018-03-21T06:17:08.000Z","volume":1000,"label":" ","price":9.43},{"type":"B","date":"2018-03-21T06:17:54.000Z","volume":1000,"label":" ","price":9.43},{"type":"B","date":"2018-03-21T06:17:54.000Z","volume":2000,"label":" ","price":9.43},{"type":"B","date":"2018-03-21T06:18:42.000Z","volume":7000,"label":"Y","price":9.43},{"type":"B","date":"2018-03-21T06:18:42.000Z","volume":4000,"label":" ","price":9.43},{"type":"B","date":"2018-03-21T06:18:55.000Z","volume":1000,"label":"Y","price":9.42},{"type":"B","date":"2018-03-21T06:19:55.000Z","volume":1000,"label":"Y","price":9.42},{"type":"A","date":"2018-03-21T06:20:03.000Z","volume":2000,"label":" ","price":9.43},{"type":"B","date":"2018-03-21T06:20:55.000Z","volume":1000,"label":" ","price":9.42},{"type":"B","date":"2018-03-21T06:22:54.000Z","volume":1000,"label":" ","price":9.42},{"type":"A","date":"2018-03-21T06:23:23.000Z","volume":5000,"label":" ","price":9.43},{"type":"B","date":"2018-03-21T06:24:55.000Z","volume":1000,"label":" ","price":9.42},{"type":"B","date":"2018-03-21T06:27:55.000Z","volume":1000,"label":" ","price":9.42},{"type":"B","date":"2018-03-21T06:27:55.000Z","volume":1000,"label":" ","price":9.42},{"type":"B","date":"2018-03-21T06:29:40.000Z","volume":3000,"label":" ","price":9.42},{"type":"B","date":"2018-03-21T06:29:40.000Z","volume":3000,"label":" ","price":9.41},{"type":"B","date":"2018-03-21T06:29:40.000Z","volume":5000,"label":"Y","price":9.4},{"type":"B","date":"2018-03-21T06:29:54.000Z","volume":2000,"label":"Y","price":9.4},{"type":"B","date":"2018-03-21T06:29:54.000Z","volume":15000,"label":"Y","price":9.4},{"type":"B","date":"2018-03-21T06:29:54.000Z","volume":19000,"label":" ","price":9.4},{"type":"B","date":"2018-03-21T06:30:55.000Z","volume":1000,"label":"Y","price":9.4},{"type":"B","date":"2018-03-21T06:30:55.000Z","volume":8000,"label":"Y","price":9.4},{"type":"B","date":"2018-03-21T06:31:55.000Z","volume":1000,"label":"Y","price":9.41},{"type":"A","date":"2018-03-21T06:32:43.000Z","volume":35000,"label":" ","price":9.42},{"type":"B","date":"2018-03-21T06:32:55.000Z","volume":1000,"label":" ","price":9.4},{"type":"B","date":"2018-03-21T06:32:55.000Z","volume":7000,"label":" ","price":9.4},{"type":"B","date":"2018-03-21T06:33:55.000Z","volume":5000,"label":" ","price":9.4},{"type":"B","date":"2018-03-21T06:33:55.000Z","volume":1000,"label":" ","price":9.4},{"type":"B","date":"2018-03-21T06:34:04.000Z","volume":10000,"label":" ","price":9.4},{"type":"B","date":"2018-03-21T06:34:54.000Z","volume":1000,"label":" ","price":9.4},{"type":"B","date":"2018-03-21T06:34:55.000Z","volume":3000,"label":" ","price":9.4},{"type":"B","date":"2018-03-21T06:35:54.000Z","volume":2000,"label":" ","price":9.4},{"type":"B","date":"2018-03-21T06:36:55.000Z","volume":2000,"label":" ","price":9.4},{"type":"A","date":"2018-03-21T06:37:05.000Z","volume":4000,"label":" ","price":9.41},{"type":"B","date":"2018-03-21T06:37:55.000Z","volume":2000,"label":" ","price":9.4},{"type":"B","date":"2018-03-21T06:37:55.000Z","volume":1000,"label":" ","price":9.4},{"type":"B","date":"2018-03-21T06:38:55.000Z","volume":1000,"label":" ","price":9.4},{"type":"B","date":"2018-03-21T06:39:55.000Z","volume":1000,"label":" ","price":9.4},{"type":"B","date":"2018-03-21T06:40:19.000Z","volume":5000,"label":" ","price":9.4},{"type":"B","date":"2018-03-21T06:40:55.000Z","volume":3000,"label":"Y","price":9.39},{"type":"B","date":"2018-03-21T06:41:55.000Z","volume":2000,"label":"Y","price":9.39},{"type":"B","date":"2018-03-21T06:41:55.000Z","volume":1000,"label":"Y","price":9.39},{"type":"B","date":"2018-03-21T06:42:55.000Z","volume":2000,"label":"Y","price":9.39},{"type":"B","date":"2018-03-21T06:43:55.000Z","volume":1000,"label":" ","price":9.38},{"type":"B","date":"2018-03-21T06:43:56.000Z","volume":3000,"label":" ","price":9.38},{"type":"B","date":"2018-03-21T06:44:30.000Z","volume":4000,"label":" ","price":9.38},{"type":"B","date":"2018-03-21T06:44:39.000Z","volume":9000,"label":" ","price":9.38},{"type":"B","date":"2018-03-21T06:44:55.000Z","volume":1000,"label":" ","price":9.38},{"type":"B","date":"2018-03-21T06:46:55.000Z","volume":2000,"label":" ","price":9.38},{"type":"B","date":"2018-03-21T06:47:55.000Z","volume":2000,"label":" ","price":9.38},{"type":"B","date":"2018-03-21T06:48:55.000Z","volume":2000,"label":" ","price":9.38},{"type":"B","date":"2018-03-21T06:48:55.000Z","volume":1000,"label":" ","price":9.38},{"type":"B","date":"2018-03-21T06:49:55.000Z","volume":1000,"label":" ","price":9.38},{"type":"B","date":"2018-03-21T06:50:55.000Z","volume":1000,"label":" ","price":9.38},{"type":"B","date":"2018-03-21T06:51:55.000Z","volume":1000,"label":" ","price":9.38},{"type":"B","date":"2018-03-21T06:51:56.000Z","volume":1000,"label":" ","price":9.38},{"type":"B","date":"2018-03-21T06:53:55.000Z","volume":3000,"label":" ","price":9.38},{"type":"B","date":"2018-03-21T06:53:55.000Z","volume":1000,"label":"Y","price":9.38},{"type":"B","date":"2018-03-21T06:54:55.000Z","volume":3000,"label":"Y","price":9.38},{"type":"A","date":"2018-03-21T06:54:55.000Z","volume":1000,"label":" ","price":9.39},{"type":"B","date":"2018-03-21T06:55:55.000Z","volume":2000,"label":"Y","price":9.38},{"type":"B","date":"2018-03-21T06:56:56.000Z","volume":1000,"label":"Y","price":9.38},{"type":"B","date":"2018-03-21T06:56:56.000Z","volume":4000,"label":"Y","price":9.38},{"type":"B","date":"2018-03-21T06:57:55.000Z","volume":2000,"label":"Y","price":9.38},{"type":"B","date":"2018-03-21T06:58:55.000Z","volume":2000,"label":"Y","price":9.38},{"type":"B","date":"2018-03-21T06:58:55.000Z","volume":1000,"label":"Y","price":9.38},{"type":"B","date":"2018-03-21T06:59:55.000Z","volume":2000,"label":" ","price":9.38},{"type":"B","date":"2018-03-21T07:00:55.000Z","volume":2000,"label":" ","price":9.38},{"type":"B","date":"2018-03-21T07:01:51.000Z","volume":3000,"label":" ","price":9.38},{"type":"B","date":"2018-03-21T07:02:55.000Z","volume":1000,"label":" ","price":9.38},{"type":"A","date":"2018-03-21T07:04:23.000Z","volume":10000,"label":" ","price":9.39},{"type":"B","date":"2018-03-21T07:04:55.000Z","volume":1000,"label":" ","price":9.38},{"type":"B","date":"2018-03-21T07:04:55.000Z","volume":1000,"label":" ","price":9.38},{"type":"B","date":"2018-03-21T07:05:55.000Z","volume":1000,"label":" ","price":9.38},{"type":"B","date":"2018-03-21T07:06:55.000Z","volume":1000,"label":" ","price":9.38},{"type":"B","date":"2018-03-21T07:08:55.000Z","volume":1000,"label":" ","price":9.38},{"type":"B","date":"2018-03-21T07:09:56.000Z","volume":1000,"label":" ","price":9.38},{"type":"B","date":"2018-03-21T07:10:55.000Z","volume":1000,"label":" ","price":9.38},{"type":"B","date":"2018-03-21T07:10:56.000Z","volume":1000,"label":" ","price":9.38},{"type":"B","date":"2018-03-21T07:11:55.000Z","volume":1000,"label":" ","price":9.38},{"type":"B","date":"2018-03-21T07:11:55.000Z","volume":1000,"label":" ","price":9.38},{"type":"B","date":"2018-03-21T07:15:56.000Z","volume":1000,"label":" ","price":9.38},{"type":"B","date":"2018-03-21T07:18:52.000Z","volume":1000,"label":"Y","price":9.38},{"type":"B","date":"2018-03-21T07:18:52.000Z","volume":1000,"label":" ","price":9.38},{"type":"B","date":"2018-03-21T07:18:55.000Z","volume":3000,"label":" ","price":9.37},{"type":"B","date":"2018-03-21T07:19:55.000Z","volume":1000,"label":" ","price":9.37},{"type":"B","date":"2018-03-21T07:19:55.000Z","volume":3000,"label":" ","price":9.37},{"type":"B","date":"2018-03-21T07:20:55.000Z","volume":2000,"label":" ","price":9.37},{"type":"B","date":"2018-03-21T07:21:55.000Z","volume":1000,"label":" ","price":9.37},{"type":"B","date":"2018-03-21T07:22:56.000Z","volume":1000,"label":" ","price":9.37},{"type":"B","date":"2018-03-21T07:23:56.000Z","volume":1000,"label":" ","price":9.37},{"type":"B","date":"2018-03-21T07:23:56.000Z","volume":2000,"label":" ","price":9.37},{"type":"B","date":"2018-03-21T07:25:55.000Z","volume":1000,"label":" ","price":9.37},{"type":"B","date":"2018-03-21T07:26:12.000Z","volume":5000,"label":" ","price":9.37},{"type":"B","date":"2018-03-21T07:26:55.000Z","volume":12000,"label":"Y","price":9.36},{"type":"B","date":"2018-03-21T07:26:55.000Z","volume":2000,"label":"Y","price":9.36},{"type":"B","date":"2018-03-21T07:28:52.000Z","volume":1000,"label":"Y","price":9.36},{"type":"B","date":"2018-03-21T07:28:52.000Z","volume":5000,"label":"Y","price":9.36},{"type":"A","date":"2018-03-21T07:28:56.000Z","volume":20000,"label":" ","price":9.37},{"type":"A","date":"2018-03-21T07:29:41.000Z","volume":20000,"label":" ","price":9.37},{"type":"B","date":"2018-03-21T07:30:51.000Z","volume":4000,"label":"Y","price":9.36},{"type":"B","date":"2018-03-21T07:32:51.000Z","volume":4000,"label":"Y","price":9.36},{"type":"B","date":"2018-03-21T07:32:51.000Z","volume":1000,"label":"Y","price":9.36},{"type":"B","date":"2018-03-21T07:34:52.000Z","volume":1000,"label":"Y","price":9.36},{"type":"B","date":"2018-03-21T07:34:52.000Z","volume":4000,"label":"Y","price":9.36},{"type":"B","date":"2018-03-21T07:36:51.000Z","volume":3000,"label":"Y","price":9.36},{"type":"B","date":"2018-03-21T07:38:51.000Z","volume":1000,"label":"Y","price":9.36},{"type":"B","date":"2018-03-21T07:38:51.000Z","volume":4000,"label":"Y","price":9.36},{"type":"B","date":"2018-03-21T07:39:13.000Z","volume":5000,"label":" ","price":9.36},{"type":"B","date":"2018-03-21T07:40:52.000Z","volume":3000,"label":"Y","price":9.36},{"type":"B","date":"2018-03-21T07:42:51.000Z","volume":1000,"label":"Y","price":9.36},{"type":"B","date":"2018-03-21T07:42:52.000Z","volume":3000,"label":"Y","price":9.36},{"type":"B","date":"2018-03-21T07:44:51.000Z","volume":2000,"label":"Y","price":9.36},{"type":"B","date":"2018-03-21T07:46:51.000Z","volume":2000,"label":"Y","price":9.36},{"type":"B","date":"2018-03-21T07:48:52.000Z","volume":1000,"label":"Y","price":9.36},{"type":"B","date":"2018-03-21T07:48:52.000Z","volume":1000,"label":" ","price":9.36},{"type":"B","date":"2018-03-21T07:48:52.000Z","volume":1000,"label":" ","price":9.36},{"type":"A","date":"2018-03-21T07:49:46.000Z","volume":5000,"label":" ","price":9.37},{"type":"B","date":"2018-03-21T07:50:52.000Z","volume":2000,"label":" ","price":9.36},{"type":"A","date":"2018-03-21T07:51:41.000Z","volume":20000,"label":" ","price":9.37},{"type":"A","date":"2018-03-21T07:52:17.000Z","volume":1000,"label":" ","price":9.37},{"type":"A","date":"2018-03-21T07:52:28.000Z","volume":1000,"label":" ","price":9.37},{"type":"B","date":"2018-03-21T07:52:51.000Z","volume":1000,"label":" ","price":9.36},{"type":"A","date":"2018-03-21T07:53:18.000Z","volume":10000,"label":" ","price":9.37},{"type":"B","date":"2018-03-21T07:54:52.000Z","volume":1000,"label":" ","price":9.36},{"type":"B","date":"2018-03-21T07:56:52.000Z","volume":1000,"label":" ","price":9.36},{"type":"B","date":"2018-03-21T07:56:52.000Z","volume":1000,"label":" ","price":9.36},{"type":"A","date":"2018-03-21T07:57:11.000Z","volume":1000,"label":" ","price":9.37},{"type":"B","date":"2018-03-21T07:58:00.000Z","volume":1000,"label":" ","price":9.36},{"type":"B","date":"2018-03-21T07:58:51.000Z","volume":1000,"label":" ","price":9.36},{"type":"B","date":"2018-03-21T07:59:03.000Z","volume":1000,"label":" ","price":9.36},{"type":"B","date":"2018-03-21T07:59:03.000Z","volume":1000,"label":" ","price":9.36},{"type":"B","date":"2018-03-21T07:59:26.000Z","volume":3000,"label":" ","price":9.36},{"type":"U","date":"2018-03-21T08:08:46.000Z","volume":69000,"label":"U","price":9.32}]