[{"type":"A","date":"2018-04-27T01:36:47.000Z","volume":5000,"label":" ","price":0.96},{"type":"A","date":"2018-04-27T01:36:47.000Z","volume":5000,"label":" ","price":0.97},{"type":"A","date":"2018-04-27T01:57:08.000Z","volume":5000,"label":" ","price":0.97},{"type":"A","date":"2018-04-27T02:01:52.000Z","volume":50000,"label":" ","price":0.97},{"type":"A","date":"2018-04-27T02:02:36.000Z","volume":10000,"label":" ","price":0.97},{"type":"A","date":"2018-04-27T02:05:24.000Z","volume":5000,"label":" ","price":0.97},{"type":"A","date":"2018-04-27T02:09:57.000Z","volume":5000,"label":" ","price":0.97},{"type":"A","date":"2018-04-27T02:21:51.000Z","volume":5000,"label":" ","price":0.97},{"type":"A","date":"2018-04-27T02:32:53.000Z","volume":10000,"label":" ","price":0.97},{"type":"A","date":"2018-04-27T02:53:29.000Z","volume":10000,"label":" ","price":0.97},{"type":"A","date":"2018-04-27T03:09:37.000Z","volume":5000,"label":" ","price":0.97},{"type":"A","date":"2018-04-27T03:28:57.000Z","volume":20000,"label":" ","price":0.97},{"type":"B","date":"2018-04-27T03:50:51.000Z","volume":30000,"label":" ","price":0.95},{"type":"A","date":"2018-04-27T03:51:10.000Z","volume":5000,"label":" ","price":0.96},{"type":"A","date":"2018-04-27T05:08:12.000Z","volume":5000,"label":" ","price":0.96},{"type":"A","date":"2018-04-27T05:31:21.000Z","volume":5000,"label":" ","price":0.96},{"type":"A","date":"2018-04-27T05:31:33.000Z","volume":5000,"label":" ","price":0.96},{"type":"A","date":"2018-04-27T05:31:41.000Z","volume":10000,"label":" ","price":0.97},{"type":"A","date":"2018-04-27T06:12:26.000Z","volume":5000,"label":" ","price":0.97},{"type":"A","date":"2018-04-27T06:26:06.000Z","volume":5000,"label":" ","price":0.97},{"type":"A","date":"2018-04-27T07:04:21.000Z","volume":5000,"label":" ","price":0.97},{"type":"A","date":"2018-04-27T07:31:56.000Z","volume":10000,"label":" ","price":0.97},{"type":"A","date":"2018-04-27T07:41:26.000Z","volume":5000,"label":" ","price":0.97},{"type":"A","date":"2018-04-27T07:50:15.000Z","volume":5000,"label":" ","price":0.97},{"type":"B","date":"2018-04-27T07:52:57.000Z","volume":45000,"label":" ","price":0.97}]