[{"type":"A","date":"2018-05-02T01:35:10.000Z","volume":200000,"label":" ","price":1.12},{"type":"A","date":"2018-05-02T01:35:17.000Z","volume":30000,"label":" ","price":1.12},{"type":"A","date":"2018-05-02T01:40:24.000Z","volume":120000,"label":" ","price":1.12},{"type":"A","date":"2018-05-02T01:46:18.000Z","volume":30000,"label":" ","price":1.12},{"type":"B","date":"2018-05-02T01:55:43.000Z","volume":104000,"label":" ","price":1.11},{"type":"A","date":"2018-05-02T01:59:44.000Z","volume":96000,"label":" ","price":1.11},{"type":"A","date":"2018-05-02T01:59:57.000Z","volume":56000,"label":" ","price":1.11},{"type":"A","date":"2018-05-02T02:00:06.000Z","volume":40000,"label":" ","price":1.11},{"type":"A","date":"2018-05-02T02:03:13.000Z","volume":16000,"label":"Y","price":1.11},{"type":"A","date":"2018-05-02T02:03:13.000Z","volume":44000,"label":" ","price":1.11},{"type":"A","date":"2018-05-02T02:03:32.000Z","volume":94000,"label":" ","price":1.11},{"type":"A","date":"2018-05-02T02:03:58.000Z","volume":120000,"label":" ","price":1.11},{"type":"A","date":"2018-05-02T02:04:13.000Z","volume":132000,"label":" ","price":1.11},{"type":"A","date":"2018-05-02T02:08:17.000Z","volume":80000,"label":" ","price":1.11},{"type":"A","date":"2018-05-02T02:08:37.000Z","volume":60000,"label":" ","price":1.11},{"type":"A","date":"2018-05-02T02:09:00.000Z","volume":88000,"label":" ","price":1.11},{"type":"A","date":"2018-05-02T02:12:12.000Z","volume":22000,"label":" ","price":1.11},{"type":"A","date":"2018-05-02T02:12:13.000Z","volume":2000,"label":" ","price":1.11},{"type":"A","date":"2018-05-02T02:12:13.000Z","volume":2000,"label":" ","price":1.11},{"type":"A","date":"2018-05-02T02:12:13.000Z","volume":2000,"label":" ","price":1.11},{"type":"A","date":"2018-05-02T02:12:31.000Z","volume":100000,"label":" ","price":1.11},{"type":"A","date":"2018-05-02T02:13:40.000Z","volume":60000,"label":" ","price":1.11},{"type":"A","date":"2018-05-02T02:15:38.000Z","volume":30000,"label":" ","price":1.11},{"type":"A","date":"2018-05-02T02:15:42.000Z","volume":2000,"label":" ","price":1.11},{"type":"A","date":"2018-05-02T02:15:53.000Z","volume":80000,"label":" ","price":1.11},{"type":"A","date":"2018-05-02T02:16:21.000Z","volume":120000,"label":" ","price":1.11},{"type":"A","date":"2018-05-02T02:17:24.000Z","volume":44000,"label":" ","price":1.11},{"type":"A","date":"2018-05-02T02:18:01.000Z","volume":28000,"label":" ","price":1.11},{"type":"A","date":"2018-05-02T02:21:52.000Z","volume":40000,"label":" ","price":1.11},{"type":"A","date":"2018-05-02T02:22:12.000Z","volume":80000,"label":" ","price":1.11},{"type":"A","date":"2018-05-02T02:22:23.000Z","volume":52000,"label":" ","price":1.11},{"type":"A","date":"2018-05-02T02:23:20.000Z","volume":16000,"label":" ","price":1.11},{"type":"A","date":"2018-05-02T02:23:36.000Z","volume":32000,"label":" ","price":1.11},{"type":"A","date":"2018-05-02T02:24:22.000Z","volume":60000,"label":" ","price":1.11},{"type":"A","date":"2018-05-02T02:24:54.000Z","volume":126000,"label":" ","price":1.11},{"type":"A","date":"2018-05-02T02:26:04.000Z","volume":2000,"label":" ","price":1.11},{"type":"A","date":"2018-05-02T02:28:12.000Z","volume":80000,"label":" ","price":1.11},{"type":"A","date":"2018-05-02T02:30:37.000Z","volume":20000,"label":" ","price":1.11},{"type":"A","date":"2018-05-02T02:31:07.000Z","volume":8000,"label":" ","price":1.11},{"type":"B","date":"2018-05-02T02:31:20.000Z","volume":82000,"label":" ","price":1.1},{"type":"B","date":"2018-05-02T02:31:20.000Z","volume":26000,"label":" ","price":1.1},{"type":"A","date":"2018-05-02T02:32:50.000Z","volume":80000,"label":" ","price":1.1},{"type":"A","date":"2018-05-02T02:34:13.000Z","volume":60000,"label":" ","price":1.1},{"type":"A","date":"2018-05-02T02:34:30.000Z","volume":10000,"label":" ","price":1.1},{"type":"A","date":"2018-05-02T02:35:51.000Z","volume":90000,"label":" ","price":1.1},{"type":"A","date":"2018-05-02T02:39:11.000Z","volume":62000,"label":" ","price":1.1},{"type":"A","date":"2018-05-02T02:39:28.000Z","volume":60000,"label":" ","price":1.1},{"type":"A","date":"2018-05-02T02:47:40.000Z","volume":78000,"label":" ","price":1.1},{"type":"A","date":"2018-05-02T02:47:46.000Z","volume":14000,"label":" ","price":1.1},{"type":"A","date":"2018-05-02T02:48:26.000Z","volume":20000,"label":" ","price":1.1},{"type":"A","date":"2018-05-02T02:48:44.000Z","volume":2000,"label":" ","price":1.1},{"type":"A","date":"2018-05-02T02:50:05.000Z","volume":102000,"label":" ","price":1.1},{"type":"A","date":"2018-05-02T02:55:26.000Z","volume":40000,"label":" ","price":1.1},{"type":"A","date":"2018-05-02T03:06:36.000Z","volume":60000,"label":" ","price":1.1},{"type":"A","date":"2018-05-02T03:10:23.000Z","volume":120000,"label":" ","price":1.1},{"type":"B","date":"2018-05-02T03:12:02.000Z","volume":80000,"label":" ","price":1.1},{"type":"B","date":"2018-05-02T03:12:02.000Z","volume":4000,"label":" ","price":1.1},{"type":"A","date":"2018-05-02T03:12:28.000Z","volume":20000,"label":" ","price":1.1},{"type":"B","date":"2018-05-02T03:12:52.000Z","volume":20000,"label":" ","price":1.1},{"type":"A","date":"2018-05-02T03:20:36.000Z","volume":100000,"label":" ","price":1.1},{"type":"A","date":"2018-05-02T03:21:50.000Z","volume":200000,"label":" ","price":1.1},{"type":"A","date":"2018-05-02T03:22:23.000Z","volume":20000,"label":" ","price":1.1},{"type":"A","date":"2018-05-02T03:23:20.000Z","volume":60000,"label":" ","price":1.1},{"type":"A","date":"2018-05-02T03:24:54.000Z","volume":128000,"label":" ","price":1.1},{"type":"A","date":"2018-05-02T03:32:12.000Z","volume":90000,"label":" ","price":1.1},{"type":"A","date":"2018-05-02T03:32:26.000Z","volume":80000,"label":" ","price":1.1},{"type":"A","date":"2018-05-02T03:32:46.000Z","volume":50000,"label":" ","price":1.1},{"type":"A","date":"2018-05-02T03:33:04.000Z","volume":56000,"label":" ","price":1.1},{"type":"A","date":"2018-05-02T03:33:45.000Z","volume":30000,"label":" ","price":1.1},{"type":"A","date":"2018-05-02T03:34:10.000Z","volume":60000,"label":" ","price":1.1},{"type":"A","date":"2018-05-02T03:35:07.000Z","volume":46000,"label":" ","price":1.1},{"type":"A","date":"2018-05-02T03:35:10.000Z","volume":8000,"label":" ","price":1.1},{"type":"A","date":"2018-05-02T03:36:32.000Z","volume":60000,"label":" ","price":1.1},{"type":"A","date":"2018-05-02T03:37:03.000Z","volume":40000,"label":" ","price":1.1},{"type":"A","date":"2018-05-02T03:37:05.000Z","volume":8000,"label":" ","price":1.1},{"type":"A","date":"2018-05-02T03:39:49.000Z","volume":32000,"label":" ","price":1.1},{"type":"A","date":"2018-05-02T03:40:54.000Z","volume":60000,"label":" ","price":1.1},{"type":"A","date":"2018-05-02T03:41:56.000Z","volume":50000,"label":" ","price":1.1},{"type":"A","date":"2018-05-02T03:44:03.000Z","volume":100000,"label":" ","price":1.1},{"type":"A","date":"2018-05-02T03:44:27.000Z","volume":80000,"label":" ","price":1.1},{"type":"A","date":"2018-05-02T03:44:50.000Z","volume":120000,"label":" ","price":1.1},{"type":"A","date":"2018-05-02T03:45:09.000Z","volume":90000,"label":" ","price":1.1},{"type":"A","date":"2018-05-02T03:48:32.000Z","volume":2000,"label":" ","price":1.1},{"type":"A","date":"2018-05-02T03:50:47.000Z","volume":80000,"label":" ","price":1.1},{"type":"A","date":"2018-05-02T03:54:23.000Z","volume":50000,"label":" ","price":1.1},{"type":"A","date":"2018-05-02T03:59:43.000Z","volume":70000,"label":" ","price":1.1},{"type":"A","date":"2018-05-02T05:03:23.000Z","volume":80000,"label":" ","price":1.1},{"type":"A","date":"2018-05-02T05:06:29.000Z","volume":100000,"label":" ","price":1.1},{"type":"A","date":"2018-05-02T05:09:06.000Z","volume":120000,"label":" ","price":1.1},{"type":"B","date":"2018-05-02T05:10:36.000Z","volume":50000,"label":" ","price":1.09},{"type":"B","date":"2018-05-02T05:14:19.000Z","volume":60000,"label":" ","price":1.09},{"type":"A","date":"2018-05-02T05:14:20.000Z","volume":40000,"label":" ","price":1.09},{"type":"A","date":"2018-05-02T05:17:02.000Z","volume":60000,"label":" ","price":1.1},{"type":"B","date":"2018-05-02T05:18:32.000Z","volume":50000,"label":" ","price":1.09},{"type":"A","date":"2018-05-02T05:18:51.000Z","volume":50000,"label":" ","price":1.09},{"type":"A","date":"2018-05-02T05:24:46.000Z","volume":52000,"label":" ","price":1.1},{"type":"A","date":"2018-05-02T05:27:19.000Z","volume":60000,"label":" ","price":1.1},{"type":"A","date":"2018-05-02T05:33:42.000Z","volume":120000,"label":" ","price":1.1},{"type":"A","date":"2018-05-02T05:33:55.000Z","volume":160000,"label":" ","price":1.1},{"type":"A","date":"2018-05-02T05:34:47.000Z","volume":156000,"label":" ","price":1.1},{"type":"A","date":"2018-05-02T05:35:51.000Z","volume":126000,"label":" ","price":1.1},{"type":"A","date":"2018-05-02T05:37:14.000Z","volume":30000,"label":" ","price":1.1},{"type":"A","date":"2018-05-02T05:39:41.000Z","volume":100000,"label":" ","price":1.1},{"type":"A","date":"2018-05-02T05:41:45.000Z","volume":40000,"label":" ","price":1.1},{"type":"B","date":"2018-05-02T05:43:48.000Z","volume":4000,"label":" ","price":1.09},{"type":"B","date":"2018-05-02T05:43:57.000Z","volume":6000,"label":" ","price":1.09},{"type":"A","date":"2018-05-02T05:44:20.000Z","volume":20000,"label":" ","price":1.1},{"type":"A","date":"2018-05-02T05:47:13.000Z","volume":30000,"label":" ","price":1.1},{"type":"A","date":"2018-05-02T05:54:22.000Z","volume":60000,"label":" ","price":1.1},{"type":"A","date":"2018-05-02T06:03:15.000Z","volume":50000,"label":" ","price":1.1},{"type":"A","date":"2018-05-02T06:03:17.000Z","volume":80000,"label":" ","price":1.1},{"type":"A","date":"2018-05-02T06:03:36.000Z","volume":90000,"label":" ","price":1.1},{"type":"A","date":"2018-05-02T06:04:23.000Z","volume":30000,"label":" ","price":1.1},{"type":"A","date":"2018-05-02T06:05:42.000Z","volume":80000,"label":" ","price":1.1},{"type":"A","date":"2018-05-02T06:11:17.000Z","volume":2000,"label":" ","price":1.1},{"type":"A","date":"2018-05-02T06:16:25.000Z","volume":150000,"label":" ","price":1.1},{"type":"A","date":"2018-05-02T06:17:20.000Z","volume":98000,"label":" ","price":1.1},{"type":"A","date":"2018-05-02T06:17:20.000Z","volume":2000,"label":" ","price":1.11},{"type":"A","date":"2018-05-02T06:23:56.000Z","volume":50000,"label":" ","price":1.1},{"type":"A","date":"2018-05-02T06:31:52.000Z","volume":80000,"label":" ","price":1.1},{"type":"A","date":"2018-05-02T06:32:02.000Z","volume":2000,"label":" ","price":1.1},{"type":"A","date":"2018-05-02T06:32:02.000Z","volume":2000,"label":" ","price":1.1},{"type":"A","date":"2018-05-02T06:32:02.000Z","volume":2000,"label":" ","price":1.1},{"type":"A","date":"2018-05-02T06:39:48.000Z","volume":100000,"label":" ","price":1.1},{"type":"A","date":"2018-05-02T06:47:27.000Z","volume":60000,"label":" ","price":1.1},{"type":"A","date":"2018-05-02T06:47:44.000Z","volume":50000,"label":" ","price":1.1},{"type":"A","date":"2018-05-02T06:49:36.000Z","volume":80000,"label":" ","price":1.1},{"type":"A","date":"2018-05-02T06:50:39.000Z","volume":30000,"label":" ","price":1.1},{"type":"A","date":"2018-05-02T06:52:37.000Z","volume":50000,"label":" ","price":1.1},{"type":"A","date":"2018-05-02T06:53:53.000Z","volume":20000,"label":" ","price":1.1},{"type":"A","date":"2018-05-02T07:00:08.000Z","volume":180000,"label":" ","price":1.1},{"type":"A","date":"2018-05-02T07:09:47.000Z","volume":2000,"label":" ","price":1.1},{"type":"A","date":"2018-05-02T07:13:15.000Z","volume":450000,"label":" ","price":1.1},{"type":"A","date":"2018-05-02T07:18:17.000Z","volume":2000,"label":" ","price":1.1},{"type":"A","date":"2018-05-02T07:18:42.000Z","volume":120000,"label":" ","price":1.1},{"type":"A","date":"2018-05-02T07:25:17.000Z","volume":100000,"label":" ","price":1.1},{"type":"A","date":"2018-05-02T07:26:01.000Z","volume":50000,"label":" ","price":1.1},{"type":"A","date":"2018-05-02T07:27:27.000Z","volume":60000,"label":" ","price":1.1},{"type":"B","date":"2018-05-02T07:28:51.000Z","volume":200000,"label":" ","price":1.09},{"type":"A","date":"2018-05-02T07:34:17.000Z","volume":2000,"label":" ","price":1.1},{"type":"A","date":"2018-05-02T07:36:35.000Z","volume":50000,"label":" ","price":1.1},{"type":"B","date":"2018-05-02T07:43:38.000Z","volume":210000,"label":" ","price":1.09},{"type":"A","date":"2018-05-02T07:43:43.000Z","volume":20000,"label":" ","price":1.09},{"type":"A","date":"2018-05-02T07:43:49.000Z","volume":14000,"label":" ","price":1.09},{"type":"A","date":"2018-05-02T07:43:57.000Z","volume":6000,"label":" ","price":1.09},{"type":"A","date":"2018-05-02T07:44:56.000Z","volume":80000,"label":" ","price":1.1},{"type":"A","date":"2018-05-02T07:46:08.000Z","volume":60000,"label":" ","price":1.1},{"type":"A","date":"2018-05-02T07:49:08.000Z","volume":40000,"label":" ","price":1.1},{"type":"B","date":"2018-05-02T07:53:43.000Z","volume":100000,"label":" ","price":1.09},{"type":"B","date":"2018-05-02T07:55:06.000Z","volume":30000,"label":" ","price":1.09},{"type":"A","date":"2018-05-02T07:56:50.000Z","volume":2000,"label":" ","price":1.1},{"type":"A","date":"2018-05-02T07:57:44.000Z","volume":4000,"label":" ","price":1.1},{"type":"A","date":"2018-05-02T07:58:00.000Z","volume":2000,"label":" ","price":1.1},{"type":"A","date":"2018-05-02T07:59:03.000Z","volume":2000,"label":" ","price":1.1},{"type":"A","date":"2018-05-02T07:59:22.000Z","volume":2000,"label":" ","price":1.1},{"type":"A","date":"2018-05-02T07:59:31.000Z","volume":4000,"label":" ","price":1.1}]