[{"type":"U","date":"2018-03-19T01:05:06.000Z","volume":7748,"label":"P","price":1.06},{"type":"U","date":"2018-03-19T01:20:00.000Z","volume":260000,"label":"U","price":1.06},{"type":"B","date":"2018-03-19T01:30:00.000Z","volume":80000,"label":" ","price":1.06},{"type":"A","date":"2018-03-19T01:30:01.000Z","volume":100000,"label":" ","price":1.07},{"type":"A","date":"2018-03-19T01:30:02.000Z","volume":10000,"label":" ","price":1.07},{"type":"B","date":"2018-03-19T01:30:06.000Z","volume":10000,"label":" ","price":1.06},{"type":"B","date":"2018-03-19T01:32:43.000Z","volume":500000,"label":" ","price":1.06},{"type":"B","date":"2018-03-19T01:32:43.000Z","volume":280000,"label":" ","price":1.06},{"type":"B","date":"2018-03-19T01:32:43.000Z","volume":20000,"label":" ","price":1.06},{"type":"B","date":"2018-03-19T01:34:05.000Z","volume":640000,"label":" ","price":1.06},{"type":"B","date":"2018-03-19T01:34:05.000Z","volume":70000,"label":" ","price":1.06},{"type":"B","date":"2018-03-19T01:34:05.000Z","volume":40000,"label":" ","price":1.06},{"type":"B","date":"2018-03-19T01:34:14.000Z","volume":50000,"label":" ","price":1.06},{"type":"B","date":"2018-03-19T01:34:51.000Z","volume":20000,"label":" ","price":1.06},{"type":"B","date":"2018-03-19T01:35:07.000Z","volume":70000,"label":" ","price":1.06},{"type":"B","date":"2018-03-19T01:35:24.000Z","volume":10000,"label":" ","price":1.06},{"type":"B","date":"2018-03-19T01:35:53.000Z","volume":50000,"label":" ","price":1.06},{"type":"B","date":"2018-03-19T01:35:53.000Z","volume":20000,"label":" ","price":1.06},{"type":"A","date":"2018-03-19T01:36:23.000Z","volume":20000,"label":" ","price":1.07},{"type":"A","date":"2018-03-19T01:37:14.000Z","volume":10000,"label":" ","price":1.07},{"type":"B","date":"2018-03-19T01:37:18.000Z","volume":100000,"label":" ","price":1.06},{"type":"B","date":"2018-03-19T01:38:29.000Z","volume":40000,"label":" ","price":1.06},{"type":"B","date":"2018-03-19T01:39:04.000Z","volume":10000,"label":" ","price":1.06},{"type":"B","date":"2018-03-19T01:39:18.000Z","volume":500000,"label":" ","price":1.06},{"type":"B","date":"2018-03-19T01:40:19.000Z","volume":20000,"label":" ","price":1.06},{"type":"B","date":"2018-03-19T01:41:27.000Z","volume":350000,"label":" ","price":1.06},{"type":"B","date":"2018-03-19T01:42:14.000Z","volume":10000,"label":" ","price":1.06},{"type":"B","date":"2018-03-19T01:43:14.000Z","volume":10000,"label":" ","price":1.06},{"type":"B","date":"2018-03-19T01:43:26.000Z","volume":10000,"label":" ","price":1.06},{"type":"B","date":"2018-03-19T01:44:17.000Z","volume":10000,"label":" ","price":1.06},{"type":"B","date":"2018-03-19T01:44:17.000Z","volume":40000,"label":" ","price":1.06},{"type":"B","date":"2018-03-19T01:45:11.000Z","volume":10000,"label":" ","price":1.06},{"type":"B","date":"2018-03-19T01:47:18.000Z","volume":30000,"label":" ","price":1.06},{"type":"A","date":"2018-03-19T01:47:45.000Z","volume":100000,"label":" ","price":1.07},{"type":"B","date":"2018-03-19T01:49:11.000Z","volume":20000,"label":" ","price":1.06},{"type":"B","date":"2018-03-19T01:50:50.000Z","volume":10000,"label":" ","price":1.06},{"type":"B","date":"2018-03-19T01:52:19.000Z","volume":80000,"label":" ","price":1.06},{"type":"B","date":"2018-03-19T01:54:37.000Z","volume":20000,"label":" ","price":1.06},{"type":"B","date":"2018-03-19T01:55:22.000Z","volume":10000,"label":" ","price":1.06},{"type":"B","date":"2018-03-19T01:59:30.000Z","volume":20000,"label":" ","price":1.06},{"type":"B","date":"2018-03-19T02:04:12.000Z","volume":10000,"label":" ","price":1.06},{"type":"B","date":"2018-03-19T02:07:37.000Z","volume":20000,"label":" ","price":1.06},{"type":"B","date":"2018-03-19T02:08:31.000Z","volume":20000,"label":" ","price":1.06},{"type":"B","date":"2018-03-19T02:09:08.000Z","volume":10000,"label":" ","price":1.06},{"type":"B","date":"2018-03-19T02:12:10.000Z","volume":1000000,"label":" ","price":1.06},{"type":"B","date":"2018-03-19T02:12:10.000Z","volume":70000,"label":" ","price":1.06},{"type":"B","date":"2018-03-19T02:15:45.000Z","volume":10000,"label":" ","price":1.06},{"type":"B","date":"2018-03-19T02:15:58.000Z","volume":20000,"label":" ","price":1.06},{"type":"B","date":"2018-03-19T02:17:57.000Z","volume":400000,"label":" ","price":1.06},{"type":"B","date":"2018-03-19T02:18:11.000Z","volume":30000,"label":" ","price":1.06},{"type":"B","date":"2018-03-19T02:18:27.000Z","volume":30000,"label":" ","price":1.06},{"type":"B","date":"2018-03-19T02:19:05.000Z","volume":30000,"label":" ","price":1.06},{"type":"B","date":"2018-03-19T02:19:30.000Z","volume":40000,"label":" ","price":1.06},{"type":"B","date":"2018-03-19T02:19:57.000Z","volume":20000,"label":" ","price":1.06},{"type":"B","date":"2018-03-19T02:20:18.000Z","volume":40000,"label":" ","price":1.06},{"type":"A","date":"2018-03-19T02:22:13.000Z","volume":10000,"label":" ","price":1.07},{"type":"A","date":"2018-03-19T02:23:06.000Z","volume":40000,"label":" ","price":1.07},{"type":"B","date":"2018-03-19T02:24:55.000Z","volume":10000,"label":" ","price":1.06},{"type":"B","date":"2018-03-19T02:29:26.000Z","volume":20000,"label":" ","price":1.06},{"type":"B","date":"2018-03-19T02:30:22.000Z","volume":10000,"label":" ","price":1.06},{"type":"B","date":"2018-03-19T02:32:12.000Z","volume":30000,"label":" ","price":1.06},{"type":"B","date":"2018-03-19T02:32:19.000Z","volume":10000,"label":" ","price":1.06},{"type":"B","date":"2018-03-19T02:33:36.000Z","volume":20000,"label":" ","price":1.06},{"type":"B","date":"2018-03-19T02:33:40.000Z","volume":10000,"label":" ","price":1.06},{"type":"B","date":"2018-03-19T02:38:51.000Z","volume":10000,"label":" ","price":1.06},{"type":"B","date":"2018-03-19T02:40:24.000Z","volume":10000,"label":" ","price":1.06},{"type":"A","date":"2018-03-19T02:40:40.000Z","volume":10000,"label":" ","price":1.07},{"type":"A","date":"2018-03-19T02:40:51.000Z","volume":50000,"label":" ","price":1.07},{"type":"A","date":"2018-03-19T02:41:44.000Z","volume":10000,"label":" ","price":1.07},{"type":"B","date":"2018-03-19T02:41:53.000Z","volume":1000000,"label":" ","price":1.06},{"type":"B","date":"2018-03-19T02:41:53.000Z","volume":30000,"label":" ","price":1.06},{"type":"B","date":"2018-03-19T02:42:03.000Z","volume":50000,"label":" ","price":1.06},{"type":"B","date":"2018-03-19T02:42:03.000Z","volume":20000,"label":" ","price":1.06},{"type":"A","date":"2018-03-19T02:42:14.000Z","volume":10000,"label":" ","price":1.06},{"type":"A","date":"2018-03-19T02:42:24.000Z","volume":50000,"label":" ","price":1.06},{"type":"B","date":"2018-03-19T02:46:12.000Z","volume":20000,"label":" ","price":1.05},{"type":"A","date":"2018-03-19T02:46:13.000Z","volume":10000,"label":" ","price":1.06},{"type":"A","date":"2018-03-19T02:48:52.000Z","volume":10000,"label":" ","price":1.06},{"type":"A","date":"2018-03-19T02:51:16.000Z","volume":10000,"label":" ","price":1.06},{"type":"B","date":"2018-03-19T02:52:28.000Z","volume":10000,"label":" ","price":1.05},{"type":"B","date":"2018-03-19T02:54:30.000Z","volume":120000,"label":" ","price":1.05},{"type":"A","date":"2018-03-19T02:57:00.000Z","volume":10000,"label":" ","price":1.06},{"type":"A","date":"2018-03-19T02:59:19.000Z","volume":20000,"label":" ","price":1.06},{"type":"A","date":"2018-03-19T02:59:40.000Z","volume":10000,"label":" ","price":1.06},{"type":"B","date":"2018-03-19T03:00:02.000Z","volume":10000,"label":" ","price":1.05},{"type":"A","date":"2018-03-19T03:04:18.000Z","volume":30000,"label":" ","price":1.06},{"type":"B","date":"2018-03-19T03:06:59.000Z","volume":10000,"label":" ","price":1.05},{"type":"B","date":"2018-03-19T03:07:20.000Z","volume":20000,"label":" ","price":1.05},{"type":"B","date":"2018-03-19T03:09:27.000Z","volume":170000,"label":" ","price":1.05},{"type":"A","date":"2018-03-19T03:09:29.000Z","volume":30000,"label":" ","price":1.06},{"type":"B","date":"2018-03-19T03:12:30.000Z","volume":10000,"label":" ","price":1.05},{"type":"B","date":"2018-03-19T03:16:27.000Z","volume":100000,"label":" ","price":1.05},{"type":"B","date":"2018-03-19T03:19:18.000Z","volume":100000,"label":" ","price":1.05},{"type":"A","date":"2018-03-19T03:19:21.000Z","volume":20000,"label":" ","price":1.06},{"type":"B","date":"2018-03-19T03:19:45.000Z","volume":10000,"label":" ","price":1.05},{"type":"A","date":"2018-03-19T03:19:46.000Z","volume":10000,"label":" ","price":1.06},{"type":"B","date":"2018-03-19T03:22:05.000Z","volume":100000,"label":" ","price":1.05},{"type":"B","date":"2018-03-19T03:22:06.000Z","volume":20000,"label":" ","price":1.05},{"type":"A","date":"2018-03-19T03:22:08.000Z","volume":20000,"label":" ","price":1.06},{"type":"A","date":"2018-03-19T03:22:10.000Z","volume":10000,"label":" ","price":1.06},{"type":"A","date":"2018-03-19T03:25:08.000Z","volume":10000,"label":" ","price":1.06},{"type":"B","date":"2018-03-19T03:30:22.000Z","volume":10000,"label":" ","price":1.05},{"type":"B","date":"2018-03-19T03:30:57.000Z","volume":10000,"label":" ","price":1.05},{"type":"B","date":"2018-03-19T03:32:20.000Z","volume":10000,"label":" ","price":1.05},{"type":"B","date":"2018-03-19T03:35:23.000Z","volume":20000,"label":" ","price":1.05},{"type":"A","date":"2018-03-19T03:35:25.000Z","volume":10000,"label":" ","price":1.06},{"type":"A","date":"2018-03-19T03:36:09.000Z","volume":10000,"label":" ","price":1.06},{"type":"B","date":"2018-03-19T03:36:45.000Z","volume":20000,"label":" ","price":1.05},{"type":"B","date":"2018-03-19T03:38:43.000Z","volume":10000,"label":" ","price":1.05},{"type":"A","date":"2018-03-19T03:40:49.000Z","volume":20000,"label":" ","price":1.06},{"type":"A","date":"2018-03-19T03:42:05.000Z","volume":10000,"label":" ","price":1.06},{"type":"A","date":"2018-03-19T03:47:04.000Z","volume":10000,"label":" ","price":1.06},{"type":"A","date":"2018-03-19T03:47:07.000Z","volume":10000,"label":" ","price":1.06},{"type":"B","date":"2018-03-19T03:49:20.000Z","volume":10000,"label":" ","price":1.05},{"type":"B","date":"2018-03-19T03:51:58.000Z","volume":20000,"label":" ","price":1.05},{"type":"A","date":"2018-03-19T03:54:08.000Z","volume":10000,"label":" ","price":1.06},{"type":"A","date":"2018-03-19T05:00:00.000Z","volume":1000000,"label":" ","price":1.06},{"type":"A","date":"2018-03-19T05:00:00.000Z","volume":110000,"label":" ","price":1.06},{"type":"A","date":"2018-03-19T05:00:58.000Z","volume":20000,"label":" ","price":1.06},{"type":"A","date":"2018-03-19T05:00:59.000Z","volume":10000,"label":" ","price":1.06},{"type":"A","date":"2018-03-19T05:01:31.000Z","volume":50000,"label":" ","price":1.06},{"type":"A","date":"2018-03-19T05:01:35.000Z","volume":10000,"label":" ","price":1.06},{"type":"A","date":"2018-03-19T05:04:53.000Z","volume":10000,"label":" ","price":1.06},{"type":"A","date":"2018-03-19T05:05:42.000Z","volume":10000,"label":" ","price":1.06},{"type":"A","date":"2018-03-19T05:16:53.000Z","volume":10000,"label":" ","price":1.06},{"type":"A","date":"2018-03-19T05:20:18.000Z","volume":50000,"label":" ","price":1.06},{"type":"A","date":"2018-03-19T05:20:20.000Z","volume":10000,"label":" ","price":1.06},{"type":"A","date":"2018-03-19T05:22:00.000Z","volume":10000,"label":"Y","price":1.06},{"type":"A","date":"2018-03-19T05:22:00.000Z","volume":90000,"label":" ","price":1.06},{"type":"A","date":"2018-03-19T05:22:01.000Z","volume":10000,"label":" ","price":1.06},{"type":"A","date":"2018-03-19T05:24:39.000Z","volume":30000,"label":"Y","price":1.06},{"type":"A","date":"2018-03-19T05:24:52.000Z","volume":70000,"label":" ","price":1.06},{"type":"A","date":"2018-03-19T05:24:54.000Z","volume":10000,"label":" ","price":1.06},{"type":"A","date":"2018-03-19T05:28:14.000Z","volume":50000,"label":" ","price":1.06},{"type":"A","date":"2018-03-19T05:28:18.000Z","volume":10000,"label":" ","price":1.06},{"type":"A","date":"2018-03-19T05:33:05.000Z","volume":70000,"label":" ","price":1.06},{"type":"A","date":"2018-03-19T05:34:07.000Z","volume":30000,"label":" ","price":1.06},{"type":"A","date":"2018-03-19T05:34:07.000Z","volume":10000,"label":" ","price":1.06},{"type":"A","date":"2018-03-19T05:34:53.000Z","volume":10000,"label":" ","price":1.06},{"type":"B","date":"2018-03-19T05:38:35.000Z","volume":20000,"label":" ","price":1.05},{"type":"A","date":"2018-03-19T05:39:05.000Z","volume":10000,"label":" ","price":1.06},{"type":"A","date":"2018-03-19T05:39:10.000Z","volume":10000,"label":" ","price":1.06},{"type":"A","date":"2018-03-19T05:39:31.000Z","volume":100000,"label":" ","price":1.06},{"type":"A","date":"2018-03-19T05:39:34.000Z","volume":10000,"label":" ","price":1.06},{"type":"A","date":"2018-03-19T05:42:41.000Z","volume":40000,"label":" ","price":1.06},{"type":"A","date":"2018-03-19T05:42:43.000Z","volume":10000,"label":" ","price":1.06},{"type":"A","date":"2018-03-19T05:44:28.000Z","volume":70000,"label":" ","price":1.06},{"type":"A","date":"2018-03-19T05:44:31.000Z","volume":10000,"label":" ","price":1.06},{"type":"B","date":"2018-03-19T05:45:18.000Z","volume":60000,"label":"Y","price":1.05},{"type":"B","date":"2018-03-19T05:45:18.000Z","volume":940000,"label":" ","price":1.05},{"type":"A","date":"2018-03-19T05:45:20.000Z","volume":110000,"label":" ","price":1.06},{"type":"B","date":"2018-03-19T05:45:21.000Z","volume":110000,"label":"Y","price":1.05},{"type":"B","date":"2018-03-19T05:45:21.000Z","volume":890000,"label":" ","price":1.05},{"type":"B","date":"2018-03-19T05:45:21.000Z","volume":210000,"label":" ","price":1.05},{"type":"B","date":"2018-03-19T05:45:21.000Z","volume":30000,"label":" ","price":1.05},{"type":"A","date":"2018-03-19T05:46:36.000Z","volume":80000,"label":"Y","price":1.05},{"type":"A","date":"2018-03-19T05:46:37.000Z","volume":10000,"label":" ","price":1.05},{"type":"A","date":"2018-03-19T05:47:04.000Z","volume":80000,"label":" ","price":1.05},{"type":"A","date":"2018-03-19T05:47:05.000Z","volume":10000,"label":" ","price":1.05},{"type":"A","date":"2018-03-19T05:48:08.000Z","volume":80000,"label":"Y","price":1.05},{"type":"A","date":"2018-03-19T05:48:10.000Z","volume":10000,"label":" ","price":1.05},{"type":"B","date":"2018-03-19T05:49:46.000Z","volume":80000,"label":" ","price":1.04},{"type":"A","date":"2018-03-19T05:49:50.000Z","volume":10000,"label":" ","price":1.05},{"type":"A","date":"2018-03-19T05:53:58.000Z","volume":70000,"label":"Y","price":1.05},{"type":"A","date":"2018-03-19T05:53:58.000Z","volume":10000,"label":" ","price":1.05},{"type":"A","date":"2018-03-19T05:59:21.000Z","volume":20000,"label":" ","price":1.05},{"type":"A","date":"2018-03-19T05:59:29.000Z","volume":20000,"label":" ","price":1.05},{"type":"A","date":"2018-03-19T06:02:32.000Z","volume":10000,"label":" ","price":1.05},{"type":"A","date":"2018-03-19T06:02:33.000Z","volume":30000,"label":" ","price":1.05},{"type":"A","date":"2018-03-19T06:03:42.000Z","volume":10000,"label":" ","price":1.05},{"type":"A","date":"2018-03-19T06:03:47.000Z","volume":10000,"label":" ","price":1.05},{"type":"A","date":"2018-03-19T06:04:53.000Z","volume":10000,"label":" ","price":1.05},{"type":"A","date":"2018-03-19T06:05:42.000Z","volume":50000,"label":" ","price":1.05},{"type":"A","date":"2018-03-19T06:06:36.000Z","volume":10000,"label":" ","price":1.05},{"type":"A","date":"2018-03-19T06:12:00.000Z","volume":10000,"label":" ","price":1.05},{"type":"B","date":"2018-03-19T06:12:13.000Z","volume":820000,"label":"Y","price":1.04},{"type":"B","date":"2018-03-19T06:12:13.000Z","volume":4100000,"label":" ","price":1.04},{"type":"B","date":"2018-03-19T06:12:13.000Z","volume":710000,"label":" ","price":1.03},{"type":"A","date":"2018-03-19T06:12:13.000Z","volume":10000,"label":" ","price":1.04},{"type":"A","date":"2018-03-19T06:12:21.000Z","volume":180000,"label":" ","price":1.04},{"type":"A","date":"2018-03-19T06:12:31.000Z","volume":30000,"label":" ","price":1.04},{"type":"A","date":"2018-03-19T06:13:52.000Z","volume":70000,"label":" ","price":1.04},{"type":"A","date":"2018-03-19T06:14:00.000Z","volume":10000,"label":" ","price":1.04},{"type":"A","date":"2018-03-19T06:14:12.000Z","volume":100000,"label":" ","price":1.04},{"type":"A","date":"2018-03-19T06:15:05.000Z","volume":500000,"label":" ","price":1.04},{"type":"A","date":"2018-03-19T06:15:05.000Z","volume":100000,"label":" ","price":1.04},{"type":"B","date":"2018-03-19T06:26:32.000Z","volume":10000,"label":"Y","price":1.04},{"type":"A","date":"2018-03-19T06:27:15.000Z","volume":50000,"label":" ","price":1.05},{"type":"A","date":"2018-03-19T06:28:53.000Z","volume":10000,"label":" ","price":1.05},{"type":"A","date":"2018-03-19T06:30:56.000Z","volume":20000,"label":" ","price":1.05},{"type":"A","date":"2018-03-19T06:32:31.000Z","volume":10000,"label":" ","price":1.05},{"type":"A","date":"2018-03-19T06:34:01.000Z","volume":10000,"label":" ","price":1.05},{"type":"B","date":"2018-03-19T06:35:44.000Z","volume":20000,"label":" ","price":1.04},{"type":"A","date":"2018-03-19T06:38:33.000Z","volume":20000,"label":" ","price":1.05},{"type":"A","date":"2018-03-19T06:43:12.000Z","volume":10000,"label":" ","price":1.05},{"type":"A","date":"2018-03-19T06:44:11.000Z","volume":20000,"label":" ","price":1.05},{"type":"A","date":"2018-03-19T06:44:12.000Z","volume":10000,"label":" ","price":1.05},{"type":"A","date":"2018-03-19T06:45:39.000Z","volume":20000,"label":" ","price":1.05},{"type":"A","date":"2018-03-19T06:45:45.000Z","volume":20000,"label":" ","price":1.05},{"type":"A","date":"2018-03-19T06:46:53.000Z","volume":10000,"label":" ","price":1.05},{"type":"A","date":"2018-03-19T06:47:44.000Z","volume":20000,"label":" ","price":1.05},{"type":"A","date":"2018-03-19T06:49:02.000Z","volume":10000,"label":" ","price":1.05},{"type":"A","date":"2018-03-19T06:49:23.000Z","volume":20000,"label":" ","price":1.05},{"type":"A","date":"2018-03-19T06:53:15.000Z","volume":20000,"label":" ","price":1.05},{"type":"A","date":"2018-03-19T06:53:30.000Z","volume":20000,"label":" ","price":1.05},{"type":"B","date":"2018-03-19T06:56:53.000Z","volume":20000,"label":"Y","price":1.04},{"type":"B","date":"2018-03-19T06:56:53.000Z","volume":20000,"label":" ","price":1.04},{"type":"A","date":"2018-03-19T06:58:53.000Z","volume":10000,"label":" ","price":1.05},{"type":"A","date":"2018-03-19T07:00:20.000Z","volume":20000,"label":" ","price":1.05},{"type":"A","date":"2018-03-19T07:03:13.000Z","volume":20000,"label":" ","price":1.05},{"type":"A","date":"2018-03-19T07:04:25.000Z","volume":20000,"label":" ","price":1.05},{"type":"A","date":"2018-03-19T07:05:50.000Z","volume":20000,"label":" ","price":1.05},{"type":"A","date":"2018-03-19T07:10:50.000Z","volume":20000,"label":" ","price":1.05},{"type":"A","date":"2018-03-19T07:10:53.000Z","volume":10000,"label":" ","price":1.05},{"type":"A","date":"2018-03-19T07:12:01.000Z","volume":20000,"label":" ","price":1.05},{"type":"A","date":"2018-03-19T07:13:35.000Z","volume":20000,"label":" ","price":1.05},{"type":"A","date":"2018-03-19T07:14:24.000Z","volume":10000,"label":" ","price":1.05},{"type":"A","date":"2018-03-19T07:16:21.000Z","volume":30000,"label":" ","price":1.05},{"type":"B","date":"2018-03-19T07:17:10.000Z","volume":10000,"label":" ","price":1.04},{"type":"B","date":"2018-03-19T07:17:47.000Z","volume":60000,"label":" ","price":1.04},{"type":"B","date":"2018-03-19T07:18:56.000Z","volume":170000,"label":" ","price":1.04},{"type":"B","date":"2018-03-19T07:18:56.000Z","volume":20000,"label":" ","price":1.04},{"type":"A","date":"2018-03-19T07:20:32.000Z","volume":20000,"label":" ","price":1.05},{"type":"U","date":"2018-03-19T07:20:39.000Z","volume":7138,"label":"D","price":1.02},{"type":"A","date":"2018-03-19T07:23:11.000Z","volume":20000,"label":" ","price":1.05},{"type":"A","date":"2018-03-19T07:28:53.000Z","volume":10000,"label":" ","price":1.05},{"type":"A","date":"2018-03-19T07:30:17.000Z","volume":30000,"label":" ","price":1.05},{"type":"A","date":"2018-03-19T07:32:27.000Z","volume":40000,"label":" ","price":1.05},{"type":"A","date":"2018-03-19T07:32:29.000Z","volume":20000,"label":" ","price":1.05},{"type":"A","date":"2018-03-19T07:36:34.000Z","volume":20000,"label":" ","price":1.05},{"type":"A","date":"2018-03-19T07:38:36.000Z","volume":20000,"label":" ","price":1.05},{"type":"A","date":"2018-03-19T07:40:14.000Z","volume":20000,"label":" ","price":1.05},{"type":"A","date":"2018-03-19T07:40:53.000Z","volume":10000,"label":" ","price":1.05},{"type":"B","date":"2018-03-19T07:41:52.000Z","volume":50000,"label":" ","price":1.04},{"type":"A","date":"2018-03-19T07:43:15.000Z","volume":10000,"label":" ","price":1.05},{"type":"B","date":"2018-03-19T07:43:45.000Z","volume":30000,"label":" ","price":1.04},{"type":"A","date":"2018-03-19T07:45:29.000Z","volume":20000,"label":" ","price":1.05},{"type":"B","date":"2018-03-19T07:48:18.000Z","volume":20000,"label":" ","price":1.04},{"type":"A","date":"2018-03-19T07:48:31.000Z","volume":50000,"label":" ","price":1.05},{"type":"A","date":"2018-03-19T07:49:02.000Z","volume":20000,"label":" ","price":1.05},{"type":"A","date":"2018-03-19T07:50:24.000Z","volume":10000,"label":" ","price":1.05},{"type":"A","date":"2018-03-19T07:51:27.000Z","volume":10000,"label":" ","price":1.05},{"type":"A","date":"2018-03-19T07:52:05.000Z","volume":20000,"label":" ","price":1.05},{"type":"A","date":"2018-03-19T07:52:07.000Z","volume":20000,"label":" ","price":1.05},{"type":"A","date":"2018-03-19T07:53:38.000Z","volume":10000,"label":" ","price":1.05},{"type":"B","date":"2018-03-19T07:53:54.000Z","volume":20000,"label":" ","price":1.04},{"type":"A","date":"2018-03-19T07:55:08.000Z","volume":20000,"label":" ","price":1.05},{"type":"A","date":"2018-03-19T07:57:09.000Z","volume":20000,"label":" ","price":1.05},{"type":"A","date":"2018-03-19T07:57:22.000Z","volume":40000,"label":" ","price":1.05},{"type":"A","date":"2018-03-19T07:57:26.000Z","volume":10000,"label":" ","price":1.05},{"type":"A","date":"2018-03-19T07:58:10.000Z","volume":10000,"label":" ","price":1.05},{"type":"A","date":"2018-03-19T07:59:03.000Z","volume":30000,"label":" ","price":1.05},{"type":"A","date":"2018-03-19T07:59:03.000Z","volume":40000,"label":" ","price":1.05},{"type":"A","date":"2018-03-19T07:59:05.000Z","volume":10000,"label":" ","price":1.05},{"type":"A","date":"2018-03-19T07:59:27.000Z","volume":10000,"label":" ","price":1.05},{"type":"B","date":"2018-03-19T07:59:30.000Z","volume":10000,"label":" ","price":1.04},{"type":"B","date":"2018-03-19T07:59:41.000Z","volume":20000,"label":" ","price":1.04},{"type":"B","date":"2018-03-19T07:59:51.000Z","volume":10000,"label":" ","price":1.04},{"type":"U","date":"2018-03-19T08:08:17.000Z","volume":740000,"label":"U","price":1.04}]