[{"type":"U","date":"2018-03-29T01:20:00.000Z","volume":100000,"label":"U","price":0.174},{"type":"A","date":"2018-03-29T01:30:01.000Z","volume":60000,"label":" ","price":0.174},{"type":"A","date":"2018-03-29T01:30:04.000Z","volume":44000,"label":" ","price":0.174},{"type":"A","date":"2018-03-29T01:30:04.000Z","volume":56000,"label":" ","price":0.175},{"type":"A","date":"2018-03-29T01:30:05.000Z","volume":34000,"label":" ","price":0.175},{"type":"B","date":"2018-03-29T01:30:14.000Z","volume":66000,"label":" ","price":0.175},{"type":"A","date":"2018-03-29T01:30:14.000Z","volume":34000,"label":" ","price":0.175},{"type":"B","date":"2018-03-29T01:30:16.000Z","volume":50000,"label":" ","price":0.175},{"type":"B","date":"2018-03-29T01:30:24.000Z","volume":16000,"label":" ","price":0.175},{"type":"B","date":"2018-03-29T01:30:32.000Z","volume":80000,"label":" ","price":0.175},{"type":"B","date":"2018-03-29T01:30:32.000Z","volume":20000,"label":" ","price":0.175},{"type":"B","date":"2018-03-29T01:30:32.000Z","volume":100000,"label":" ","price":0.175},{"type":"B","date":"2018-03-29T01:30:33.000Z","volume":20000,"label":" ","price":0.175},{"type":"B","date":"2018-03-29T01:30:33.000Z","volume":10000,"label":" ","price":0.175},{"type":"B","date":"2018-03-29T01:30:34.000Z","volume":70000,"label":" ","price":0.175},{"type":"A","date":"2018-03-29T01:30:34.000Z","volume":100000,"label":" ","price":0.175},{"type":"A","date":"2018-03-29T01:30:34.000Z","volume":76000,"label":" ","price":0.175},{"type":"A","date":"2018-03-29T01:30:34.000Z","volume":24000,"label":" ","price":0.175},{"type":"U","date":"2018-03-29T01:30:34.000Z","volume":100000,"label":" ","price":0.175},{"type":"B","date":"2018-03-29T01:30:36.000Z","volume":100000,"label":" ","price":0.175},{"type":"B","date":"2018-03-29T01:30:38.000Z","volume":22000,"label":" ","price":0.175},{"type":"B","date":"2018-03-29T01:30:44.000Z","volume":78000,"label":" ","price":0.175},{"type":"A","date":"2018-03-29T01:30:44.000Z","volume":22000,"label":" ","price":0.175},{"type":"B","date":"2018-03-29T01:30:50.000Z","volume":78000,"label":" ","price":0.175},{"type":"B","date":"2018-03-29T01:30:50.000Z","volume":2000,"label":" ","price":0.172},{"type":"B","date":"2018-03-29T01:31:03.000Z","volume":100000,"label":" ","price":0.175},{"type":"A","date":"2018-03-29T01:31:04.000Z","volume":100000,"label":" ","price":0.175},{"type":"B","date":"2018-03-29T01:31:13.000Z","volume":4000,"label":" ","price":0.175},{"type":"B","date":"2018-03-29T01:31:19.000Z","volume":76000,"label":" ","price":0.175},{"type":"B","date":"2018-03-29T01:31:20.000Z","volume":20000,"label":" ","price":0.175},{"type":"A","date":"2018-03-29T01:31:20.000Z","volume":40000,"label":" ","price":0.175},{"type":"B","date":"2018-03-29T01:31:48.000Z","volume":50000,"label":" ","price":0.175},{"type":"B","date":"2018-03-29T01:32:05.000Z","volume":10000,"label":" ","price":0.175},{"type":"B","date":"2018-03-29T01:32:05.000Z","volume":90000,"label":" ","price":0.175},{"type":"B","date":"2018-03-29T01:32:06.000Z","volume":10000,"label":" ","price":0.175},{"type":"A","date":"2018-03-29T01:32:07.000Z","volume":50000,"label":" ","price":0.175},{"type":"A","date":"2018-03-29T01:32:12.000Z","volume":100000,"label":" ","price":0.176},{"type":"A","date":"2018-03-29T01:32:59.000Z","volume":90000,"label":" ","price":0.176},{"type":"B","date":"2018-03-29T01:33:16.000Z","volume":50000,"label":" ","price":0.175},{"type":"B","date":"2018-03-29T01:33:17.000Z","volume":100000,"label":" ","price":0.175},{"type":"B","date":"2018-03-29T01:33:17.000Z","volume":50000,"label":" ","price":0.175},{"type":"B","date":"2018-03-29T01:33:30.000Z","volume":50000,"label":" ","price":0.175},{"type":"A","date":"2018-03-29T01:33:30.000Z","volume":100000,"label":" ","price":0.175},{"type":"A","date":"2018-03-29T01:33:30.000Z","volume":100000,"label":" ","price":0.175},{"type":"A","date":"2018-03-29T01:33:30.000Z","volume":50000,"label":" ","price":0.175},{"type":"B","date":"2018-03-29T01:33:40.000Z","volume":196000,"label":" ","price":0.175},{"type":"B","date":"2018-03-29T01:33:40.000Z","volume":100000,"label":" ","price":0.175},{"type":"A","date":"2018-03-29T01:33:40.000Z","volume":4000,"label":" ","price":0.175},{"type":"B","date":"2018-03-29T01:33:48.000Z","volume":96000,"label":" ","price":0.175},{"type":"B","date":"2018-03-29T01:33:48.000Z","volume":100000,"label":" ","price":0.175},{"type":"A","date":"2018-03-29T01:33:48.000Z","volume":4000,"label":" ","price":0.175},{"type":"B","date":"2018-03-29T01:34:00.000Z","volume":96000,"label":" ","price":0.175},{"type":"B","date":"2018-03-29T01:34:00.000Z","volume":100000,"label":" ","price":0.175},{"type":"A","date":"2018-03-29T01:34:00.000Z","volume":100000,"label":" ","price":0.175},{"type":"A","date":"2018-03-29T01:34:00.000Z","volume":100000,"label":" ","price":0.175},{"type":"A","date":"2018-03-29T01:34:00.000Z","volume":100000,"label":" ","price":0.175},{"type":"A","date":"2018-03-29T01:34:00.000Z","volume":4000,"label":" ","price":0.175},{"type":"B","date":"2018-03-29T01:34:05.000Z","volume":96000,"label":" ","price":0.175},{"type":"A","date":"2018-03-29T01:34:05.000Z","volume":100000,"label":" ","price":0.175},{"type":"A","date":"2018-03-29T01:34:05.000Z","volume":100000,"label":" ","price":0.175},{"type":"A","date":"2018-03-29T01:34:05.000Z","volume":100000,"label":" ","price":0.175},{"type":"A","date":"2018-03-29T01:34:05.000Z","volume":100000,"label":" ","price":0.175},{"type":"A","date":"2018-03-29T01:34:05.000Z","volume":4000,"label":" ","price":0.175},{"type":"B","date":"2018-03-29T01:34:47.000Z","volume":50000,"label":" ","price":0.175},{"type":"B","date":"2018-03-29T01:34:51.000Z","volume":46000,"label":" ","price":0.175},{"type":"A","date":"2018-03-29T01:34:51.000Z","volume":100000,"label":" ","price":0.175},{"type":"A","date":"2018-03-29T01:34:51.000Z","volume":100000,"label":" ","price":0.175},{"type":"A","date":"2018-03-29T01:34:51.000Z","volume":100000,"label":" ","price":0.175},{"type":"A","date":"2018-03-29T01:34:51.000Z","volume":100000,"label":" ","price":0.175},{"type":"A","date":"2018-03-29T01:34:51.000Z","volume":54000,"label":" ","price":0.175},{"type":"B","date":"2018-03-29T01:34:55.000Z","volume":46000,"label":" ","price":0.175},{"type":"B","date":"2018-03-29T01:34:55.000Z","volume":100000,"label":" ","price":0.175},{"type":"A","date":"2018-03-29T01:34:55.000Z","volume":100000,"label":" ","price":0.175},{"type":"A","date":"2018-03-29T01:34:55.000Z","volume":100000,"label":" ","price":0.175},{"type":"A","date":"2018-03-29T01:34:55.000Z","volume":100000,"label":" ","price":0.175},{"type":"A","date":"2018-03-29T01:34:55.000Z","volume":54000,"label":" ","price":0.175},{"type":"B","date":"2018-03-29T01:34:58.000Z","volume":6000,"label":" ","price":0.175},{"type":"B","date":"2018-03-29T01:35:05.000Z","volume":40000,"label":" ","price":0.175},{"type":"B","date":"2018-03-29T01:35:07.000Z","volume":100000,"label":" ","price":0.175},{"type":"B","date":"2018-03-29T01:35:07.000Z","volume":20000,"label":" ","price":0.175},{"type":"B","date":"2018-03-29T01:35:14.000Z","volume":20000,"label":" ","price":0.175},{"type":"B","date":"2018-03-29T01:35:27.000Z","volume":60000,"label":" ","price":0.175},{"type":"B","date":"2018-03-29T01:35:31.000Z","volume":100000,"label":" ","price":0.175},{"type":"A","date":"2018-03-29T01:35:31.000Z","volume":100000,"label":" ","price":0.175},{"type":"A","date":"2018-03-29T01:35:32.000Z","volume":100000,"label":" ","price":0.175},{"type":"A","date":"2018-03-29T01:35:32.000Z","volume":100000,"label":" ","price":0.175},{"type":"A","date":"2018-03-29T01:35:32.000Z","volume":100000,"label":" ","price":0.175},{"type":"B","date":"2018-03-29T01:35:36.000Z","volume":100000,"label":" ","price":0.175},{"type":"B","date":"2018-03-29T01:35:36.000Z","volume":100000,"label":" ","price":0.175},{"type":"B","date":"2018-03-29T01:35:36.000Z","volume":100000,"label":" ","price":0.175},{"type":"B","date":"2018-03-29T01:35:36.000Z","volume":100000,"label":" ","price":0.175},{"type":"B","date":"2018-03-29T01:35:36.000Z","volume":100000,"label":" ","price":0.175},{"type":"B","date":"2018-03-29T01:36:04.000Z","volume":100000,"label":" ","price":0.175},{"type":"B","date":"2018-03-29T01:36:04.000Z","volume":100000,"label":" ","price":0.175},{"type":"B","date":"2018-03-29T01:36:04.000Z","volume":100000,"label":" ","price":0.175},{"type":"B","date":"2018-03-29T01:36:05.000Z","volume":100000,"label":" ","price":0.175},{"type":"B","date":"2018-03-29T01:36:05.000Z","volume":100000,"label":" ","price":0.175},{"type":"B","date":"2018-03-29T01:36:10.000Z","volume":30000,"label":" ","price":0.175},{"type":"B","date":"2018-03-29T01:36:20.000Z","volume":6000,"label":" ","price":0.175},{"type":"B","date":"2018-03-29T01:36:35.000Z","volume":42000,"label":" ","price":0.175},{"type":"B","date":"2018-03-29T01:36:43.000Z","volume":22000,"label":" ","price":0.175},{"type":"B","date":"2018-03-29T01:36:43.000Z","volume":24000,"label":" ","price":0.175},{"type":"B","date":"2018-03-29T01:36:44.000Z","volume":76000,"label":" ","price":0.175},{"type":"B","date":"2018-03-29T01:36:44.000Z","volume":100000,"label":" ","price":0.175},{"type":"A","date":"2018-03-29T01:36:44.000Z","volume":24000,"label":" ","price":0.175},{"type":"B","date":"2018-03-29T01:36:44.000Z","volume":76000,"label":" ","price":0.175},{"type":"B","date":"2018-03-29T01:36:44.000Z","volume":24000,"label":"Y","price":0.174},{"type":"B","date":"2018-03-29T01:36:49.000Z","volume":80000,"label":" ","price":0.175},{"type":"B","date":"2018-03-29T01:37:25.000Z","volume":20000,"label":" ","price":0.175},{"type":"B","date":"2018-03-29T01:37:48.000Z","volume":80000,"label":" ","price":0.175},{"type":"B","date":"2018-03-29T01:38:39.000Z","volume":20000,"label":" ","price":0.175},{"type":"A","date":"2018-03-29T01:38:39.000Z","volume":100000,"label":" ","price":0.175},{"type":"A","date":"2018-03-29T01:38:39.000Z","volume":80000,"label":" ","price":0.175},{"type":"B","date":"2018-03-29T01:39:47.000Z","volume":120000,"label":" ","price":0.175},{"type":"B","date":"2018-03-29T01:39:47.000Z","volume":48000,"label":" ","price":0.175},{"type":"B","date":"2018-03-29T01:40:18.000Z","volume":52000,"label":" ","price":0.175},{"type":"B","date":"2018-03-29T01:40:25.000Z","volume":20000,"label":" ","price":0.174},{"type":"A","date":"2018-03-29T01:40:51.000Z","volume":100000,"label":" ","price":0.175},{"type":"B","date":"2018-03-29T01:41:15.000Z","volume":50000,"label":" ","price":0.174},{"type":"B","date":"2018-03-29T01:41:16.000Z","volume":12000,"label":" ","price":0.174},{"type":"A","date":"2018-03-29T01:41:46.000Z","volume":100000,"label":" ","price":0.174},{"type":"A","date":"2018-03-29T01:43:00.000Z","volume":358000,"label":" ","price":0.174},{"type":"A","date":"2018-03-29T01:43:00.000Z","volume":208000,"label":" ","price":0.175},{"type":"B","date":"2018-03-29T01:43:12.000Z","volume":800000,"label":" ","price":0.175},{"type":"B","date":"2018-03-29T01:43:12.000Z","volume":76000,"label":" ","price":0.175},{"type":"B","date":"2018-03-29T01:44:10.000Z","volume":28000,"label":" ","price":0.175},{"type":"B","date":"2018-03-29T01:51:12.000Z","volume":20000,"label":" ","price":0.173},{"type":"B","date":"2018-03-29T01:51:21.000Z","volume":44000,"label":" ","price":0.173},{"type":"B","date":"2018-03-29T01:54:46.000Z","volume":60000,"label":" ","price":0.172},{"type":"B","date":"2018-03-29T01:55:06.000Z","volume":40000,"label":" ","price":0.172},{"type":"B","date":"2018-03-29T01:57:03.000Z","volume":50000,"label":" ","price":0.171},{"type":"A","date":"2018-03-29T01:57:03.000Z","volume":100000,"label":" ","price":0.172},{"type":"A","date":"2018-03-29T01:57:34.000Z","volume":10000,"label":" ","price":0.172},{"type":"B","date":"2018-03-29T01:59:17.000Z","volume":90000,"label":"Y","price":0.172},{"type":"B","date":"2018-03-29T01:59:17.000Z","volume":10000,"label":" ","price":0.172},{"type":"B","date":"2018-03-29T02:00:02.000Z","volume":30000,"label":"Y","price":0.172},{"type":"B","date":"2018-03-29T02:00:02.000Z","volume":30000,"label":" ","price":0.172},{"type":"B","date":"2018-03-29T02:00:06.000Z","volume":20000,"label":"Y","price":0.172},{"type":"B","date":"2018-03-29T02:00:59.000Z","volume":34000,"label":" ","price":0.171},{"type":"A","date":"2018-03-29T02:01:03.000Z","volume":20000,"label":" ","price":0.171},{"type":"B","date":"2018-03-29T02:01:51.000Z","volume":100000,"label":" ","price":0.17},{"type":"B","date":"2018-03-29T02:02:41.000Z","volume":574000,"label":" ","price":0.17},{"type":"A","date":"2018-03-29T02:04:35.000Z","volume":150000,"label":" ","price":0.17},{"type":"A","date":"2018-03-29T02:05:04.000Z","volume":276000,"label":" ","price":0.17},{"type":"B","date":"2018-03-29T02:06:06.000Z","volume":20000,"label":" ","price":0.17},{"type":"B","date":"2018-03-29T02:06:23.000Z","volume":104000,"label":" ","price":0.17},{"type":"A","date":"2018-03-29T02:06:46.000Z","volume":36000,"label":" ","price":0.17},{"type":"A","date":"2018-03-29T02:08:21.000Z","volume":42000,"label":" ","price":0.171},{"type":"A","date":"2018-03-29T02:10:44.000Z","volume":4000,"label":"Y","price":0.171},{"type":"A","date":"2018-03-29T02:10:44.000Z","volume":96000,"label":" ","price":0.171},{"type":"A","date":"2018-03-29T02:12:26.000Z","volume":2000,"label":" ","price":0.171},{"type":"B","date":"2018-03-29T02:17:09.000Z","volume":148000,"label":" ","price":0.17},{"type":"A","date":"2018-03-29T02:17:23.000Z","volume":102000,"label":" ","price":0.171},{"type":"A","date":"2018-03-29T02:17:59.000Z","volume":150000,"label":" ","price":0.173},{"type":"A","date":"2018-03-29T02:18:38.000Z","volume":6000,"label":" ","price":0.173},{"type":"A","date":"2018-03-29T02:18:38.000Z","volume":294000,"label":" ","price":0.174},{"type":"A","date":"2018-03-29T02:31:18.000Z","volume":100000,"label":" ","price":0.174},{"type":"A","date":"2018-03-29T02:32:53.000Z","volume":300000,"label":" ","price":0.174},{"type":"A","date":"2018-03-29T02:34:06.000Z","volume":86000,"label":" ","price":0.174},{"type":"B","date":"2018-03-29T02:35:29.000Z","volume":100000,"label":" ","price":0.173},{"type":"B","date":"2018-03-29T02:36:12.000Z","volume":128000,"label":" ","price":0.171},{"type":"A","date":"2018-03-29T02:36:27.000Z","volume":372000,"label":" ","price":0.171},{"type":"B","date":"2018-03-29T02:41:23.000Z","volume":200000,"label":" ","price":0.171},{"type":"B","date":"2018-03-29T02:49:21.000Z","volume":110000,"label":" ","price":0.172},{"type":"A","date":"2018-03-29T02:50:31.000Z","volume":30000,"label":" ","price":0.172},{"type":"A","date":"2018-03-29T02:53:34.000Z","volume":100000,"label":" ","price":0.173},{"type":"A","date":"2018-03-29T02:58:00.000Z","volume":100000,"label":" ","price":0.173},{"type":"B","date":"2018-03-29T03:00:50.000Z","volume":36000,"label":" ","price":0.172},{"type":"B","date":"2018-03-29T03:01:18.000Z","volume":4000,"label":" ","price":0.172},{"type":"A","date":"2018-03-29T03:11:18.000Z","volume":50000,"label":" ","price":0.172},{"type":"A","date":"2018-03-29T03:12:48.000Z","volume":50000,"label":" ","price":0.172},{"type":"A","date":"2018-03-29T03:15:39.000Z","volume":50000,"label":" ","price":0.172},{"type":"B","date":"2018-03-29T03:19:21.000Z","volume":54000,"label":" ","price":0.171},{"type":"B","date":"2018-03-29T03:20:20.000Z","volume":258000,"label":" ","price":0.171},{"type":"A","date":"2018-03-29T03:25:49.000Z","volume":190000,"label":" ","price":0.172},{"type":"B","date":"2018-03-29T03:25:56.000Z","volume":70000,"label":" ","price":0.172},{"type":"B","date":"2018-03-29T03:30:48.000Z","volume":10000,"label":" ","price":0.172},{"type":"A","date":"2018-03-29T03:32:11.000Z","volume":60000,"label":" ","price":0.173},{"type":"B","date":"2018-03-29T03:32:44.000Z","volume":20000,"label":" ","price":0.172},{"type":"B","date":"2018-03-29T03:33:00.000Z","volume":100000,"label":" ","price":0.172},{"type":"B","date":"2018-03-29T03:39:42.000Z","volume":70000,"label":" ","price":0.172},{"type":"A","date":"2018-03-29T03:40:29.000Z","volume":30000,"label":" ","price":0.172},{"type":"B","date":"2018-03-29T03:43:36.000Z","volume":100000,"label":" ","price":0.172},{"type":"B","date":"2018-03-29T03:53:05.000Z","volume":154000,"label":" ","price":0.172},{"type":"A","date":"2018-03-29T03:53:38.000Z","volume":100000,"label":" ","price":0.173},{"type":"A","date":"2018-03-29T03:54:13.000Z","volume":212000,"label":" ","price":0.173},{"type":"B","date":"2018-03-29T05:00:22.000Z","volume":10000,"label":" ","price":0.173},{"type":"A","date":"2018-03-29T05:04:35.000Z","volume":24000,"label":" ","price":0.174},{"type":"A","date":"2018-03-29T05:04:44.000Z","volume":700000,"label":" ","price":0.174},{"type":"A","date":"2018-03-29T05:07:34.000Z","volume":30000,"label":"Y","price":0.174},{"type":"A","date":"2018-03-29T05:07:34.000Z","volume":370000,"label":" ","price":0.174},{"type":"A","date":"2018-03-29T05:07:34.000Z","volume":18000,"label":" ","price":0.174},{"type":"B","date":"2018-03-29T05:08:32.000Z","volume":12000,"label":" ","price":0.173},{"type":"B","date":"2018-03-29T05:11:08.000Z","volume":1516000,"label":" ","price":0.173},{"type":"A","date":"2018-03-29T05:11:24.000Z","volume":84000,"label":" ","price":0.173},{"type":"A","date":"2018-03-29T05:11:24.000Z","volume":20000,"label":"Y","price":0.174},{"type":"A","date":"2018-03-29T05:11:24.000Z","volume":2000,"label":" ","price":0.175},{"type":"B","date":"2018-03-29T05:12:38.000Z","volume":1146000,"label":" ","price":0.172},{"type":"A","date":"2018-03-29T05:12:38.000Z","volume":60000,"label":" ","price":0.172},{"type":"B","date":"2018-03-29T05:12:48.000Z","volume":20000,"label":" ","price":0.173},{"type":"B","date":"2018-03-29T05:12:48.000Z","volume":18000,"label":" ","price":0.173},{"type":"B","date":"2018-03-29T05:12:48.000Z","volume":44000,"label":" ","price":0.173},{"type":"B","date":"2018-03-29T05:12:50.000Z","volume":38000,"label":" ","price":0.173},{"type":"A","date":"2018-03-29T05:16:22.000Z","volume":100000,"label":" ","price":0.172},{"type":"A","date":"2018-03-29T05:17:18.000Z","volume":100000,"label":" ","price":0.172},{"type":"B","date":"2018-03-29T05:18:36.000Z","volume":100000,"label":" ","price":0.172},{"type":"A","date":"2018-03-29T05:19:51.000Z","volume":60000,"label":" ","price":0.172},{"type":"A","date":"2018-03-29T05:23:01.000Z","volume":140000,"label":"Y","price":0.172},{"type":"B","date":"2018-03-29T05:23:07.000Z","volume":360000,"label":"Y","price":0.172},{"type":"A","date":"2018-03-29T05:24:25.000Z","volume":120000,"label":" ","price":0.172},{"type":"A","date":"2018-03-29T05:33:55.000Z","volume":100000,"label":" ","price":0.173},{"type":"B","date":"2018-03-29T05:33:58.000Z","volume":70000,"label":" ","price":0.173},{"type":"A","date":"2018-03-29T05:34:36.000Z","volume":12000,"label":" ","price":0.173},{"type":"B","date":"2018-03-29T05:34:54.000Z","volume":170000,"label":" ","price":0.173},{"type":"B","date":"2018-03-29T05:38:15.000Z","volume":100000,"label":" ","price":0.173},{"type":"B","date":"2018-03-29T05:39:01.000Z","volume":100000,"label":" ","price":0.173},{"type":"B","date":"2018-03-29T05:40:44.000Z","volume":100000,"label":" ","price":0.173},{"type":"B","date":"2018-03-29T05:42:08.000Z","volume":100000,"label":" ","price":0.173},{"type":"B","date":"2018-03-29T05:42:15.000Z","volume":100000,"label":" ","price":0.173},{"type":"B","date":"2018-03-29T05:42:33.000Z","volume":8000,"label":" ","price":0.173},{"type":"A","date":"2018-03-29T05:43:22.000Z","volume":16000,"label":" ","price":0.173},{"type":"B","date":"2018-03-29T05:58:16.000Z","volume":50000,"label":" ","price":0.173},{"type":"B","date":"2018-03-29T06:00:10.000Z","volume":30000,"label":" ","price":0.173},{"type":"B","date":"2018-03-29T06:03:26.000Z","volume":200000,"label":" ","price":0.173},{"type":"B","date":"2018-03-29T06:03:54.000Z","volume":100000,"label":" ","price":0.173},{"type":"B","date":"2018-03-29T06:04:02.000Z","volume":8000,"label":"Y","price":0.173},{"type":"B","date":"2018-03-29T06:04:02.000Z","volume":152000,"label":" ","price":0.173},{"type":"B","date":"2018-03-29T06:04:15.000Z","volume":62000,"label":" ","price":0.173},{"type":"A","date":"2018-03-29T06:11:49.000Z","volume":30000,"label":" ","price":0.173},{"type":"A","date":"2018-03-29T06:12:48.000Z","volume":8000,"label":" ","price":0.173},{"type":"B","date":"2018-03-29T06:17:14.000Z","volume":258000,"label":" ","price":0.173},{"type":"B","date":"2018-03-29T06:17:14.000Z","volume":242000,"label":" ","price":0.172},{"type":"B","date":"2018-03-29T06:45:58.000Z","volume":150000,"label":" ","price":0.173},{"type":"B","date":"2018-03-29T06:46:07.000Z","volume":250000,"label":" ","price":0.172},{"type":"B","date":"2018-03-29T06:50:30.000Z","volume":332000,"label":" ","price":0.172},{"type":"A","date":"2018-03-29T06:51:00.000Z","volume":10000,"label":" ","price":0.172},{"type":"A","date":"2018-03-29T06:54:31.000Z","volume":20000,"label":" ","price":0.172},{"type":"A","date":"2018-03-29T07:13:05.000Z","volume":200000,"label":" ","price":0.172},{"type":"A","date":"2018-03-29T07:15:29.000Z","volume":50000,"label":" ","price":0.172},{"type":"B","date":"2018-03-29T07:25:24.000Z","volume":246000,"label":"Y","price":0.171},{"type":"B","date":"2018-03-29T07:25:24.000Z","volume":168000,"label":" ","price":0.171},{"type":"B","date":"2018-03-29T07:25:39.000Z","volume":500000,"label":" ","price":0.171},{"type":"B","date":"2018-03-29T07:25:46.000Z","volume":100000,"label":" ","price":0.171},{"type":"B","date":"2018-03-29T07:26:16.000Z","volume":42000,"label":" ","price":0.171},{"type":"A","date":"2018-03-29T07:26:44.000Z","volume":320000,"label":" ","price":0.172},{"type":"B","date":"2018-03-29T07:31:37.000Z","volume":200000,"label":" ","price":0.171},{"type":"B","date":"2018-03-29T07:32:08.000Z","volume":110000,"label":" ","price":0.171},{"type":"B","date":"2018-03-29T07:32:10.000Z","volume":298000,"label":" ","price":0.171},{"type":"B","date":"2018-03-29T07:39:46.000Z","volume":100000,"label":"Y","price":0.171},{"type":"B","date":"2018-03-29T07:39:46.000Z","volume":500000,"label":" ","price":0.171},{"type":"A","date":"2018-03-29T07:40:13.000Z","volume":100000,"label":" ","price":0.172},{"type":"A","date":"2018-03-29T07:47:56.000Z","volume":76000,"label":" ","price":0.172},{"type":"B","date":"2018-03-29T07:50:09.000Z","volume":110000,"label":" ","price":0.171},{"type":"A","date":"2018-03-29T07:50:46.000Z","volume":90000,"label":" ","price":0.171},{"type":"B","date":"2018-03-29T07:50:53.000Z","volume":10000,"label":" ","price":0.171},{"type":"B","date":"2018-03-29T07:53:14.000Z","volume":800000,"label":" ","price":0.17},{"type":"A","date":"2018-03-29T07:54:28.000Z","volume":44000,"label":" ","price":0.171},{"type":"B","date":"2018-03-29T07:56:50.000Z","volume":100000,"label":" ","price":0.17},{"type":"A","date":"2018-03-29T07:58:02.000Z","volume":50000,"label":" ","price":0.171},{"type":"B","date":"2018-03-29T07:58:08.000Z","volume":100000,"label":" ","price":0.17},{"type":"A","date":"2018-03-29T07:58:42.000Z","volume":10000,"label":" ","price":0.171},{"type":"B","date":"2018-03-29T07:58:54.000Z","volume":100000,"label":" ","price":0.17},{"type":"B","date":"2018-03-29T07:59:21.000Z","volume":86000,"label":" ","price":0.17}]