[{"type":"A","date":"2018-03-26T01:39:10.000Z","volume":20000,"label":" ","price":0.077},{"type":"A","date":"2018-03-26T01:45:34.000Z","volume":180000,"label":" ","price":0.077},{"type":"B","date":"2018-03-26T01:52:32.000Z","volume":20000,"label":" ","price":0.076},{"type":"U","date":"2018-03-26T01:54:42.000Z","volume":5000,"label":"D","price":0.07},{"type":"B","date":"2018-03-26T02:14:51.000Z","volume":170000,"label":" ","price":0.077},{"type":"A","date":"2018-03-26T02:23:40.000Z","volume":70000,"label":"Y","price":0.079},{"type":"A","date":"2018-03-26T02:23:40.000Z","volume":60000,"label":" ","price":0.079},{"type":"A","date":"2018-03-26T02:23:40.000Z","volume":290000,"label":" ","price":0.08},{"type":"A","date":"2018-03-26T02:23:40.000Z","volume":50000,"label":" ","price":0.085},{"type":"A","date":"2018-03-26T02:23:40.000Z","volume":10000,"label":" ","price":0.085},{"type":"B","date":"2018-03-26T02:23:40.000Z","volume":20000,"label":" ","price":0.085},{"type":"A","date":"2018-03-26T02:53:59.000Z","volume":10000,"label":" ","price":0.082},{"type":"A","date":"2018-03-26T03:08:08.000Z","volume":130000,"label":" ","price":0.082},{"type":"B","date":"2018-03-26T03:08:08.000Z","volume":100000,"label":" ","price":0.082},{"type":"B","date":"2018-03-26T03:08:35.000Z","volume":70000,"label":" ","price":0.082},{"type":"A","date":"2018-03-26T03:08:50.000Z","volume":70000,"label":" ","price":0.082},{"type":"B","date":"2018-03-26T03:10:06.000Z","volume":50000,"label":" ","price":0.082},{"type":"B","date":"2018-03-26T03:10:06.000Z","volume":80000,"label":" ","price":0.082},{"type":"U","date":"2018-03-26T03:40:21.000Z","volume":5000,"label":"D","price":0.076},{"type":"B","date":"2018-03-26T03:41:21.000Z","volume":10000,"label":" ","price":0.08},{"type":"B","date":"2018-03-26T03:43:43.000Z","volume":50000,"label":" ","price":0.08},{"type":"A","date":"2018-03-26T05:09:25.000Z","volume":50000,"label":" ","price":0.081},{"type":"B","date":"2018-03-26T06:20:18.000Z","volume":190000,"label":" ","price":0.08},{"type":"B","date":"2018-03-26T07:02:02.000Z","volume":20000,"label":" ","price":0.08},{"type":"U","date":"2018-03-26T07:02:44.000Z","volume":5000,"label":"D","price":0.07},{"type":"B","date":"2018-03-26T07:13:29.000Z","volume":20000,"label":" ","price":0.08},{"type":"B","date":"2018-03-26T07:14:31.000Z","volume":40000,"label":" ","price":0.08}]